<?xml version="1.0" encoding="UTF-8"?>
<!DOCTYPE html PUBLIC "-//W3C//DTD XHTML 1.0 Transitional//EN"
    "http://www.w3.org/TR/xhtml1/DTD/xhtml1-transitional.dtd">
<html xmlns="http://www.w3.org/1999/xhtml" xml:lang="en" lang="en">
 <head>
  <title>
</title>
<meta http-equiv="Content-Type" content="text/html;charset=utf-8" />
  <meta name='ocr-system' content='tesseract 3.04.00' />
  <meta name='ocr-capabilities' content='ocr_page ocr_carea ocr_par ocr_line ocrx_word'/>
</head>
<body>
  <div class='ocr_page' id='page_1' title='image "./corpusscriptorum08niebuoft/corpusscriptorum08niebuoft_0502.png"; bbox 0 0 1884 3132; ppageno 0'>
   <div class='ocr_carea' id='block_1_1' title="bbox 325 124 1511 198">
    <p class='ocr_par' dir='ltr' id='par_1_1' title="bbox 325 124 1511 198">
     <span class='ocr_line' id='line_1_1' title="bbox 325 124 1511 198; baseline 0.005 -15"><span class='ocrx_word' id='word_1_1' title='bbox 325 124 439 198; x_wconf 74' lang='grc'><strong>494</strong></span> <span class='ocrx_word' id='word_1_2' title='bbox 637 141 708 183; x_wconf 87' lang='lat'><strong>10.</strong></span> <span class='ocrx_word' id='word_1_3' title='bbox 753 142 856 184; x_wconf 77' lang='lat' dir='ltr'><strong>1AC.</strong></span> <span class='ocrx_word' id='word_1_4' title='bbox 897 143 1092 185; x_wconf 73' lang='lat' dir='ltr'><strong>Rfflsxu</strong></span> <span class='ocrx_word' id='word_1_5' title='bbox 1133 144 1511 189; x_wconf 78' lang='lat' dir='ltr'><strong>COMMENTARn</strong></span> 
     </span>
    </p>
   </div>
   <div class='ocr_carea' id='block_1_2' title="bbox 319 243 1771 2777">
    <p class='ocr_par' dir='ltr' id='par_1_2' title="bbox 323 243 1771 1009">
     <span class='ocr_line' id='line_1_2' title="bbox 327 243 1771 304; baseline 0.008 -20"><span class='ocrx_word' id='word_1_6' title='bbox 327 243 596 300; x_wconf 80' lang='grc' dir='ltr'><em>φιλόχριστος</em></span> <span class='ocrx_word' id='word_1_7' title='bbox 616 276 628 298; x_wconf 85' lang='grc'><em>,</em></span> <span class='ocrx_word' id='word_1_8' title='bbox 662 247 730 286; x_wconf 86' lang='lat' dir='ltr'><strong>sed</strong></span> <span class='ocrx_word' id='word_1_9' title='bbox 777 249 895 287; x_wconf 85' lang='lat' dir='ltr'><strong>etiam</strong></span> <span class='ocrx_word' id='word_1_10' title='bbox 936 251 1100 303; x_wconf 86' lang='lat' dir='ltr'><strong>privatis</strong></span> <span class='ocrx_word' id='word_1_11' title='bbox 1144 249 1410 304; x_wconf 82' lang='lat' dir='ltr'>singularibus</span> <span class='ocrx_word' id='word_1_12' title='bbox 1463 252 1691 294; x_wconf 91' lang='lat' dir='ltr'><strong>hominibus</strong></span> <span class='ocrx_word' id='word_1_13' title='bbox 1731 263 1771 295; x_wconf 90' lang='lat' dir='ltr'><strong>et</strong></span> 
     </span>
     <span class='ocr_line' id='line_1_3' title="bbox 328 300 1770 362; baseline 0.008 -24"><span class='ocrx_word' id='word_1_14' title='bbox 328 300 497 339; x_wconf 87' lang='lat' dir='ltr'>urbibus</span> <span class='ocrx_word' id='word_1_15' title='bbox 533 308 572 340; x_wconf 89' lang='lat' dir='ltr'><strong>et</strong></span> <span class='ocrx_word' id='word_1_16' title='bbox 599 303 782 355; x_wconf 85' lang='lat' dir='ltr'><strong>gentibus</strong></span> <span class='ocrx_word' id='word_1_17' title='bbox 825 304 1091 344; x_wconf 82' lang='lat' dir='ltr'>tribuebatur.</span> <span class='ocrx_word' id='word_1_18' title='bbox 1155 306 1202 344; x_wconf 91' lang='lat' dir='ltr'><strong>In</strong></span> <span class='ocrx_word' id='word_1_19' title='bbox 1243 305 1356 344; x_wconf 88' lang='lat' dir='ltr'><strong>Actis</strong></span> <span class='ocrx_word' id='word_1_20' title='bbox 1382 306 1549 346; x_wconf 80' lang='lat' dir='ltr'><strong>concilii</strong></span> <span class='ocrx_word' id='word_1_21' title='bbox 1577 309 1770 362; x_wconf 87' lang='lat' dir='ltr'><strong>Ephesini</strong></span> 
     </span>
     <span class='ocr_line' id='line_1_4' title="bbox 328 356 1771 417; baseline 0.007 -23"><span class='ocrx_word' id='word_1_22' title='bbox 328 364 468 395; x_wconf 85' lang='lat' dir='ltr'><strong>contra</strong></span> <span class='ocrx_word' id='word_1_23' title='bbox 511 357 707 410; x_wconf 80' lang='lat' dir='ltr'><strong>Cyrillum</strong></span> <span class='ocrx_word' id='word_1_24' title='bbox 750 366 808 397; x_wconf 87' lang='lat' dir='ltr'><strong>est</strong></span> <span class='ocrx_word' id='word_1_25' title='bbox 853 356 874 398; x_wconf 88' lang='grc' dir='ltr'>ὁ</span> <span class='ocrx_word' id='word_1_26' title='bbox 918 357 1352 412; x_wconf 78' lang='grc' dir='ltr'><em>μεγαλοπρεπέστατος</em></span> <span class='ocrx_word' id='word_1_27' title='bbox 1386 361 1460 400; x_wconf 82' lang='grc' dir='ltr'><em>καί</em></span> <span class='ocrx_word' id='word_1_28' title='bbox 1505 359 1771 417; x_wconf 80' lang='grc' dir='ltr'><em>φιλόχριστος</em></span> 
     </span>
     <span class='ocr_line' id='line_1_5' title="bbox 326 410 1769 471; baseline 0.006 -22"><span class='ocrx_word' id='word_1_29' title='bbox 326 410 670 462; x_wconf 78' lang='grc' dir='ltr'><em>κουβικουλάριος</em></span> <span class='ocrx_word' id='word_1_30' title='bbox 689 412 995 464; x_wconf 78' lang='grc' dir='ltr'><em>Σχολαστίκιος.</em></span> <span class='ocrx_word' id='word_1_31' title='bbox 1052 416 1100 453; x_wconf 91' lang='lat' dir='ltr'><strong>In</strong></span> <span class='ocrx_word' id='word_1_32' title='bbox 1129 414 1215 454; x_wconf 93' lang='lat' dir='ltr'><strong>loco</strong></span> <span class='ocrx_word' id='word_1_33' title='bbox 1235 415 1405 455; x_wconf 81' lang='lat' dir='ltr'><strong>concilii</strong></span> <span class='ocrx_word' id='word_1_34' title='bbox 1433 417 1508 456; x_wconf 88' lang='lat' dir='ltr'><strong>VI.</strong></span> <span class='ocrx_word' id='word_1_35' title='bbox 1526 447 1537 468; x_wconf 86' lang='lat'>‚</span> <span class='ocrx_word' id='word_1_36' title='bbox 1563 432 1684 471; x_wconf 89' lang='lat' dir='ltr'><strong>quem</strong></span> <span class='ocrx_word' id='word_1_37' title='bbox 1702 419 1769 458; x_wconf 90' lang='lat' dir='ltr'><strong>Du</strong></span> 
     </span>
     <span class='ocr_line' id='line_1_6' title="bbox 327 461 1770 525; baseline 0.005 -20"><span class='ocrx_word' id='word_1_38' title='bbox 327 467 463 520; x_wconf 83' lang='lat' dir='ltr'>Gange</span> <span class='ocrx_word' id='word_1_39' title='bbox 489 481 530 506; x_wconf 86' lang='lat' dir='ltr'><strong>v.</strong></span> <span class='ocrx_word' id='word_1_40' title='bbox 554 461 751 519; x_wconf 79' lang='grc' dir='ltr'><em>Ἕξαρχοι</em></span> <span class='ocrx_word' id='word_1_41' title='bbox 779 471 874 508; x_wconf 84' lang='lat' dir='ltr'><strong>citat</strong></span> <span class='ocrx_word' id='word_1_42' title='bbox 891 500 902 519; x_wconf 82' lang='lat'>‚</span> <span class='ocrx_word' id='word_1_43' title='bbox 935 471 1046 510; x_wconf 84' lang='lat' dir='ltr'><strong>audit</strong></span> <span class='ocrx_word' id='word_1_44' title='bbox 1073 469 1187 509; x_wconf 85' lang='lat' dir='ltr'><strong>Italia</strong></span> <span class='ocrx_word' id='word_1_45' title='bbox 1215 468 1485 523; x_wconf 79' lang='grc' dir='ltr'><em>φιλόχριστος</em></span> <span class='ocrx_word' id='word_1_46' title='bbox 1509 470 1645 525; x_wconf 82' lang='grc' dir='ltr'><strong>χώρα.</strong></span> <span class='ocrx_word' id='word_1_47' title='bbox 1673 473 1770 512; x_wconf 89' lang='lat' dir='ltr'><strong>Pal-</strong></span> 
     </span>
     <span class='ocr_line' id='line_1_7' title="bbox 325 521 1770 579; baseline 0.006 -19"><span class='ocrx_word' id='word_1_48' title='bbox 325 521 441 561; x_wconf 85' lang='lat' dir='ltr'><strong>ladae</strong></span> <span class='ocrx_word' id='word_1_49' title='bbox 469 523 512 560; x_wconf 92' lang='lat' dir='ltr'><strong>in</strong></span> <span class='ocrx_word' id='word_1_50' title='bbox 541 521 785 576; x_wconf 85' lang='lat' dir='ltr'><strong>Anthologia</strong></span> <span class='ocrx_word' id='word_1_51' title='bbox 814 539 853 577; x_wconf 90' lang='lat' dir='ltr'><strong>p.</strong></span> <span class='ocrx_word' id='word_1_52' title='bbox 881 526 973 579; x_wconf 80' lang='lat'><strong>557.</strong></span> <span class='ocrx_word' id='word_1_53' title='bbox 1001 527 1111 564; x_wconf 86' lang='lat' dir='ltr'><strong>audit</strong></span> <span class='ocrx_word' id='word_1_54' title='bbox 1138 525 1256 564; x_wconf 90' lang='lat' dir='ltr'><strong>CPlis</strong></span> <span class='ocrx_word' id='word_1_55' title='bbox 1285 523 1310 577; x_wconf 81' lang='grc' dir='ltr'><em>ἦ</em></span> <span class='ocrx_word' id='word_1_56' title='bbox 1341 524 1610 579; x_wconf 81' lang='grc' dir='ltr'><em>φιλόχριστος</em></span> <span class='ocrx_word' id='word_1_57' title='bbox 1637 526 1770 574; x_wconf 85' lang='grc' dir='ltr'><strong><em>πόλις.</em></strong></span> 
     </span>
     <span class='ocr_line' id='line_1_8' title="bbox 325 576 1770 636; baseline 0.004 -20"><span class='ocrx_word' id='word_1_58' title='bbox 325 577 449 616; x_wconf 81' lang='lat' dir='ltr'><strong>Recte</strong></span> <span class='ocrx_word' id='word_1_59' title='bbox 479 578 585 616; x_wconf 90' lang='lat' dir='ltr'><strong>enim</strong></span> <span class='ocrx_word' id='word_1_60' title='bbox 613 578 668 617; x_wconf 87' lang='lat' dir='ltr'><strong>ibi</strong></span> <span class='ocrx_word' id='word_1_61' title='bbox 699 579 750 629; x_wconf 74' lang='grc' dir='ltr'><strong>τῆ</strong></span> <span class='ocrx_word' id='word_1_62' title='bbox 779 581 1031 636; x_wconf 69' lang='grc' dir='ltr'><em>φιλοχρίστῳ</em></span> <span class='ocrx_word' id='word_1_63' title='bbox 1061 576 1178 620; x_wconf 81' lang='grc' dir='ltr'><em>πόλει</em></span> <span class='ocrx_word' id='word_1_64' title='bbox 1211 580 1369 619; x_wconf 78' lang='lat' dir='ltr'><strong>exhlbet</strong></span> <span class='ocrx_word' id='word_1_65' title='bbox 1396 581 1518 620; x_wconf 86' lang='lat' dir='ltr'>codex</span> <span class='ocrx_word' id='word_1_66' title='bbox 1548 581 1770 622; x_wconf 88' lang='lat' dir='ltr'><strong>Reimaria-</strong></span> 
     </span>
     <span class='ocr_line' id='line_1_9' title="bbox 327 619 1769 691; baseline 0.003 -20"><span class='ocrx_word' id='word_1_67' title='bbox 327 647 405 671; x_wconf 87' lang='lat' dir='ltr'><strong>nus</strong></span> <span class='ocrx_word' id='word_1_68' title='bbox 432 647 505 686; x_wconf 91' lang='lat' dir='ltr'><strong>pro</strong></span> <span class='ocrx_word' id='word_1_69' title='bbox 548 619 813 688; x_wconf 66' lang='grc' dir='ltr'><em>φιλοχρῆστῳ</em></span> <span class='ocrx_word' id='word_1_70' title='bbox 831 664 842 684; x_wconf 84' lang='grc'>,</span> <span class='ocrx_word' id='word_1_71' title='bbox 887 637 996 688; x_wconf 90' lang='lat' dir='ltr'><strong>quod</strong></span> <span class='ocrx_word' id='word_1_72' title='bbox 1025 636 1250 690; x_wconf 80' lang='lat' dir='ltr'>Stephanus</span> <span class='ocrx_word' id='word_1_73' title='bbox 1279 635 1389 674; x_wconf 86' lang='lat' dir='ltr'>dedit</span> <span class='ocrx_word' id='word_1_74' title='bbox 1410 666 1420 685; x_wconf 87' lang='lat'>,</span> <span class='ocrx_word' id='word_1_75' title='bbox 1453 636 1676 691; x_wconf 77' lang='lat' dir='ltr'><strong>probatque</strong></span> <span class='ocrx_word' id='word_1_76' title='bbox 1702 637 1769 677; x_wconf 86' lang='lat' dir='ltr'><strong>hic</strong></span> 
     </span>
     <span class='ocr_line' id='line_1_10' title="bbox 328 687 1771 744; baseline 0.004 -19"><span class='ocrx_word' id='word_1_77' title='bbox 328 687 682 739; x_wconf 83' lang='lat' dir='ltr'><strong>locus,Palladam</strong></span> <span class='ocrx_word' id='word_1_78' title='bbox 725 696 763 727; x_wconf 81' lang='lat' dir='ltr'><strong>et</strong></span> <span class='ocrx_word' id='word_1_79' title='bbox 790 689 888 728; x_wconf 88' lang='lat' dir='ltr'><strong>CPli</strong></span> <span class='ocrx_word' id='word_1_80' title='bbox 927 693 1089 740; x_wconf 80' lang='lat' dir='ltr'><strong>vixisse,</strong></span> <span class='ocrx_word' id='word_1_81' title='bbox 1121 699 1160 730; x_wconf 88' lang='lat' dir='ltr'><strong>et</strong></span> <span class='ocrx_word' id='word_1_82' title='bbox 1187 698 1276 744; x_wconf 88' lang='lat' dir='ltr'><strong>post</strong></span> <span class='ocrx_word' id='word_1_83' title='bbox 1303 691 1609 731; x_wconf 79' lang='lat' dir='ltr'><strong>Constantinum</strong></span> <span class='ocrx_word' id='word_1_84' title='bbox 1639 694 1698 731; x_wconf 91' lang='lat' dir='ltr'><strong>M.</strong></span> <span class='ocrx_word' id='word_1_85' title='bbox 1729 701 1771 732; x_wconf 85' lang='lat' dir='ltr'><strong>et</strong></span> 
     </span>
     <span class='ocr_line' id='line_1_11' title="bbox 329 741 1767 800; baseline 0.003 -19"><span class='ocrx_word' id='word_1_86' title='bbox 329 743 602 782; x_wconf 86' lang='lat' dir='ltr'><strong>Christianum</strong></span> <span class='ocrx_word' id='word_1_87' title='bbox 629 744 762 782; x_wconf 86' lang='lat' dir='ltr'><strong>fuisse.</strong></span> <span class='ocrx_word' id='word_1_88' title='bbox 809 744 828 767; x_wconf 88' lang='lat'><em>*</em></span> <span class='ocrx_word' id='word_1_89' title='bbox 847 744 912 798; x_wconf 89' lang='grc' dir='ltr'><strong>[Ὁ</strong></span> <span class='ocrx_word' id='word_1_90' title='bbox 940 744 1210 799; x_wconf 76' lang='grc' dir='ltr'><em>φιλόχριστος</em></span> <span class='ocrx_word' id='word_1_91' title='bbox 1251 741 1352 791; x_wconf 83' lang='grc' dir='ltr'><strong>λαός</strong></span> <span class='ocrx_word' id='word_1_92' title='bbox 1379 745 1452 799; x_wconf 81' lang='grc' dir='ltr'><strong>τῆς</strong></span> <span class='ocrx_word' id='word_1_93' title='bbox 1479 745 1767 800; x_wconf 73' lang='grc' dir='ltr'><em>θεοφυλάκτου</em></span> 
     </span>
     <span class='ocr_line' id='line_1_12' title="bbox 328 794 1766 854; baseline 0.004 -18"><span class='ocrx_word' id='word_1_94' title='bbox 328 795 480 851; x_wconf 75' lang='grc' dir='ltr'><em>ταύτης</em></span> <span class='ocrx_word' id='word_1_95' title='bbox 511 794 669 845; x_wconf 86' lang='grc' dir='ltr'><em>πόλεως</em></span> <span class='ocrx_word' id='word_1_96' title='bbox 693 806 752 838; x_wconf 90' lang='lat' dir='ltr'><strong>est</strong></span> <span class='ocrx_word' id='word_1_97' title='bbox 777 801 881 853; x_wconf 86' lang='lat' dir='ltr'><strong>apud</strong></span> <span class='ocrx_word' id='word_1_98' title='bbox 903 802 1140 854; x_wconf 83' lang='lat' dir='ltr'><strong>Theophan.</strong></span> <span class='ocrx_word' id='word_1_99' title='bbox 1171 814 1213 854; x_wconf 86' lang='lat' dir='ltr'><strong>p.</strong></span> <span class='ocrx_word' id='word_1_100' title='bbox 1239 800 1357 854; x_wconf 68' lang='lat'><strong>522]</strong></span> <span class='ocrx_word' id='word_1_101' title='bbox 1377 800 1398 824; x_wconf 88' lang='lat'><strong>*</strong></span> <span class='ocrx_word' id='word_1_102' title='bbox 1428 802 1478 840; x_wconf 90' lang='lat' dir='ltr'><strong>de</strong></span> <span class='ocrx_word' id='word_1_103' title='bbox 1497 803 1634 842; x_wconf 86' lang='lat' dir='ltr'><strong>eadem</strong></span> <span class='ocrx_word' id='word_1_104' title='bbox 1654 802 1766 842; x_wconf 92' lang='lat' dir='ltr'><strong>CPli.</strong></span> 
     </span>
     <span class='ocr_line' id='line_1_13' title="bbox 333 849 1770 906; baseline 0.003 -14"><span class='ocrx_word' id='word_1_105' title='bbox 333 849 384 892; x_wconf 83' lang='grc' dir='ltr'><strong>Οἱ</strong></span> <span class='ocrx_word' id='word_1_106' title='bbox 414 849 679 906; x_wconf 73' lang='grc' dir='ltr'><em>φιλόχριστοι</em></span> <span class='ocrx_word' id='word_1_107' title='bbox 709 860 942 906; x_wconf 79' lang='grc' dir='ltr'><em>προσγενεῖς</em></span> <span class='ocrx_word' id='word_1_108' title='bbox 980 856 1111 896; x_wconf 79' lang='grc' dir='ltr'><em>αὐτοῦ</em></span> <span class='ocrx_word' id='word_1_109' title='bbox 1140 864 1197 895; x_wconf 86' lang='lat' dir='ltr'><strong>est</strong></span> <span class='ocrx_word' id='word_1_110' title='bbox 1226 858 1267 895; x_wconf 90' lang='lat' dir='ltr'><strong>in</strong></span> <span class='ocrx_word' id='word_1_111' title='bbox 1296 858 1382 894; x_wconf 86' lang='lat' dir='ltr'><strong>iure</strong></span> <span class='ocrx_word' id='word_1_112' title='bbox 1411 857 1770 897; x_wconf 87' lang='lat' dir='ltr'><strong>Graeco-Romano</strong></span> 
     </span>
     <span class='ocr_line' id='line_1_14' title="bbox 323 907 1767 973; baseline 0.004 -27"><span class='ocrx_word' id='word_1_113' title='bbox 323 922 368 961; x_wconf 83' lang='lat' dir='ltr'><strong>p.</strong></span> <span class='ocrx_word' id='word_1_114' title='bbox 400 907 496 973; x_wconf 51' lang='lat'><strong>242&#39;.</strong></span> <span class='ocrx_word' id='word_1_115' title='bbox 554 908 677 962; x_wconf 90' lang='lat' dir='ltr'>Apud</span> <span class='ocrx_word' id='word_1_116' title='bbox 703 909 888 950; x_wconf 83' lang='lat' dir='ltr'><strong>Nostrum</strong></span> <span class='ocrx_word' id='word_1_117' title='bbox 909 911 1013 950; x_wconf 86' lang='lat' dir='ltr'><strong>infra</strong></span> <span class='ocrx_word' id='word_1_118' title='bbox 1031 927 1072 966; x_wconf 91' lang='lat' dir='ltr'><strong>p.</strong></span> <span class='ocrx_word' id='word_1_119' title='bbox 1106 912 1199 966; x_wconf 79' lang='lat'><strong>576.</strong></span> <span class='ocrx_word' id='word_1_120' title='bbox 1222 911 1270 950; x_wconf 88' lang='grc' dir='ltr'><strong>Β.</strong></span> <span class='ocrx_word' id='word_1_121' title='bbox 1291 925 1331 966; x_wconf 88' lang='grc'><strong>9.</strong></span> <span class='ocrx_word' id='word_1_122' title='bbox 1360 918 1417 950; x_wconf 88' lang='lat' dir='ltr'><strong>est</strong></span> <span class='ocrx_word' id='word_1_123' title='bbox 1451 907 1471 950; x_wconf 82' lang='grc' dir='ltr'><em>ὃ</em></span> <span class='ocrx_word' id='word_1_124' title='bbox 1501 909 1767 966; x_wconf 82' lang='grc' dir='ltr'><em>φιλόχριστος</em></span> 
     </span>
     <span class='ocr_line' id='line_1_15' title="bbox 328 976 519 1009; baseline -0.005 -7"><span class='ocrx_word' id='word_1_125' title='bbox 328 977 381 1002; x_wconf 86' lang='grc' dir='ltr'><strong>στ</strong></span> <span class='ocrx_word' id='word_1_126' title='bbox 411 976 519 1009; x_wconf 87' lang='grc' dir='ltr'><strong>ατος.</strong></span> 
     </span>
    </p>

    <p class='ocr_par' dir='ltr' id='par_1_3' title="bbox 322 977 1769 1346">
     <span class='ocr_line' id='line_1_16' title="bbox 383 977 1768 1075; baseline 0.003 -19"><span class='ocrx_word' id='word_1_127' title='bbox 383 977 505 1059; x_wconf 51' lang='lat'><strong>&lt;1265.</strong></span> <span class='ocrx_word' id='word_1_128' title='bbox 524 1018 620 1070; x_wconf 88' lang='grc' dir='ltr'><strong>Α.4.</strong></span> <span class='ocrx_word' id='word_1_129' title='bbox 643 1018 854 1074; x_wconf 84' lang='grc'><strong>[458,16.]</strong></span> <span class='ocrx_word' id='word_1_130' title='bbox 868 1021 948 1060; x_wconf 79' lang='grc' dir='ltr'><strong>τῶν</strong></span> <span class='ocrx_word' id='word_1_131' title='bbox 959 1019 1117 1073; x_wconf 75' lang='grc' dir='ltr'><em>ἄγελῶν</em></span> <span class='ocrx_word' id='word_1_132' title='bbox 1128 1017 1342 1075; x_wconf 74' lang='grc' dir='ltr'><em>λογοθέτῃ.</em></span> <span class='ocrx_word' id='word_1_133' title='bbox 1364 1020 1583 1060; x_wconf 84' lang='lat' dir='ltr'>Rationalis</span> <span class='ocrx_word' id='word_1_134' title='bbox 1603 1033 1768 1074; x_wconf 84' lang='lat' dir='ltr'><strong>gregum</strong></span> 
     </span>
     <span class='ocr_line' id='line_1_17' title="bbox 327 1073 1767 1129; baseline 0.003 -18"><span class='ocrx_word' id='word_1_135' title='bbox 327 1073 507 1112; x_wconf 79' lang='lat' dir='ltr'><strong>Caesaris</strong></span> <span class='ocrx_word' id='word_1_136' title='bbox 533 1077 692 1127; x_wconf 83' lang='lat' dir='ltr'><strong>proprie</strong></span> <span class='ocrx_word' id='word_1_137' title='bbox 710 1084 945 1129; x_wconf 84' lang='lat' dir='ltr'><strong>procurator</strong></span> <span class='ocrx_word' id='word_1_138' title='bbox 974 1077 1147 1116; x_wconf 79' lang='lat' dir='ltr'><strong>saltuum</strong></span> <span class='ocrx_word' id='word_1_139' title='bbox 1175 1076 1471 1129; x_wconf 79' lang='lat' dir='ltr'><strong>appellabatur,</strong></span> <span class='ocrx_word' id='word_1_140' title='bbox 1513 1077 1568 1114; x_wconf 90' lang='lat' dir='ltr'><strong>ait</strong></span> <span class='ocrx_word' id='word_1_141' title='bbox 1596 1076 1767 1116; x_wconf 85' lang='lat' dir='ltr'><strong>Guther.</strong></span> 
     </span>
     <span class='ocr_line' id='line_1_18' title="bbox 322 1128 1767 1186; baseline 0.003 -20"><span class='ocrx_word' id='word_1_142' title='bbox 322 1143 367 1182; x_wconf 84' lang='lat' dir='ltr'><strong>p.</strong></span> <span class='ocrx_word' id='word_1_143' title='bbox 391 1128 483 1181; x_wconf 85' lang='lat'><strong>691.</strong></span> <span class='ocrx_word' id='word_1_144' title='bbox 510 1136 550 1167; x_wconf 90' lang='lat' dir='ltr'><strong>et</strong></span> <span class='ocrx_word' id='word_1_145' title='bbox 576 1129 667 1182; x_wconf 70' lang='lat'><strong>692.</strong></span> <span class='ocrx_word' id='word_1_146' title='bbox 696 1132 886 1185; x_wconf 80' lang='lat' dir='ltr'><strong>Magister</strong></span> <span class='ocrx_word' id='word_1_147' title='bbox 914 1134 1091 1186; x_wconf 85' lang='lat' dir='ltr'><strong>pecoris,</strong></span> <span class='ocrx_word' id='word_1_148' title='bbox 1121 1134 1200 1179; x_wconf 87' lang='lat' dir='ltr'><strong>ait,</strong></span> <span class='ocrx_word' id='word_1_149' title='bbox 1231 1132 1299 1184; x_wconf 91' lang='lat' dir='ltr'><strong>qui</strong></span> <span class='ocrx_word' id='word_1_150' title='bbox 1332 1138 1371 1170; x_wconf 84' lang='lat' dir='ltr'><strong>et</strong></span> <span class='ocrx_word' id='word_1_151' title='bbox 1397 1130 1622 1170; x_wconf 86' lang='lat' dir='ltr'><strong>saltuarius.</strong></span> <span class='ocrx_word' id='word_1_152' title='bbox 1642 1132 1767 1171; x_wconf 87' lang='lat' dir='ltr'><strong>Goar.</strong></span> 
     </span>
     <span class='ocr_line' id='line_1_19' title="bbox 327 1183 1768 1241; baseline 0.003 -20"><span class='ocrx_word' id='word_1_153' title='bbox 327 1183 379 1222; x_wconf 88' lang='lat' dir='ltr'><strong>ad</strong></span> <span class='ocrx_word' id='word_1_154' title='bbox 410 1184 553 1223; x_wconf 86' lang='lat' dir='ltr'><strong>Codin.</strong></span> <span class='ocrx_word' id='word_1_155' title='bbox 588 1200 630 1238; x_wconf 92' lang='lat' dir='ltr'><strong>p.</strong></span> <span class='ocrx_word' id='word_1_156' title='bbox 662 1187 727 1224; x_wconf 78' lang='lat'><strong>51.</strong></span> <span class='ocrx_word' id='word_1_157' title='bbox 759 1201 803 1225; x_wconf 90' lang='lat' dir='ltr'><strong>n.</strong></span> <span class='ocrx_word' id='word_1_158' title='bbox 832 1194 900 1241; x_wconf 80' lang='grc'><strong>49.</strong></span> <span class='ocrx_word' id='word_1_159' title='bbox 933 1189 1003 1238; x_wconf 87' lang='lat' dir='ltr'><strong>ait,</strong></span> <span class='ocrx_word' id='word_1_160' title='bbox 1034 1202 1125 1226; x_wconf 92' lang='lat' dir='ltr'><strong>eum</strong></span> <span class='ocrx_word' id='word_1_161' title='bbox 1154 1201 1238 1226; x_wconf 89' lang='lat' dir='ltr'><strong>esse</strong></span> <span class='ocrx_word' id='word_1_162' title='bbox 1291 1186 1510 1225; x_wconf 88' lang='lat' dir='ltr'><strong>seeundum</strong></span> <span class='ocrx_word' id='word_1_163' title='bbox 1536 1186 1768 1226; x_wconf 89' lang='lat' dir='ltr'><strong>Theodore-</strong></span> 
     </span>
     <span class='ocr_line' id='line_1_20' title="bbox 327 1235 1769 1294; baseline 0.003 -17"><span class='ocrx_word' id='word_1_164' title='bbox 327 1246 416 1277; x_wconf 86' lang='lat' dir='ltr'><strong>tum</strong></span> <span class='ocrx_word' id='word_1_165' title='bbox 458 1235 531 1278; x_wconf 85' lang='grc' dir='ltr'><strong>τὸν</strong></span> <span class='ocrx_word' id='word_1_166' title='bbox 565 1240 646 1279; x_wconf 76' lang='grc' dir='ltr'><strong>τῶν</strong></span> <span class='ocrx_word' id='word_1_167' title='bbox 674 1239 793 1280; x_wconf 62' lang='grc' dir='ltr'><em>ἰὸῗων</em></span> <span class='ocrx_word' id='word_1_168' title='bbox 838 1240 912 1281; x_wconf 80' lang='grc' dir='ltr'><strong>τοῦ</strong></span> <span class='ocrx_word' id='word_1_169' title='bbox 955 1241 1159 1293; x_wconf 82' lang='grc' dir='ltr'><em>βασιλέως</em></span> <span class='ocrx_word' id='word_1_170' title='bbox 1185 1254 1402 1293; x_wconf 82' lang='grc' dir='ltr'><em>κτηματων</em></span> <span class='ocrx_word' id='word_1_171' title='bbox 1444 1240 1516 1280; x_wconf 78' lang='grc' dir='ltr'>καί</span> <span class='ocrx_word' id='word_1_172' title='bbox 1537 1237 1769 1294; x_wconf 83' lang='grc' dir='ltr'><em>χρημάτων</em></span> 
     </span>
     <span class='ocr_line' id='line_1_21' title="bbox 326 1291 1462 1346; baseline 0.002 -14"><span class='ocrx_word' id='word_1_173' title='bbox 326 1291 552 1346; x_wconf 78' lang='grc' dir='ltr'><em>ἡγεμονίαν</em></span> <span class='ocrx_word' id='word_1_174' title='bbox 579 1295 919 1346; x_wconf 83' lang='grc' dir='ltr'><em>πεπιστευμένον.</em></span> <span class='ocrx_word' id='word_1_175' title='bbox 978 1297 1099 1336; x_wconf 87' lang='lat' dir='ltr'><strong>Nimis</strong></span> <span class='ocrx_word' id='word_1_176' title='bbox 1127 1297 1205 1336; x_wconf 87' lang='lat' dir='ltr'><strong>late</strong></span> <span class='ocrx_word' id='word_1_177' title='bbox 1223 1327 1233 1344; x_wconf 81' lang='lat'>‚</span> <span class='ocrx_word' id='word_1_178' title='bbox 1265 1297 1306 1334; x_wconf 87' lang='lat' dir='ltr'><strong>ni</strong></span> <span class='ocrx_word' id='word_1_179' title='bbox 1330 1294 1462 1334; x_wconf 87' lang='lat' dir='ltr'><strong>fallor.</strong></span> 
     </span>
    </p>

    <p class='ocr_par' dir='ltr' id='par_1_4' title="bbox 320 1345 1770 1901">
     <span class='ocr_line' id='line_1_22' title="bbox 438 1345 1767 1406; baseline 0.002 -18"><span class='ocrx_word' id='word_1_180' title='bbox 438 1348 491 1388; x_wconf 95' lang='lat' dir='ltr'><strong>A.</strong></span> <span class='ocrx_word' id='word_1_181' title='bbox 514 1347 553 1389; x_wconf 86' lang='lat'><strong>5.</strong></span> <span class='ocrx_word' id='word_1_182' title='bbox 588 1348 705 1404; x_wconf 82' lang='grc'><strong>[458,</strong></span> <span class='ocrx_word' id='word_1_183' title='bbox 731 1350 813 1406; x_wconf 84' lang='lat'><strong>17.]</strong></span> <span class='ocrx_word' id='word_1_184' title='bbox 843 1347 1022 1391; x_wconf 76' lang='grc' dir='ltr'><strong>ἔκθεσιν.</strong></span> <span class='ocrx_word' id='word_1_185' title='bbox 1070 1345 1258 1397; x_wconf 74' lang='grc' dir='ltr'><em>’Έκθεσις</em></span> <span class='ocrx_word' id='word_1_186' title='bbox 1292 1357 1351 1390; x_wconf 89' lang='lat' dir='ltr'><strong>est</strong></span> <span class='ocrx_word' id='word_1_187' title='bbox 1378 1350 1549 1390; x_wconf 82' lang='lat' dir='ltr'><strong>formula</strong></span> <span class='ocrx_word' id='word_1_188' title='bbox 1585 1349 1767 1391; x_wconf 76' lang='grc' dir='ltr'><em>ἐκτεθεῖ-</em></span> 
     </span>
     <span class='ocr_line' id='line_1_23' title="bbox 326 1404 1767 1460; baseline 0.002 -18"><span class='ocrx_word' id='word_1_189' title='bbox 326 1416 400 1452; x_wconf 86' lang='grc' dir='ltr'><strong>σα,</strong></span> <span class='ocrx_word' id='word_1_190' title='bbox 429 1404 588 1457; x_wconf 91' lang='lat' dir='ltr'><strong>publice</strong></span> <span class='ocrx_word' id='word_1_191' title='bbox 625 1408 843 1459; x_wconf 78' lang='lat' dir='ltr'><strong>proposita,</strong></span> <span class='ocrx_word' id='word_1_192' title='bbox 872 1406 954 1446; x_wconf 80' lang='grc' dir='ltr'><strong>τῶν</strong></span> <span class='ocrx_word' id='word_1_193' title='bbox 981 1406 1246 1455; x_wconf 74' lang='grc' dir='ltr'><em>ἐκτεθέντων,</em></span> <span class='ocrx_word' id='word_1_194' title='bbox 1274 1405 1434 1459; x_wconf 89' lang='lat' dir='ltr'><strong>publice</strong></span> <span class='ocrx_word' id='word_1_195' title='bbox 1476 1407 1767 1460; x_wconf 87' lang='lat' dir='ltr'><strong>expositorum,</strong></span> 
     </span>
     <span class='ocr_line' id='line_1_24' title="bbox 328 1460 1764 1516; baseline 0.002 -19"><span class='ocrx_word' id='word_1_196' title='bbox 328 1461 474 1512; x_wconf 85' lang='lat' dir='ltr'><strong>cuique</strong></span> <span class='ocrx_word' id='word_1_197' title='bbox 503 1462 791 1513; x_wconf 85' lang='lat' dir='ltr'><strong>imputatorum</strong></span> <span class='ocrx_word' id='word_1_198' title='bbox 810 1491 820 1510; x_wconf 85' lang='lat'>‚</span> <span class='ocrx_word' id='word_1_199' title='bbox 849 1463 1125 1515; x_wconf 81' lang='lat' dir='ltr'><strong>impositorum</strong></span> <span class='ocrx_word' id='word_1_200' title='bbox 1154 1476 1335 1500; x_wconf 86' lang='lat' dir='ltr'><strong>onerum.</strong></span> <span class='ocrx_word' id='word_1_201' title='bbox 1367 1461 1464 1500; x_wconf 89' lang='lat' dir='ltr'><strong>Vid.</strong></span> <span class='ocrx_word' id='word_1_202' title='bbox 1494 1462 1621 1500; x_wconf 88' lang='lat' dir='ltr'><strong>L.11.</strong></span> <span class='ocrx_word' id='word_1_203' title='bbox 1642 1476 1678 1500; x_wconf 87' lang='lat' dir='ltr'><strong>c.</strong></span> <span class='ocrx_word' id='word_1_204' title='bbox 1697 1460 1764 1516; x_wconf 93' lang='grc'><strong>49.</strong></span> 
     </span>
     <span class='ocr_line' id='line_1_25' title="bbox 325 1512 1761 1571; baseline 0.001 -18"><span class='ocrx_word' id='word_1_205' title='bbox 325 1514 544 1568; x_wconf 84' lang='lat' dir='ltr'><strong>inscriptio.</strong></span> <span class='ocrx_word' id='word_1_206' title='bbox 574 1516 648 1554; x_wconf 91' lang='lat' dir='ltr'><strong>Est</strong></span> <span class='ocrx_word' id='word_1_207' title='bbox 676 1530 769 1571; x_wconf 83' lang='lat' dir='ltr'><strong>ergo</strong></span> <span class='ocrx_word' id='word_1_208' title='bbox 798 1513 960 1563; x_wconf 75' lang='grc' dir='ltr'><em>ἔκθεσις</em></span> <span class='ocrx_word' id='word_1_209' title='bbox 1002 1518 1075 1569; x_wconf 74' lang='grc' dir='ltr'><strong>τῆς</strong></span> <span class='ocrx_word' id='word_1_210' title='bbox 1093 1517 1281 1569; x_wconf 74' lang='grc' dir='ltr'><em>Φρυγίας</em></span> <span class='ocrx_word' id='word_1_211' title='bbox 1308 1512 1381 1555; x_wconf 73' lang='grc' dir='ltr'><strong>καὶ</strong></span> <span class='ocrx_word' id='word_1_212' title='bbox 1405 1515 1548 1562; x_wconf 78' lang='grc' dir='ltr'><em>Ἀσίας</em></span> <span class='ocrx_word' id='word_1_213' title='bbox 1576 1516 1761 1565; x_wconf 84' lang='lat' dir='ltr'><strong>formula,</strong></span> 
     </span>
     <span class='ocr_line' id='line_1_26' title="bbox 329 1571 1770 1626; baseline 0.001 -17"><span class='ocrx_word' id='word_1_214' title='bbox 329 1585 410 1624; x_wconf 89' lang='lat' dir='ltr'><strong>qua</strong></span> <span class='ocrx_word' id='word_1_215' title='bbox 436 1571 745 1624; x_wconf 81' lang='lat' dir='ltr'><strong>praescribitur,</strong></span> <span class='ocrx_word' id='word_1_216' title='bbox 775 1580 874 1626; x_wconf 89' lang='lat' dir='ltr'><strong>quot</strong></span> <span class='ocrx_word' id='word_1_217' title='bbox 902 1586 1023 1626; x_wconf 88' lang='lat' dir='ltr'><strong>equos</strong></span> <span class='ocrx_word' id='word_1_218' title='bbox 1050 1572 1228 1611; x_wconf 82' lang='lat' dir='ltr'><strong>mulosve</strong></span> <span class='ocrx_word' id='word_1_219' title='bbox 1257 1571 1430 1626; x_wconf 81' lang='lat' dir='ltr'><strong>Phrygia</strong></span> <span class='ocrx_word' id='word_1_220' title='bbox 1458 1579 1497 1611; x_wconf 88' lang='lat' dir='ltr'><strong>et</strong></span> <span class='ocrx_word' id='word_1_221' title='bbox 1523 1571 1622 1610; x_wconf 87' lang='lat' dir='ltr'><strong>Asia</strong></span> <span class='ocrx_word' id='word_1_222' title='bbox 1652 1586 1770 1624; x_wconf 86' lang='lat' dir='ltr'><strong>prae-</strong></span> 
     </span>
     <span class='ocr_line' id='line_1_27' title="bbox 331 1621 1770 1682; baseline 0 -18"><span class='ocrx_word' id='word_1_223' title='bbox 331 1633 437 1665; x_wconf 86' lang='lat' dir='ltr'><strong>stare</strong></span> <span class='ocrx_word' id='word_1_224' title='bbox 465 1627 648 1666; x_wconf 91' lang='lat' dir='ltr'><strong>debeant.</strong></span> <span class='ocrx_word' id='word_1_225' title='bbox 722 1628 782 1666; x_wconf 89' lang='lat' dir='ltr'><strong>Ita</strong></span> <span class='ocrx_word' id='word_1_226' title='bbox 810 1627 928 1682; x_wconf 89' lang='lat' dir='ltr'><strong>paulo</strong></span> <span class='ocrx_word' id='word_1_227' title='bbox 972 1635 1061 1681; x_wconf 89' lang='lat' dir='ltr'><strong>post</strong></span> <span class='ocrx_word' id='word_1_228' title='bbox 1101 1635 1159 1666; x_wconf 89' lang='lat' dir='ltr'><strong>est</strong></span> <span class='ocrx_word' id='word_1_229' title='bbox 1188 1623 1351 1673; x_wconf 77' lang='grc' dir='ltr'><em>ἔκθεσις</em></span> <span class='ocrx_word' id='word_1_230' title='bbox 1380 1626 1457 1665; x_wconf 78' lang='grc' dir='ltr'><strong>τοῦ</strong></span> <span class='ocrx_word' id='word_1_231' title='bbox 1481 1621 1770 1679; x_wconf 77' lang='grc' dir='ltr'><em>μινσουριίτω-</em></span> 
     </span>
     <span class='ocr_line' id='line_1_28' title="bbox 331 1681 1767 1736; baseline 0 -17"><span class='ocrx_word' id='word_1_232' title='bbox 331 1694 404 1734; x_wconf 80' lang='grc' dir='ltr'><strong>ρος</strong></span> <span class='ocrx_word' id='word_1_233' title='bbox 431 1682 627 1733; x_wconf 84' lang='lat' dir='ltr'><strong>formula,</strong></span> <span class='ocrx_word' id='word_1_234' title='bbox 659 1690 758 1736; x_wconf 91' lang='lat' dir='ltr'><strong>quot</strong></span> <span class='ocrx_word' id='word_1_235' title='bbox 786 1691 824 1722; x_wconf 90' lang='lat' dir='ltr'><strong>et</strong></span> <span class='ocrx_word' id='word_1_236' title='bbox 851 1697 952 1736; x_wconf 86' lang='lat' dir='ltr'><strong>quae</strong></span> <span class='ocrx_word' id='word_1_237' title='bbox 981 1689 1232 1721; x_wconf 87' lang='lat' dir='ltr'><strong>mensurator</strong></span> <span class='ocrx_word' id='word_1_238' title='bbox 1261 1681 1309 1732; x_wconf 88' lang='lat' dir='ltr'><strong>(le</strong></span> <span class='ocrx_word' id='word_1_239' title='bbox 1335 1681 1497 1733; x_wconf 88' lang='lat' dir='ltr'><strong>fourier)</strong></span> <span class='ocrx_word' id='word_1_240' title='bbox 1528 1695 1663 1720; x_wconf 90' lang='lat' dir='ltr'><strong>secum</strong></span> <span class='ocrx_word' id='word_1_241' title='bbox 1690 1681 1767 1719; x_wconf 90' lang='lat' dir='ltr'><strong>du-</strong></span> 
     </span>
     <span class='ocr_line' id='line_1_29' title="bbox 321 1735 1768 1791; baseline -0.001 -17"><span class='ocrx_word' id='word_1_242' title='bbox 321 1750 422 1775; x_wconf 75' lang='lat' dir='ltr'><strong>cere</strong></span> <span class='ocrx_word' id='word_1_243' title='bbox 447 1736 618 1786; x_wconf 86' lang='lat' dir='ltr'><strong>debeat3</strong></span> <span class='ocrx_word' id='word_1_244' title='bbox 662 1737 906 1778; x_wconf 65' lang='grc' dir='ltr'><em>ε’κτιῖὶεσθαι</em></span> <span class='ocrx_word' id='word_1_245' title='bbox 947 1753 1067 1791; x_wconf 85' lang='lat' dir='ltr'><strong>supra</strong></span> <span class='ocrx_word' id='word_1_246' title='bbox 1094 1738 1232 1777; x_wconf 87' lang='lat' dir='ltr'><strong>aderat</strong></span> <span class='ocrx_word' id='word_1_247' title='bbox 1259 1751 1302 1789; x_wconf 84' lang='lat' dir='ltr'><strong>p.</strong></span> <span class='ocrx_word' id='word_1_248' title='bbox 1333 1735 1400 1776; x_wconf 83' lang='lat'><strong>58.</strong></span> <span class='ocrx_word' id='word_1_249' title='bbox 1444 1737 1485 1775; x_wconf 89' lang='lat' dir='ltr'><strong>in</strong></span> <span class='ocrx_word' id='word_1_250' title='bbox 1517 1735 1667 1774; x_wconf 87' lang='lat' dir='ltr'><strong>scholio</strong></span> <span class='ocrx_word' id='word_1_251' title='bbox 1694 1749 1768 1788; x_wconf 91' lang='lat' dir='ltr'><strong>pro</strong></span> 
     </span>
     <span class='ocr_line' id='line_1_30' title="bbox 331 1790 1768 1846; baseline -0.001 -16"><span class='ocrx_word' id='word_1_252' title='bbox 331 1793 559 1845; x_wconf 79' lang='lat' dir='ltr'><strong>imperare3</strong></span> <span class='ocrx_word' id='word_1_253' title='bbox 589 1790 752 1840; x_wconf 71' lang='grc' dir='ltr'><em>ἔκθεσις</em></span> <span class='ocrx_word' id='word_1_254' title='bbox 781 1793 886 1846; x_wconf 84' lang='lat' dir='ltr'><strong>apud</strong></span> <span class='ocrx_word' id='word_1_255' title='bbox 919 1794 1172 1832; x_wconf 83' lang='lat' dir='ltr'><strong>Constantin.</strong></span> <span class='ocrx_word' id='word_1_256' title='bbox 1204 1794 1244 1830; x_wconf 92' lang='lat' dir='ltr'><strong>in</strong></span> <span class='ocrx_word' id='word_1_257' title='bbox 1260 1793 1332 1831; x_wconf 90' lang='lat' dir='ltr'><strong>vit.</strong></span> <span class='ocrx_word' id='word_1_258' title='bbox 1354 1791 1487 1830; x_wconf 88' lang='lat' dir='ltr'><strong>Basilii</strong></span> <span class='ocrx_word' id='word_1_259' title='bbox 1513 1805 1588 1844; x_wconf 90' lang='lat' dir='ltr'><strong>pro</strong></span> <span class='ocrx_word' id='word_1_260' title='bbox 1617 1791 1768 1830; x_wconf 87' lang='lat' dir='ltr'><strong>formu-</strong></span> 
     </span>
     <span class='ocr_line' id='line_1_31' title="bbox 320 1846 1576 1901; baseline -0.002 -15"><span class='ocrx_word' id='word_1_261' title='bbox 320 1846 370 1886; x_wconf 51' lang='lat' dir='ltr'><strong>¹la</strong></span> <span class='ocrx_word' id='word_1_262' title='bbox 400 1849 601 1899; x_wconf 89' lang='lat' dir='ltr'><strong>occurrit,</strong></span> <span class='ocrx_word' id='word_1_263' title='bbox 631 1862 708 1901; x_wconf 87' lang='lat' dir='ltr'><strong>qua</strong></span> <span class='ocrx_word' id='word_1_264' title='bbox 728 1848 966 1888; x_wconf 84' lang='lat' dir='ltr'><strong>beneficium</strong></span> <span class='ocrx_word' id='word_1_265' title='bbox 1004 1849 1165 1901; x_wconf 85' lang='lat' dir='ltr'><strong>aliquod</strong></span> <span class='ocrx_word' id='word_1_266' title='bbox 1192 1847 1309 1886; x_wconf 88' lang='lat' dir='ltr'><strong>alicui</strong></span> <span class='ocrx_word' id='word_1_267' title='bbox 1340 1849 1576 1900; x_wconf 85' lang='lat' dir='ltr'><strong>assignatur.</strong></span> 
     </span>
    </p>

    <p class='ocr_par' dir='ltr' id='par_1_5' title="bbox 319 1896 1770 2777">
     <span class='ocr_line' id='line_1_32' title="bbox 414 1896 1770 1958; baseline -0.001 -18"><span class='ocrx_word' id='word_1_268' title='bbox 414 1903 510 1944; x_wconf 80' lang='lat'><strong>265.</strong></span> <span class='ocrx_word' id='word_1_269' title='bbox 534 1904 581 1942; x_wconf 89' lang='lat' dir='ltr'><strong>B.</strong></span> <span class='ocrx_word' id='word_1_270' title='bbox 610 1917 644 1942; x_wconf 87' lang='lat'><strong>1.</strong></span> <span class='ocrx_word' id='word_1_271' title='bbox 678 1902 792 1958; x_wconf 85' lang='grc'><strong>[4.59,</strong></span> <span class='ocrx_word' id='word_1_272' title='bbox 811 1903 871 1957; x_wconf 78' lang='grc'><strong>5.]</strong></span> <span class='ocrx_word' id='word_1_273' title='bbox 902 1900 986 1942; x_wconf 74' lang='grc' dir='ltr'><strong>διὰ.</strong></span> <span class='ocrx_word' id='word_1_274' title='bbox 1063 1905 1155 1942; x_wconf 90' lang='lat' dir='ltr'><strong>Usu</strong></span> <span class='ocrx_word' id='word_1_275' title='bbox 1182 1917 1309 1942; x_wconf 84' lang='lat' dir='ltr'><strong>novae</strong></span> <span class='ocrx_word' id='word_1_276' title='bbox 1338 1902 1526 1940; x_wconf 87' lang='lat' dir='ltr'><strong>Graeciae</strong></span> <span class='ocrx_word' id='word_1_277' title='bbox 1556 1896 1626 1940; x_wconf 73' lang='grc' dir='ltr'><strong>διὰ</strong></span> <span class='ocrx_word' id='word_1_278' title='bbox 1656 1907 1770 1940; x_wconf 87' lang='lat' dir='ltr'><strong>notat</strong></span> 
     </span>
     <span class='ocr_line' id='line_1_33' title="bbox 331 1956 1768 2012; baseline -0.001 -17"><span class='ocrx_word' id='word_1_279' title='bbox 331 1957 520 1996; x_wconf 86' lang='lat' dir='ltr'><strong>Latinum</strong></span> <span class='ocrx_word' id='word_1_280' title='bbox 549 1959 613 1997; x_wconf 84' lang='lat' dir='ltr'><strong>de.</strong></span> <span class='ocrx_word' id='word_1_281' title='bbox 673 1960 720 1997; x_wconf 92' lang='lat' dir='ltr'><strong>In</strong></span> <span class='ocrx_word' id='word_1_282' title='bbox 748 1961 923 2012; x_wconf 81' lang='lat' dir='ltr'><strong>capitum</strong></span> <span class='ocrx_word' id='word_1_283' title='bbox 953 1959 1275 2011; x_wconf 77' lang='lat' dir='ltr'><strong>inscriptionibus</strong></span> <span class='ocrx_word' id='word_1_284' title='bbox 1292 1957 1476 2010; x_wconf 85' lang='lat' dir='ltr'><strong>fi·equens</strong></span> <span class='ocrx_word' id='word_1_285' title='bbox 1505 1964 1576 1995; x_wconf 87' lang='lat' dir='ltr'><strong>est.</strong></span> <span class='ocrx_word' id='word_1_286' title='bbox 1637 1956 1698 1995; x_wconf 88' lang='lat' dir='ltr'><strong>Ita</strong></span> <span class='ocrx_word' id='word_1_287' title='bbox 1728 1956 1768 1994; x_wconf 93' lang='lat' dir='ltr'><strong>in</strong></span> 
     </span>
     <span class='ocr_line' id='line_1_34' title="bbox 331 2010 1770 2074; baseline -0.001 -24"><span class='ocrx_word' id='word_1_288' title='bbox 331 2011 467 2051; x_wconf 87' lang='lat' dir='ltr'><strong>libello</strong></span> <span class='ocrx_word' id='word_1_289' title='bbox 496 2024 601 2052; x_wconf 84' lang='lat' dir='ltr'><strong>novo</strong></span> <span class='ocrx_word' id='word_1_290' title='bbox 631 2014 783 2053; x_wconf 83' lang='lat' dir='ltr'><strong>Graeco</strong></span> <span class='ocrx_word' id='word_1_291' title='bbox 810 2016 960 2052; x_wconf 88' lang='lat' dir='ltr'><strong>Romae</strong></span> <span class='ocrx_word' id='word_1_292' title='bbox 987 2014 1094 2052; x_wconf 85' lang='lat' dir='ltr'><strong>edito</strong></span> <span class='ocrx_word' id='word_1_293' title='bbox 1142 2027 1247 2052; x_wconf 90' lang='lat' dir='ltr'><strong>anno</strong></span> <span class='ocrx_word' id='word_1_294' title='bbox 1281 2011 1397 2066; x_wconf 86' lang='grc'><strong>1659.</strong></span> <span class='ocrx_word' id='word_1_295' title='bbox 1427 2010 1770 2074; x_wconf 53' lang='grc' dir='ltr'><strong>ΝεοΡὴγῒίνΒΙιο-</strong></span> 
     </span>
     <span class='ocr_line' id='line_1_35' title="bbox 331 2063 1769 2127; baseline -0.001 -22"><span class='ocrx_word' id='word_1_296' title='bbox 331 2067 417 2106; x_wconf 89' lang='lat' dir='ltr'><strong>dini</strong></span> <span class='ocrx_word' id='word_1_297' title='bbox 465 2066 563 2119; x_wconf 72' lang='grc' dir='ltr'><em>περὶ</em></span> <span class='ocrx_word' id='word_1_298' title='bbox 589 2063 754 2120; x_wconf 78' lang='grc' dir='ltr'><em>ἡρώων,</em></span> <span class='ocrx_word' id='word_1_299' title='bbox 791 2067 1046 2121; x_wconf 75' lang='grc' dir='ltr'><em>στρατηγῶν,</em></span> <span class='ocrx_word' id='word_1_300' title='bbox 1078 2063 1331 2121; x_wconf 76' lang='grc' dir='ltr'><em>φιλοσόφων.</em></span> <span class='ocrx_word' id='word_1_301' title='bbox 1366 2065 1493 2118; x_wconf 78' lang='grc' dir='ltr'><em>ἁγίων</em></span> <span class='ocrx_word' id='word_1_302' title='bbox 1522 2066 1594 2105; x_wconf 81' lang='grc' dir='ltr'><em>καί</em></span> <span class='ocrx_word' id='word_1_303' title='bbox 1632 2066 1769 2127; x_wconf 73' lang='grc' dir='ltr'><em>αλλων</em></span> 
     </span>
     <span class='ocr_line' id='line_1_36' title="bbox 332 2117 1767 2175; baseline -0.001 -16"><span class='ocrx_word' id='word_1_304' title='bbox 332 2120 572 2172; x_wconf 73' lang='grc' dir='ltr'><em>ὀνομαστῶν</em></span> <span class='ocrx_word' id='word_1_305' title='bbox 610 2121 861 2174; x_wconf 75' lang='grc' dir='ltr'><em>ἀνθρώπων,</em></span> <span class='ocrx_word' id='word_1_306' title='bbox 892 2117 995 2161; x_wconf 81' lang='grc' dir='ltr'><em>ὅπου</em></span> <span class='ocrx_word' id='word_1_307' title='bbox 1026 2118 1222 2175; x_wconf 77' lang='grc' dir='ltr'><em>εὖγήκασι</em></span> <span class='ocrx_word' id='word_1_308' title='bbox 1252 2120 1332 2161; x_wconf 82' lang='grc' dir='ltr'><em>α’πὸ</em></span> <span class='ocrx_word' id='word_1_309' title='bbox 1361 2119 1406 2161; x_wconf 83' lang='grc' dir='ltr'><strong>τὸ</strong></span> <span class='ocrx_word' id='word_1_310' title='bbox 1446 2120 1543 2173; x_wconf 82' lang='grc' dir='ltr'><strong>νησί</strong></span> <span class='ocrx_word' id='word_1_311' title='bbox 1569 2119 1642 2171; x_wconf 80' lang='grc' dir='ltr'><strong>τῆς</strong></span> <span class='ocrx_word' id='word_1_312' title='bbox 1674 2119 1767 2157; x_wconf 84' lang='grc' dir='ltr'><strong>Κυ-</strong></span> 
     </span>
     <span class='ocr_line' id='line_1_37' title="bbox 331 2176 1766 2238; baseline -0.003 -23"><span class='ocrx_word' id='word_1_313' title='bbox 331 2190 457 2228; x_wconf 83' lang='grc' dir='ltr'><em>πρου,</em></span> <span class='ocrx_word' id='word_1_314' title='bbox 483 2177 533 2215; x_wconf 84' lang='lat' dir='ltr'><strong>de</strong></span> <span class='ocrx_word' id='word_1_315' title='bbox 554 2178 710 2231; x_wconf 78' lang='lat' dir='ltr'><strong>Cypriis</strong></span> <span class='ocrx_word' id='word_1_316' title='bbox 730 2179 864 2226; x_wconf 80' lang='lat' dir='ltr'><strong>claris,</strong></span> <span class='ocrx_word' id='word_1_317' title='bbox 895 2193 1020 2231; x_wconf 85' lang='lat' dir='ltr'><strong>paene</strong></span> <span class='ocrx_word' id='word_1_318' title='bbox 1045 2178 1229 2217; x_wconf 90' lang='lat' dir='ltr'><strong>omnibus</strong></span> <span class='ocrx_word' id='word_1_319' title='bbox 1258 2178 1451 2230; x_wconf 88' lang='lat' dir='ltr'><strong>capitibus</strong></span> <span class='ocrx_word' id='word_1_320' title='bbox 1479 2176 1766 2238; x_wconf 61' lang='lat' dir='ltr'><strong>praescriptum</strong></span> 
     </span>
     <span class='ocr_line' id='line_1_38' title="bbox 334 2228 1765 2286; baseline -0.003 -17"><span class='ocrx_word' id='word_1_321' title='bbox 334 2239 393 2270; x_wconf 88' lang='lat' dir='ltr'><strong>est</strong></span> <span class='ocrx_word' id='word_1_322' title='bbox 418 2231 495 2270; x_wconf 90' lang='lat' dir='ltr'><strong>hoc</strong></span> <span class='ocrx_word' id='word_1_323' title='bbox 525 2230 609 2270; x_wconf 79' lang='grc' dir='ltr'><strong>διά.</strong></span> <span class='ocrx_word' id='word_1_324' title='bbox 666 2233 728 2271; x_wconf 88' lang='lat' dir='ltr'><strong>Ita</strong></span> <span class='ocrx_word' id='word_1_325' title='bbox 754 2247 797 2286; x_wconf 90' lang='lat' dir='ltr'><strong>p.</strong></span> <span class='ocrx_word' id='word_1_326' title='bbox 826 2248 886 2272; x_wconf 86' lang='lat'><strong>12.</strong></span> <span class='ocrx_word' id='word_1_327' title='bbox 918 2248 1006 2286; x_wconf 92' lang='lat' dir='ltr'><strong>cap.</strong></span> <span class='ocrx_word' id='word_1_328' title='bbox 1033 2247 1066 2271; x_wconf 87' lang='grc'><strong>1.</strong></span> <span class='ocrx_word' id='word_1_329' title='bbox 1099 2233 1220 2272; x_wconf 83' lang='lat' dir='ltr'><strong>habet</strong></span> <span class='ocrx_word' id='word_1_330' title='bbox 1239 2232 1342 2271; x_wconf 87' lang='lat' dir='ltr'><strong>banc</strong></span> <span class='ocrx_word' id='word_1_331' title='bbox 1373 2231 1667 2284; x_wconf 87' lang='lat' dir='ltr'><strong>inscriptionem</strong></span> <span class='ocrx_word' id='word_1_332' title='bbox 1695 2228 1765 2266; x_wconf 72' lang='grc' dir='ltr'><strong>δια</strong></span> 
     </span>
     <span class='ocr_line' id='line_1_39' title="bbox 319 2282 1766 2340; baseline -0.003 -16"><span class='ocrx_word' id='word_1_333' title='bbox 319 2282 434 2332; x_wconf 72' lang='grc' dir='ltr'><strong>τούς</strong></span> <span class='ocrx_word' id='word_1_334' title='bbox 479 2284 740 2335; x_wconf 74' lang='grc' dir='ltr'><em>ὀνομαστούς</em></span> <span class='ocrx_word' id='word_1_335' title='bbox 776 2287 849 2326; x_wconf 84' lang='grc' dir='ltr'><em>καί</em></span> <span class='ocrx_word' id='word_1_336' title='bbox 882 2283 1146 2340; x_wconf 81' lang='grc' dir='ltr'><em>περιφήιιους</em></span> <span class='ocrx_word' id='word_1_337' title='bbox 1184 2282 1430 2340; x_wconf 78' lang='grc' dir='ltr'><em>α’νθρώπους</em></span> <span class='ocrx_word' id='word_1_338' title='bbox 1469 2283 1660 2328; x_wconf 55' lang='lat' dir='ltr'><strong>&amp;vineae</strong></span> <span class='ocrx_word' id='word_1_339' title='bbox 1691 2283 1766 2334; x_wconf 80' lang='grc' dir='ltr'><strong>τῆς</strong></span> 
     </span>
     <span class='ocr_line' id='line_1_40' title="bbox 330 2336 1767 2396; baseline -0.003 -18"><span class='ocrx_word' id='word_1_340' title='bbox 330 2340 478 2391; x_wconf 86' lang='grc' dir='ltr'><em>νησιοῦ</em></span> <span class='ocrx_word' id='word_1_341' title='bbox 510 2341 584 2392; x_wconf 82' lang='grc' dir='ltr'><strong>τῆς</strong></span> <span class='ocrx_word' id='word_1_342' title='bbox 613 2336 793 2395; x_wconf 77' lang='grc' dir='ltr'><em>Κύπρου</em></span> <span class='ocrx_word' id='word_1_343' title='bbox 822 2342 895 2382; x_wconf 73' lang='grc' dir='ltr'><strong>καὶ</strong></span> <span class='ocrx_word' id='word_1_344' title='bbox 920 2340 1018 2392; x_wconf 78' lang='grc' dir='ltr'><em>περὶ</em></span> <span class='ocrx_word' id='word_1_345' title='bbox 1057 2339 1217 2394; x_wconf 76' lang='grc' dir='ltr'><strong>ἡρώων.</strong></span> <span class='ocrx_word' id='word_1_346' title='bbox 1275 2343 1336 2380; x_wconf 86' lang='lat' dir='ltr'><strong>Ita</strong></span> <span class='ocrx_word' id='word_1_347' title='bbox 1362 2355 1521 2396; x_wconf 83' lang='lat' dir='ltr'><strong>quoque</strong></span> <span class='ocrx_word' id='word_1_348' title='bbox 1548 2337 1654 2391; x_wconf 89' lang='lat' dir='ltr'><strong>apud</strong></span> <span class='ocrx_word' id='word_1_349' title='bbox 1678 2339 1767 2375; x_wconf 89' lang='lat' dir='ltr'><strong>Ma-</strong></span> 
     </span>
     <span class='ocr_line' id='line_1_41' title="bbox 332 2392 1767 2450; baseline -0.001 -18"><span class='ocrx_word' id='word_1_350' title='bbox 332 2393 452 2432; x_wconf 88' lang='lat' dir='ltr'><strong>lalam</strong></span> <span class='ocrx_word' id='word_1_351' title='bbox 479 2396 530 2434; x_wconf 88' lang='lat' dir='ltr'><strong>T.</strong></span> <span class='ocrx_word' id='word_1_352' title='bbox 555 2397 610 2434; x_wconf 90' lang='lat'><strong>11.</strong></span> <span class='ocrx_word' id='word_1_353' title='bbox 630 2411 671 2449; x_wconf 88' lang='lat' dir='ltr'><strong>p.</strong></span> <span class='ocrx_word' id='word_1_354' title='bbox 707 2411 774 2450; x_wconf 85' lang='lat'><strong>72.</strong></span> <span class='ocrx_word' id='word_1_355' title='bbox 806 2396 848 2448; x_wconf 90' lang='grc'><strong>4.</strong></span> <span class='ocrx_word' id='word_1_356' title='bbox 922 2398 1000 2436; x_wconf 92' lang='lat' dir='ltr'><strong>Sed</strong></span> <span class='ocrx_word' id='word_1_357' title='bbox 1045 2412 1175 2450; x_wconf 89' lang='lat' dir='ltr'><strong>neque</strong></span> <span class='ocrx_word' id='word_1_358' title='bbox 1200 2399 1364 2436; x_wconf 85' lang='lat' dir='ltr'><strong>vetustis</strong></span> <span class='ocrx_word' id='word_1_359' title='bbox 1392 2396 1550 2435; x_wconf 87' lang='lat' dir='ltr'><strong>videtur</strong></span> <span class='ocrx_word' id='word_1_360' title='bbox 1576 2392 1642 2431; x_wconf 94' lang='lat' dir='ltr'><strong>ille</strong></span> <span class='ocrx_word' id='word_1_361' title='bbox 1672 2406 1767 2444; x_wconf 74' lang='lat' dir='ltr'><strong>par-</strong></span> 
     </span>
     <span class='ocr_line' id='line_1_42' title="bbox 334 2447 1766 2506; baseline -0.002 -19"><span class='ocrx_word' id='word_1_362' title='bbox 334 2449 480 2488; x_wconf 87' lang='lat' dir='ltr'><strong>ticulae</strong></span> <span class='ocrx_word' id='word_1_363' title='bbox 505 2450 624 2489; x_wconf 87' lang='lat' dir='ltr'><strong>huius</strong></span> <span class='ocrx_word' id='word_1_364' title='bbox 654 2451 772 2491; x_wconf 85' lang='lat' dir='ltr'><strong>fuisse</strong></span> <span class='ocrx_word' id='word_1_365' title='bbox 801 2467 895 2491; x_wconf 89' lang='lat' dir='ltr'><strong>usus</strong></span> <span class='ocrx_word' id='word_1_366' title='bbox 923 2454 1097 2506; x_wconf 81' lang='lat' dir='ltr'><strong>ignotus.</strong></span> <span class='ocrx_word' id='word_1_367' title='bbox 1130 2453 1244 2491; x_wconf 87' lang='lat' dir='ltr'><strong>Certe</strong></span> <span class='ocrx_word' id='word_1_368' title='bbox 1273 2451 1379 2505; x_wconf 85' lang='lat' dir='ltr'><strong>apud</strong></span> <span class='ocrx_word' id='word_1_369' title='bbox 1398 2451 1624 2501; x_wconf 19' lang='lat' dir='ltr'><strong>*Diogenem</strong></span> <span class='ocrx_word' id='word_1_370' title='bbox 1643 2447 1766 2485; x_wconf 75' lang='lat' dir='ltr'><strong>Lae&#39;r-</strong></span> 
     </span>
     <span class='ocr_line' id='line_1_43' title="bbox 332 2501 1765 2562; baseline 0.006 -22"><span class='ocrx_word' id='word_1_371' title='bbox 332 2505 435 2541; x_wconf 87' lang='lat' dir='ltr'><strong>tium</strong></span> <span class='ocrx_word' id='word_1_372' title='bbox 462 2519 504 2556; x_wconf 85' lang='lat' dir='ltr'><strong>p.</strong></span> <span class='ocrx_word' id='word_1_373' title='bbox 538 2504 630 2544; x_wconf 84' lang='lat'><strong>555.</strong></span> <span class='ocrx_word' id='word_1_374' title='bbox 681 2507 835 2558; x_wconf 85' lang='lat' dir='ltr'><strong>penult.</strong></span> <span class='ocrx_word' id='word_1_375' title='bbox 872 2507 947 2562; x_wconf 83' lang='lat' dir='ltr'><strong>legi</strong></span> <span class='ocrx_word' id='word_1_376' title='bbox 987 2507 1281 2558; x_wconf 73' lang='grc' dir='ltr'><em>διαπορεῖσθαι</em></span> <span class='ocrx_word' id='word_1_377' title='bbox 1322 2506 1397 2557; x_wconf 82' lang='grc' dir='ltr'><strong>τῆς</strong></span> <span class='ocrx_word' id='word_1_378' title='bbox 1436 2501 1662 2555; x_wconf 72' lang='grc' dir='ltr'><strong>διηγήσεως</strong></span> <span class='ocrx_word' id='word_1_379' title='bbox 1689 2515 1765 2554; x_wconf 78' lang='lat' dir='ltr'><strong>Pro</strong></span> 
     </span>
     <span class='ocr_line' id='line_1_44' title="bbox 337 2554 1766 2614; baseline 0.007 -20"><span class='ocrx_word' id='word_1_380' title='bbox 337 2554 588 2608; x_wconf 76' lang='grc' dir='ltr'><em>ἀπορεῖσθαι</em></span> <span class='ocrx_word' id='word_1_381' title='bbox 618 2558 687 2599; x_wconf 77' lang='grc' dir='ltr'><strong>διὰ</strong></span> <span class='ocrx_word' id='word_1_382' title='bbox 719 2562 772 2613; x_wconf 92' lang='lat' dir='ltr'><strong>(id</strong></span> <span class='ocrx_word' id='word_1_383' title='bbox 801 2569 860 2601; x_wconf 91' lang='lat' dir='ltr'><strong>est</strong></span> <span class='ocrx_word' id='word_1_384' title='bbox 905 2562 1003 2614; x_wconf 70' lang='grc' dir='ltr'><em>περὶ</em></span> <span class='ocrx_word' id='word_1_385' title='bbox 1029 2562 1094 2602; x_wconf 88' lang='lat' dir='ltr'><strong>vel</strong></span> <span class='ocrx_word' id='word_1_386' title='bbox 1122 2560 1240 2611; x_wconf 77' lang='grc' dir='ltr'><em>ὑπὲρ)</em></span> <span class='ocrx_word' id='word_1_387' title='bbox 1268 2560 1338 2611; x_wconf 80' lang='grc' dir='ltr'><strong>τῆς</strong></span> <span class='ocrx_word' id='word_1_388' title='bbox 1368 2555 1606 2610; x_wconf 70' lang='grc' dir='ltr'><strong>διηγήσεως·</strong></span> <span class='ocrx_word' id='word_1_389' title='bbox 1660 2557 1766 2595; x_wconf 68' lang='lat' dir='ltr'><strong>Data</strong></span> 
     </span>
     <span class='ocr_line' id='line_1_45' title="bbox 336 2611 1766 2668; baseline 0.001 -19"><span class='ocrx_word' id='word_1_390' title='bbox 336 2613 539 2651; x_wconf 88' lang='lat' dir='ltr'><strong>occasione</strong></span> <span class='ocrx_word' id='word_1_391' title='bbox 566 2615 759 2668; x_wconf 87' lang='lat' dir='ltr'><strong>insignem</strong></span> <span class='ocrx_word' id='word_1_392' title='bbox 796 2617 904 2655; x_wconf 89' lang='lat' dir='ltr'><strong>hunc</strong></span> <span class='ocrx_word' id='word_1_393' title='bbox 924 2617 1055 2655; x_wconf 89' lang='lat' dir='ltr'><strong>locum</strong></span> <span class='ocrx_word' id='word_1_394' title='bbox 1083 2616 1314 2656; x_wconf 87' lang='lat' dir='ltr'><strong>emendabo.</strong></span> <span class='ocrx_word' id='word_1_395' title='bbox 1371 2613 1435 2651; x_wconf 90' lang='lat' dir='ltr'><strong>Sic</strong></span> <span class='ocrx_word' id='word_1_396' title='bbox 1461 2626 1605 2664; x_wconf 90' lang='lat' dir='ltr'><strong>nempe</strong></span> <span class='ocrx_word' id='word_1_397' title='bbox 1632 2611 1766 2664; x_wconf 85' lang='lat' dir='ltr'><strong>legen-</strong></span> 
     </span>
     <span class='ocr_line' id='line_1_46' title="bbox 336 2662 1763 2720; baseline 0.002 -18"><span class='ocrx_word' id='word_1_398' title='bbox 336 2664 434 2704; x_wconf 90' lang='lat' dir='ltr'><strong>dum</strong></span> <span class='ocrx_word' id='word_1_399' title='bbox 463 2666 574 2706; x_wconf 91' lang='lat' dir='ltr'><strong>illum</strong></span> <span class='ocrx_word' id='word_1_400' title='bbox 603 2683 686 2708; x_wconf 88' lang='lat' dir='ltr'><strong>esse</strong></span> <span class='ocrx_word' id='word_1_401' title='bbox 714 2673 914 2710; x_wconf 85' lang='lat' dir='ltr'><strong>existimo:</strong></span> <span class='ocrx_word' id='word_1_402' title='bbox 946 2668 990 2710; x_wconf 75' lang='grc' dir='ltr'><strong>ἔν</strong></span> <span class='ocrx_word' id='word_1_403' title='bbox 1017 2685 1100 2710; x_wconf 92' lang='grc' dir='ltr'><em>τισι</em></span> <span class='ocrx_word' id='word_1_404' title='bbox 1127 2670 1203 2720; x_wconf 78' lang='grc' dir='ltr'><strong>μὲν</strong></span> <span class='ocrx_word' id='word_1_405' title='bbox 1231 2663 1306 2707; x_wconf 72' lang='grc' dir='ltr'><strong>οὖν</strong></span> <span class='ocrx_word' id='word_1_406' title='bbox 1335 2662 1674 2719; x_wconf 74' lang='grc' dir='ltr'><em>ἐρμηνευομένοις</em></span> <span class='ocrx_word' id='word_1_407' title='bbox 1689 2680 1763 2705; x_wconf 84' lang='grc' dir='ltr'><strong>κα-</strong></span> 
     </span>
     <span class='ocr_line' id='line_1_47' title="bbox 335 2715 1766 2777; baseline 0.001 -20"><span class='ocrx_word' id='word_1_408' title='bbox 335 2715 386 2758; x_wconf 83' lang='grc' dir='ltr'><strong>τὰ</strong></span> <span class='ocrx_word' id='word_1_409' title='bbox 435 2721 542 2768; x_wconf 79' lang='grc' dir='ltr'><em>λέξιν</em></span> <span class='ocrx_word' id='word_1_410' title='bbox 580 2721 660 2776; x_wconf 75' lang='grc' dir='ltr'><strong>σὴν</strong></span> <span class='ocrx_word' id='word_1_411' title='bbox 699 2724 816 2765; x_wconf 83' lang='grc' dir='ltr'><em>δοκεῖ</em></span> <span class='ocrx_word' id='word_1_412' title='bbox 835 2724 1013 2776; x_wconf 78' lang='grc' dir='ltr'><em>δύναμίν</em></span> <span class='ocrx_word' id='word_1_413' title='bbox 1039 2739 1132 2765; x_wconf 81' lang='grc' dir='ltr'><em>τινα</em></span> <span class='ocrx_word' id='word_1_414' title='bbox 1169 2721 1374 2777; x_wconf 81' lang='grc' dir='ltr'><em>περιέχειν</em></span> <span class='ocrx_word' id='word_1_415' title='bbox 1399 2744 1421 2751; x_wconf 95' lang='grc'><strong>-</strong></span> <span class='ocrx_word' id='word_1_416' title='bbox 1448 2716 1550 2775; x_wconf 83' lang='grc' dir='ltr'><em>ἅπερ</em></span> <span class='ocrx_word' id='word_1_417' title='bbox 1583 2719 1694 2761; x_wconf 76' lang='grc' dir='ltr'><em>ἐστίν</em></span> <span class='ocrx_word' id='word_1_418' title='bbox 1723 2718 1766 2760; x_wconf 79' lang='grc' dir='ltr'><strong>ἓν</strong></span> 
     </span>
    </p>
   </div>
  </div>
 </body>
</html>
