1884 3132
217 155 292 198 An
335 154 634 198 consum.
673 154 871 196 ponpa.
908 155 981 194 m:
1028 153 1213 195 cmm.
1243 154 1428 194 unm.
1472 134 1573 208 741

136 267 199 299 tra
223 267 382 300 tantum
401 260 652 298 Anastasiam
670 257 865 312 appellat,
894 259 1040 297 omisso
1066 259 1264 297 Martinae
1302 258 1488 308 nomine,
1505 258 1580 298 Ce-

134 314 283 354 drenus
311 330 351 368 p.
374 314 467 367 450.
483 315 528 352 C.
559 327 620 353 10.
678 313 881 368 lnteliigas
906 327 1065 367 quoque
1091 327 1137 352 ex
1156 313 1231 352 boc
1256 312 1367 363 loco,
1396 326 1477 366 quo
1511 328 1578 352 ae-

131 370 227 409 tatis
250 371 390 410 ordine
412 369 528 408 liberi
556 368 730 407 Heraclii
759 369 924 407 senioris
947 368 1201 421 Imperatoris
1227 382 1311 407 sese
1335 370 1575 420 exceperint.

137 425 422 464 Constantinus
447 424 554 462 enim
575 451 587 472 ,
614 425 684 476 qui
707 425 838 476 primo
865 423 953 462 loco
996 425 1251 472 nominatur,
1286 430 1345 461 est
1368 422 1577 467 Heraclius

133 479 291 531 iunior,
324 479 488 518 senioris
507 493 551 516 ex
578 477 757 516 Eudocia
778 478 905 527 filins,
946 477 1038 528 ille,
1069 491 1189 540 quem
1223 478 1407 540 privigna
1430 479 1472 516 M
1477 479 1574 518 ·u·ti-

135 547 190 573 na
222 533 344 588 paulo
381 540 469 587 post
501 533 622 586 patlis
649 547 848 572 excessum
888 547 1043 571 veneno
1073 534 1155 571 vita
1178 539 1218 571 et
1243 533 1410 585 imperio
1436 533 1572 585 priva-

132 590 205 627 vit.
266 588 474 628 Heraclius
506 595 640 626 autem
677 588 850 626 secundo
875 587 961 626 loco
990 589 1219 626 nominatus
1252 594 1312 626 est
1333 587 1423 636 ille,
1453 603 1573 640 quem

129 642 197 683 alii
235 643 522 683 Heracle-onam
551 642 779 695 appeilant,
821 643 926 681 fliius
966 644 1321 692 Maitinae31um
1349 651 1571 694 sequuntm

126 700 273 738 caeteri
298 699 474 738 eiusdem
504 699 700 738 Martinae
726 698 839 736 liberi
859 698 935 736 hoc
958 701 1097 736 aetatis
1125 697 1296 736 ordine:
1345 697 1572 750 Augustina

126 760 167 792 et
183 753 418 801 Anastasia,
446 767 559 792 soror
584 755 667 791 eius
690 755 837 802 minor,
863 753 1006 791 ambae
1034 767 1056 791 a
1085 759 1195 806 patre
1223 751 1343 805 paulo
1381 759 1474 790 ante
1507 755 1568 792 vi-

124 814 191 846 tae
219 809 340 848 finem
369 811 429 857 (ut
457 810 523 846 Du
551 808 685 860 Gange
709 810 795 858 ait,
831 808 940 860 quod
962 815 1095 847 tamen
1119 807 1248 846 laxius
1276 807 1568 860 accipiendum,

122 862 274 902 scilicet
301 863 355 903 A.
392 864 437 902 C.
465 863 560 916 639.
574 892 586 914 ,
617 870 661 902 ut
690 877 712 902 e
738 870 875 901 nostio
903 863 990 902 loco
1019 864 1156 916 patet‚)
1185 863 1390 916 Augustae
1410 863 1566 914 dictae3

175 924 258 957 stea
282 918 414 957 David
437 918 581 957 Caesar
610 925 649 956 et
671 919 869 957 Martinus
904 918 1199 958 Nobilissimus.
1253 893 1442 957 ⁰·Videtu1
1468 918 1567 958 hacc

121 930 240 1012 133⁰
263 973 460 1012 stlat-'emus
496 972 553 1010 illi
580 979 806 1036 piaestare,
852 987 973 1026 quam
1004 973 1194 1012 Petavius
1229 974 1335 1012 notis
1363 972 1412 1011 ad
1447 973 1563 1012 Nice-

119 1026 237 1080 phor.
267 1028 445 1067 Bieviar.
478 1042 520 1080 p.
550 1027 618 1082 47.
659 1029 700 1065 in
732 1027 951 1067 liberoium
998 1027 1172 1067 Heraclii
1211 1027 1393 1067 indiculo
1433 1036 1472 1066 et
1496 1029 1564 1067 Du

119 1041 253 1137 Gange
271 1083 388 1121 Fam
417 1084 509 1146 Byz,
534 1097 577 1136 p
605 1083 894 1135 119.exl1ibet‚
929 1083 1142 1129 Mat-mus,
1175 1090 1339 1122 auctore
1364 1082 1514 1136 Nicepl.
1518 1099 1564 1122 0-

119 1150 190 1188 ro,
226 1139 296 1191 qui
313 1153 355 1191 p.
374 1137 440 1178 80.
466 1138 538 1187 ait,
574 1145 613 1176 et
633 1127 734 1177 ΗΪίοε
758 1139 955 1178 Davidem
975 1146 1094 1191 atque
1112 1139 1315 1176 Marinum
1330 1153 1354 1177 a
1371 1145 1482 1191 patie
1507 1141 1563 1178 si-

117 1191 204 1231 mul
219 1194 408 1233 Caesares
427 1193 546 1231 fuisse
561 1195 823 1243 renuntiatos‚
845 1194 999 1245 (quain
1020 1207 1062 1232 re
1082 1193 1229 1232 Nosuo
1249 1194 1460 1245 discrepat,
1490 1208 1560 1246 q121

116 1245 314 1286 Davidem
345 1248 578 1298 Caesarem,
610 1248 828 1287 Martinam
861 1247 1163 1287 Nobilissimum
1195 1248 1322 1297 facit‚)
1355 1255 1394 1286 ct
1419 1249 1562 1287 eodem

117 1309 297 1355 tempore
315 1302 415 1341 filias
439 1303 701 1368 Augustinam
725 1310 764 1341 et
783 1304 998 1342 Martinam
1027 1304 1240 1368 Augustas.
1299 1303 1377 1341 Ve
1372 1302 1436 1340 ba
1473 1306 1559 1342 eius

121 1364 241 1396 sunt:
288 1354 390 1407 μετά
435 1357 557 1395 τοῦτο
580 1355 766 1396 ἐδικαίου
801 1356 874 1395 τὸν
909 1354 1002 1396 υἱὸν
1032 1356 1279 1396 ὑπατεῦσαι.
1334 1353 1479 1407 Δαβιὸ
1508 1358 1557 1396 dis

118 1425 189 1450 και
214 1412 411 1463 Μαρῖνον
454 1406 552 1456 τοὺς
591 1408 711 1456 υἱοὺς
745 1409 878 1450 αὐτοῦ
916 1410 1143 1463 Καίσαρας
1171 1407 1438 1473 α’ννγόρευσε,
1461 1409 1556 1451 Αὕ-

116 1469 337 1517 7ουστῖναν
365 1466 411 1506 δὲ
430 1479 500 1504 και
544 1465 774 1515 ΠΙαρτῖναν
797 1462 872 1511 τὰς
906 1465 1144 1530 θυγατέρας
1175 1462 1444 1516 Αὐγούστας.

226 1521 274 1559 Β.
289 1522 328 1560 3.
363 1521 479 1575 [630‚
504 1518 595 1583 ι5.]
630 1503 859 1572 ἐτελειώθη
899 1517 1083 1571 Σέργιος.
1160 1521 1208 1558 In
1247 1519 1550 1573 chronologiam

115 1573 237 1615 huius
264 1590 377 1615 casus
403 1575 570 1628 inquirit
603 1574 795 1613 Petavius
821 1574 872 1613 ad
897 1574 1106 1628 Nicephor.
1136 1589 1176 1628 p.
1203 1573 1291 1613 128.
1296 1588 1431 1642 seqq

223 1631 272 1669 B.
306 1644 367 1670 10.
404 1630 516 1685 [63o‚
555 1627 636 1681 20.]
674 1642 853 1680 χροακα.
929 1629 1205 1683 Apponuntur
1245 1631 1331 1675 τοῖς
1366 1630 1553 1680 λευκοῖς’,

116 1687 212 1749 quia
242 1700 385 1738 nempe
408 1685 520 1724 albus
552 1684 666 1723 lanae
690 1684 801 1723 color
844 1698 918 1737 pro
960 1684 1095 1724 coloie
1129 1699 1211 1724 non
1241 1691 1468 1736 reputatur,
1505 1692 1554 1723 ut

114 1742 183 1793 qui
209 1741 383 1791 nativus,
417 1737 591 1786 ἁπλοῦς,
602 1740 775 1802 szmplex
804 1747 842 1779 et
863 1740 978 1778 lanae
995 1754 1074 1779 non
1097 1738 1330 1779 conciliatus
1351 1745 1421 1778 est.
1446 1739 1551 1778 Nam

113 1797 344 1848 peregrinus
365 1795 476 1834 color
500 1794 660 1847 proprie
699 1795 808 1833 color
847 1795 1005 1836 dicitur.
1068 1796 1164 1834 Pari
1191 1793 1312 1833 modo
1335 1794 1442 1846 apud
1472 1795 1551 1832 La-

114 1850 218 1889 tinos
243 1852 388 1889 colores
416 1857 674 1903 opponuntur
701 1850 815 1888 albis.
874 1850 1092 1902 Augustin.
1116 1848 1550 1890 Pat11cCerem.Ro-

111 1917 221 1943 man.
265 1905 320 1944 11.
372 1918 433 1944 η.
525 1906 568 1942 in
607 1906 891 1944 consecratione
935 1915 1093 1944 utuntur
1143 1904 1258 1943 hodie
1302 1905 1549 1958 paramentis

112 1959 213 1997 albis
226 1989 237 2009 ,
283 1962 461 2014 quamvis
508 1961 662 2014 anthui
698 1960 904 1998 secundum
947 1969 1128 2015 tempor-ts
1173 1960 1300 1998 colore
1328 1966 1545 2005 uter-entur,

111 2013 153 2051 id
182 2021 241 2052 est
267 2014 337 2052 tali
365 2014 514 2064 colore,
548 2015 618 2067 qui
646 2028 718 2067 per
745 2013 846 2052 illud
873 2023 1054 2067 tempus,
1091 2028 1172 2068 quo
1201 2013 1445 2052 consecratio
1466 2011 1548 2050 Pa-

141 2082 187 2106 ae
212 2068 351 2115 fiebat,
384 2084 407 2107 a
433 2069 635 2108 sacerdote
671 2069 842 2108 debebat
878 2071 1037 2122 gestari.
1095 2069 1204 2119 Quid
1247 2067 1400 2117 velim,
1427 2066 1548 2105 doce·

110 2081 171 2161 {iit
200 2123 416 2162 Durandus
443 2122 664 2162 111.18.1.
702 2124 985 2177 Cuiuscunque
1005 2125 1127 2179 igitur
1151 2123 1295 2162 coloris
1327 2124 1378 2160 sit
1397 2121 1544 2172 vestis,

110 2177 327 2216 dummodo
347 2178 438 2216 alba
458 2192 538 2216 non
567 2180 631 2227 sit,
657 2193 704 2217 ea
724 2178 880 2217 colorea
900 2187 974 2218 est.
1016 2179 1133 2217 Cons.
1152 2178 1318 2217 Salmas.
1333 2177 1382 2214 ad
1396 2177 1543 2228 Script.

111 2231 214 2271 Hist.
234 2233 339 2285 Aug.
357 2233 408 2271 T.
430 2233 483 2270 ΙΙ.
502 2247 543 2284 p.
569 2234 682 2281 555„
702 2233 773 2271 ubi
791 2233 840 2272 de
860 2238 946 2280 τοῖς
963 2236 1162 2284 χροακοῖς
1182 2240 1222 2271 et
1238 2233 1397 2271 coloret}
1417 2230 1546 2283 pluri-

109 2285 187 2325 bus
200 2288 296 2350 agit,
313 2295 352 2326 et
363 2288 467 2325 mter
482 2287 558 2325 alia
572 2286 703 2325 locum
719 2287 915 2327 Ahmedis
930 2289 1182 2328 Onirocritae
1206 2287 1384 2335 adducit,
1410 2286 1546 2338 inquo

109 2339 334 2392 στρώματα
362 2338 503 2380 ἁπαλὰ
528 2349 786 2394 opponuntur
814 2347 901 2388 τοῖς
914 2347 1122 2393 χροακοῖς.
1155 2344 1247 2392 Quo
1268 2340 1424 2379 deloco
1446 2340 1544 2393 quid

109 2397 228 2434 statui
244 2395 398 2443 debeat,
422 2396 744 2448 quandoquidem
763 2396 922 2435 d1fficile
942 2405 1000 2436 est
1023 2398 1134 2449 absq
1137 2412 1172 2435 ie
1197 2396 1371 2434 Arabico
1398 2402 1507 2433 textu
1523 2425 1534 2443 ,

110 2464 190 2502 qno
213 2465 406 2498 ememus,
429 2451 715 2503 pronuntiar,e
730 2465 811 2490 non
834 2451 967 2490 xideo.
999 2453 1151 2500 Quodsi
1170 2459 1301 2489 tamen
1312 2452 1545 2516 oppositum

108 2508 194 2550 τοῖς
208 2511 404 2557 χροακοῑς
422 2506 640 2569 significale
657 2505 783 2543 voluit
794 2513 946 2554 auctor,
967 2506 1125 2544 xidetui
1148 2507 1278 2558 potius
1301 2501 1450 2554 affola,
1467 2518 1545 2543 non

110 2560 227 2597 tincta
242 2590 253 2609 ‚
278 2575 397 2612 quam
414 2556 553 2597 ἀπαὶὰ
567 2561 811 2612 scripsisse,
801 2568 869 2598 aut
884 2560 1013 2598 saltim
1031 2555 1158 2609 ἁπλᾶ,
1179 2561 1387 2614 si'mplzcia.
1415 2560 1545 2611 Luge-

111 2611 208 2651 bant
236 2629 302 2652 seu
328 2615 480 2653 luctum
508 2615 781 2666 significabant
798 2615 937 2653 Giaeci
958 2617 1069 2677 novi,
1095 2616 1204 2668 quod
1230 2622 1269 2653 et
1283 2614 1543 2653 hodiernifa-

113 2668 238 2718 ciunt,
259 2670 595 2708 vestibusvcnetis
613 2676 651 2706 et
670 2672 894 2721 pur-puieis‚
914 2671 1041 2708 iarius
1055 2671 1190 2722 nigiis.
1212 2671 1441 2707 Demetiius
1456 2667 1544 2707 Bul-

114 2734 230 2773 garns
258 2724 365 2778 apud
394 2725 517 2763 Goai.
549 2723 600 2762 ad
627 2723 771 2762 Codiu.
790 2738 832 2777 p.
846 2738 937 2778 99⁴
967 2724 1148 2771 πένθους
1170 2721 1253 2764 εἰσι
1271 2720 1321 2763 τὰ
1341 2723 1542 2778 πορφυρᾶ
