1884 3132
191 161 266 204 An
305 157 601 203 cons'rm.
641 156 839 199 ponpa.
886 156 958 197 DE
994 155 1178 198 cmm.
1217 158 1319 198 un
1361 160 1393 199 1.
1433 139 1546 198 323

116 281 209 307 nem
228 266 476 319 acciperent,
504 263 622 317 primi
649 263 933 330 Imperatorem
962 261 1175 300 adorarent
1188 290 1200 311 ‚
1230 263 1349 316 primi
1371 265 1547 318 praemia

117 323 280 364 ferrent.
333 320 472 370 Quum
500 325 635 357 tamen
662 318 761 357 haec
791 316 1041 369 προτιμησις
1068 316 1280 367 videatur,
1327 333 1372 358 ex
1412 327 1547 358 nostro

118 377 282 435 quidem
317 374 478 423 codice,
520 387 602 412 non
645 379 728 412 tam
772 387 818 412 ex
853 371 1060 410 voluntate
1103 371 1380 424 Imperatoris,
1425 389 1547 427 quarn

118 439 250 495 potius
277 444 324 470 ex
354 428 518 468 arbitrio
546 429 662 467 sortis
689 426 939 481 pependisse,
966 440 1049 465 non
1076 433 1263 479 poterant
1280 428 1424 468 Veneti
1442 444 1545 469 sem-

117 501 191 541 per
226 487 268 525 in
300 484 364 523 his
390 482 509 522 rebus
534 484 680 535 primas
708 483 823 522 serre.

223 542 277 580 D.
296 540 334 581 3.
363 537 481 592 [316,
505 536 586 590 aa]
630 534 737 588 μετὰ
768 532 829 576 τὸ.
860 536 954 574 Μ.
989 532 1123 585 μετὰ,
1176 537 1284 589 quod
1324 538 1430 578 idem
1469 547 1542 579 est.

120 597 227 636 Nam
254 608 309 646 με
330 595 427 632 novi
458 592 601 632 Graeci
623 606 698 645 pro
729 585 837 643 μετὰ
866 597 1035 644 ponunt.
1095 591 1177 630 Pro
1204 592 1435 643 χλανιδίων
1461 602 1547 634 erat

118 698 161 736 in
190 697 250 735 Μ.
278 696 427 746 χλανι,
454 693 563 747 quod
597 693 726 731 etiam
750 691 826 755 legi
857 698 1014 744 poterat
1047 690 1274 742 χλανίδων.

220 751 275 789 D.
291 748 332 801 4.
362 747 478 803 [316‚
502 746 587 800 23.]
616 743 883 798 μεσοδήμιον.
938 746 1049 796 Aut,
1092 753 1139 785 ut
1165 747 1223 785 M.
1243 777 1254 795 ‚
1286 748 1544 802 μεσοδιμην,

118 805 305 846 videntur
334 803 456 843 fuisse
489 803 659 856 gradus,
700 803 742 839 in
777 801 922 854 quibus
961 802 1220 841 consisterent
1256 810 1325 842 aut
1362 803 1545 844 sedeient

119 861 260 909 cives,
287 860 357 913 qui
382 857 435 897 ad
460 857 679 896 factionum
705 854 858 894 nullam
888 858 1144 910 pertinerent.

206 913 296 955 185.
320 913 374 956 A.
396 913 434 952 3.
462 912 579 966 [3¹7²
602 910 660 965 5.]
690 908 711 950 ὃ
741 903 793 949 ἂν
816 923 893 956 τις
949 911 1007 949 M.
1026 918 1253 951 constanter
1281 907 1304 950 ὅ
1333 910 1470 962 οἷν-τις,
1504 914 1543 952 id

123 976 184 1009 est
211 983 340 1015 novae
368 981 480 1006 more
508 967 700 1006 Graeciae
726 962 748 1003 ὅ
788 958 955 1015 ἇντίος,
992 969 1240 1016 comme-ius,
1282 983 1336 1008 ex
1377 968 1544 1008 adverso

117 1033 242 1067 stans.
303 1022 470 1062 Phonae
498 1021 574 1060 hae
603 1029 698 1061 sunt
723 1027 763 1060 et
790 1019 1045 1073 antiphonae.

157 1118 166 1126 ,
217 1078 273 1118 A.
296 1092 358 1117 ιι.
387 1076 455 1132 [3ι
493 1075 640 1142 ,12.]
649 1073 939 1130 φυλάττοντες.
991 1076 1052 1115 Μ.
1081 1074 1378 1129 φυλάττοντας.

218 1092 592 1199 B.12.[3gg,u1.]
610 1126 715 1182 ἅγιε.
770 1128 917 1197 Supple
945 1138 1034 1184 post
1064 1130 1108 1170 Β.
1146 1145 1188 1172 v.
1221 1147 1244 1171 e
1269 1133 1542 1173 Membranis.

109 1185 150 1254 0Ἇὶ
176 1184 365 1241 κράκται·
409 1183 538 1251 ὑμεῖς
569 1184 775 1238 ὖηάρχετε
806 1183 828 1224 ὃ
863 1180 994 1232 πόθος
1014 1185 1096 1225 τῶν
1119 1183 1352 1238 ς’.Ριιιῃιιιιιιιιιν
1407 1183 1546 1237 ὃλαός

118 1242 165 1288 ,ἐκ
190 1242 347 1294 τρίτου·
400 1235 508 1292 ἅγιε.

219 1298 268 1337 Β.
294 1298 356 1336 13.
382 1294 499 1350 [318‚
522 1294 575 1349 3.]
604 1290 643 1333 οἱ
670 1290 840 1337 τούτων
898 1295 1072 1334 Membr.
1102 1292 1143 1333 οἱ
1171 1290 1337 1334 τούτου.

220 1351 268 1391 G.
289 1350 331 1391 6.
365 1350 482 1405 [318‚
502 1349 564 1405 9.]
593 1347 843 1401 gyslam-fiac.
899 1349 1105 1403 Reliquiae
1132 1349 1208 1388 hae
1236 1357 1330 1389 sunt
1370 1351 1543 1405 idiogra-

113 1407 232 1460 phiae
263 1405 440 1456 librarii,
474 1406 542 1458 qui
579 1404 755 1444 codicem
787 1404 1031 1471 Lipsiensem
1072 1406 1248 1443 exaravit
1295 1412 1334 1443 et
1384 1407 1449 1444 cui
1481 1421 1544 1445 so-

112 1461 231 1500 lenne
261 1467 346 1498 erat
374 1474 419 1498 αι
448 1467 487 1498 et
513 1472 533 1497 ε
561 1465 800 1523 permutare.
855 1456 1110 1511 Ἐγείρεσθαι
1149 1458 1214 1497 hic
1252 1458 1330 1497 loci
1369 1474 1451 1498 non
1487 1466 1613 1502 estEd.
1638 1466 1677 1499 L.
1707 1474 1770 1500 102

111 1516 354 1565 infinitivus,
381 1513 450 1553 sed
475 1514 732 1605 imperativus
763 1511 808 1563 ἐ)
800 1511 996 1563 εἴσεσθε,
1027 1515 1194 1565 surgite,
1229 1514 1321 1551 bene
1306 1528 1548 1576 precemur

113 1571 297 1610 dominis.
354 1569 477 1621 Sicp
483 1596 493 1606 .
528 1567 616 1607 181.
646 1567 693 1606 Β.
725 1582 764 1633 7.
805 1574 1009 1605 exaratum
1040 1574 1125 1605 erat
1144 1568 1188 1605 in
1206 1569 1265 1605 M,
1297 1581 1443 1619 aynae
1470 1584 1545 1632 pro

114 1617 258 1676 ἄγετε,
294 1631 333 1663 et
357 1637 399 1676 p.
437 1622 526 1662 183.
558 1623 605 1661 Β.
643 1620 684 1672 4.
720 1620 1003 1687 ἠγαπηκέναι,
1050 1629 1089 1660 et
1115 1636 1156 1674 p.
1192 1621 1280 1674 187.
1314 1623 1361 1660 C.
1390 1623 1433 1663 8.
1472 1637 1546 1662 ευ-

114 1679 295 1729 ξασθαι,
322 1685 363 1717 et
390 1678 538 1717 ibidem
571 1678 626 1715 D.
654 1675 696 1715 8.
731 1673 895 1721 ἐλαίους
922 1690 995 1730 pro
1024 1675 1181 1726 ἐλέους,
1211 1691 1252 1729 p.
1282 1676 1365 1716 153.
1394 1678 1448 1716 A.
1478 1693 1540 1717 11.

113 1733 278 1785 ἓταιρος
311 1747 383 1786 pro
410 1733 570 1786 ἕτερος,
615 1745 658 1770 v.
709 1728 1422 1797 190.D.antepen.am7'oa‹13az
1467 1748 1543 1786 pro

112 1786 369 1882 ἕὲᾟῖἔσθῗα
393 1784 935 1895 ἷιῗωᾶξηὲᾲῃέὃῗιῑεῗιηῗιὲὲ
967 1787 1050 1879 ,ἔξ
1069 1782 1462 1907 ῗξὶεῗιὶιὲοἴιὲιιξ
1492 1803 1544 1881 ἓὲ

113 1899 293 1950 proxime
316 1905 561 1960 sequentem
585 1896 753 1935 similem
776 1895 933 1934 locum:
966 1893 1006 1934 οἱ
1030 1896 1112 1935 τῶν
1139 1895 1409 1948 πεὸατουρῶν
1436 1896 1541 1947 ἐγεί-

40 1988 42 1990 ,
113 1952 223 2004 ρεσθ
221 1966 289 1999 αι,
318 1966 342 1991 o
368 1967 438 1991 vos
451 1982 463 2004 ,
491 1953 561 2007 qui
587 1951 645 1990 ad
664 1951 879 2005 pedaturas
899 1951 1125 2004 pertinetis,
1155 1952 1313 2003 surgite,
1341 1951 1434 1989 bene
1453 1966 1542 2004 pre-

112 2020 248 2044 cemw·
273 2006 454 2046 dominis.
525 2007 627 2045 Sunt
661 2013 793 2044 autem
814 2035 826 2056 ,
867 2007 935 2057 qui
973 2005 1024 2043 ad
1061 2005 1272 2058 pedaturas
1317 2006 1540 2057 pertinent,

113 2067 310 2113 quantum
325 2075 406 2124 ego
428 2061 612 2124 equidem
635 2062 827 2107 coniicio,
859 2060 1110 2113 magistratus
1129 2059 1347 2107 militares;
1380 2067 1419 2098 et
1439 2059 1541 2099 bene

110 2114 155 2153 hi
184 2118 268 2161 τοῖς
295 2115 367 2167 τῆς
391 2111 618 2167 συγκλήτου
657 2122 940 2168 opponuntur‚
981 2115 1031 2154 de
1071 2116 1216 2167 quibus
1253 2088 1373 2152 modo
1410 2128 1540 2153 sermo

113 2172 339 2222 praecessit.
391 2170 615 2209 Pedaturae
650 2184 818 2222 nempe,
847 2169 911 2208 vel
942 2170 1170 2222 pediturae
1209 2168 1274 2207 vel
1309 2169 1540 2221 pedationes

113 2232 208 2263 sunt
250 2225 376 2276 spatia
416 2227 512 2263 certi
541 2227 697 2263 numeri
729 2225 875 2278 pedum
909 2225 948 2262 in
982 2224 1068 2263 solo
1095 2223 1160 2262 vel
1196 2223 1428 2271 moenibus,
1470 2224 1541 2262 ubi

113 2280 293 2318 consistit
317 2278 429 2317 miles
455 2279 636 2318 excubias
665 2293 782 2332 agens
798 2309 809 2329 ,
839 2293 908 2317 seu
942 2281 983 2317 in
1009 2280 1169 2329 castris,
1208 2292 1278 2316 seu
1314 2280 1354 2316 in
1386 2279 1541 2316 moeni-

113 2332 191 2374 bus
228 2334 340 2373 urbis
356 2363 368 2384 ‚
414 2335 509 2372 item
552 2334 593 2371 in
631 2334 777 2386 quibus
819 2334 992 2386 agricola
1031 2340 1118 2371 arat
1140 2362 1152 2382 ,
1190 2334 1303 2371 metit
1319 2362 1331 2382 ‚
1377 2333 1540 2372 foenum

111 2395 219 2426 secat
245 2395 320 2427 etc.
378 2389 475 2426 Late
512 2387 561 2426 de
595 2387 670 2426 hac
700 2402 799 2428 voce
815 2390 902 2440 ‚agit
947 2389 1014 2426 Du
1057 2388 1190 2440 Cange
1219 2386 1350 2425 Gloss.
1382 2387 1538 2438 Latin.,

111 2442 220 2481 unde
263 2450 400 2495 patet,
437 2457 523 2481 eam
539 2472 551 2491 ,
590 2444 770 2495 quamvis
804 2443 854 2480 ad
889 2444 1023 2480 omnia
1063 2441 1136 2481 soli
1169 2443 1295 2494 spatia
1331 2449 1440 2480 certo
1466 2456 1539 2495 pe-

114 2495 210 2537 dum
242 2512 408 2536 numero
446 2498 607 2536 definita
645 2499 765 2549 possit
796 2497 977 2547 extendi,
1026 2496 1077 2534 de
1118 2495 1357 2535 militaribus
1403 2504 1539 2536 tamen

115 2553 248 2602 spatiis
284 2553 518 2605 plerumque
547 2552 624 2590 dici
645 2582 656 2602 ,
685 2566 786 2604 quae
820 2550 883 2589 vel
918 2553 961 2588 in
996 2550 1204 2589 moenibus
1242 2550 1430 2602 urbium,
1470 2551 1538 2590 ve}

115 2605 156 2642 ιιι
198 2609 333 2646 castris
379 2607 552 2646 excubiis
588 2607 747 2659 agendis
786 2605 978 2644 destinata
1016 2613 1136 2656 sunt3
1190 2605 1376 2644 distantia
1420 2607 1539 2645 unius

114 2660 295 2700 stationis
326 2663 532 2702 castrensis
564 2669 633 2700 aut
665 2661 847 2699 militaris
881 2659 932 2697 ab
961 2659 1100 2698 altera.

200 2713 287 2754 185.
319 2717 372 2756 D.
391 2724 573 2770 antepen.
601 2715 720 2771 [318‚
748 2713 829 2769 19.]
857 2714 1022 2766 λέγουσι
1052 2715 1193 2767 φωνῆς
1232 2712 1312 2754 ἀπὸ
1353 2711 1539 2768 κράκται.
