1884 3132
175 176 250 218 An
291 174 587 219 consum.
627 172 823 216 ponpa.
860 175 933 215 m:
980 173 1161 216 cmm.
1187 175 1284 215 mn.
1317 177 1368 215 11.
1408 156 1526 231 829

99 292 373 330 circumstaret
409 288 575 329 collum.
631 289 813 343 Torques
862 297 994 328 autem
1034 285 1059 327 ὅ
1097 289 1402 340 κεχαλασμένος
1443 289 1529 330 laxe

100 346 285 386 nonnihil
309 359 430 399 super
458 351 595 398 pectus
622 345 727 384 infra
750 344 965 384 claviculas
990 344 1249 397 dependebat.

212 412 264 450 A.
285 412 360 451 ult.
385 411 500 465 [7⁰9⁹
529 408 605 462 15.]
635 409 680 448 ἐκ
696 405 966 475 περιλεύκιος.
1021 411 1095 450 Est
1121 411 1320 463 genitivus
1341 424 1365 449 a
1398 412 1532 450 nomi-

102 467 240 506 nativo
265 467 526 531 περίλευκις.
586 466 650 504 Sic
676 467 771 504 novi
808 467 947 504 Graeci
975 465 1156 505 efferunt.
1212 466 1376 505 Veteres
1400 474 1533 505 autem

103 518 362 574 περιλεύκιος
396 522 437 558 in
461 521 615 558 nomin.
646 527 686 559 et
711 522 752 559 in
781 521 955 584 genitivo
994 519 1254 570 περιλευκίου
1294 522 1536 564 formabant.

102 576 176 616 Est
206 583 340 615 autem
372 571 393 614 ὅ
429 574 493 614 vel
529 576 658 628 potius
694 571 720 626 ἧ
758 571 1016 626 περιλεύκιος
1043 579 1196 628 (nempe
1225 571 1353 624 λίθος)
1377 591 1536 628 gemma

102 631 162 671 ad
184 631 393 671 candorem
420 631 601 669 accedens
619 644 782 684 ,genus
812 629 974 682 aliquod
1000 629 1053 683 h)
1057 630 1307 669 acinthorum
1338 632 1401 670 vel
1424 631 1539 670 rubi-

104 699 282 736 norum,
311 685 380 724 sed
413 683 651 725 vilissimum
676 691 716 724 et
743 684 967 724 dilntissimi
994 685 1151 724 coloris.
1204 685 1334 724 Docet
1358 687 1449 739 Epi}
1450 685 1536 724 ›ha-

103 742 195 780 nius
222 741 273 780 de
302 739 447 793 Lapid.
482 741 664 793 pretiosis
702 740 809 794 apud
840 740 1076 779 Salmasium
1120 739 1172 779 ad
1217 740 1321 779 Pall.
1362 702 1532 780 Tcrltull.

105 811 149 850 p.
183 795 274 836 168.
311 795 361 834 de
383 795 712 860 hyacinthorum
726 795 966 859 genelibus:
1000 792 1023 834 ὅ
1049 794 1128 840 μὲν
1162 795 1333 861 πρῶτος
1354 798 1538 835 καλεῖται

104 846 387 918 θαλασσῖτης,
409 865 660 915 purpureus,
691 845 712 888 ὅ
737 849 782 889 δὲ
810 847 998 913 δεύτερος
1034 844 1211 901 ῥοδινὸς,
1240 847 1263 888 o‘
1300 848 1436 900 τρίτος
1463 865 1536 889 να-

106 903 233 964 τῆθος,
275 900 296 943 ὅ
315 905 537 956 τέταρτος,
581 901 860 968 ὖδαρέστερος
891 900 1074 952 τούτων,
1110 904 1270 955 λέγεται
1287 909 1535 955 χαυνιαῖος,

108 968 131 999 ο
146 959 207 1000 δὲ
224 959 407 1011 πέμπτος
426 956 704 1013 περιλεὺκιος;
733 960 816 999 vid.
842 960 909 998 Du
928 960 1064 1012 Gange
1086 959 1151 998 Gl.
1177 960 1250 998 Gr.
1278 960 1322 998 h.
1346 975 1388 999 v.

218 1026 265 1066 Β.
288 1025 331 1066 6.
354 1027 468 1079 [7ο9,
498 1023 576 1079 132]
595 1024 937 1077 ἐγγεγραμμένος.
995 1025 1246 1075 Membrana,
1275 1025 1320 1064 ἐν
1346 1018 1377 1079 ᾖ
1391 1025 1540 1078 γέγρα-

106 1094 233 1128 πται,
263 1095 366 1135 quae
394 1088 478 1120 tota
507 1080 669 1134 impleta
701 1088 759 1119 est
787 1081 1005 1133 scriptura,
1036 1081 1270 1133 perscripta.
1309 1082 1416 1120 Puto
1434 1084 1540 1120 enim

107 1150 196 1176 eam
215 1151 342 1191 purae
382 1136 637 1175 membranae
675 1138 848 1189 opponi,
879 1149 1007 1188 neque
1035 1135 1085 1174 de
1115 1134 1305 1174 codicillis
1332 1138 1448 1189 pictis
1475 1137 1541 1175 hic

107 1193 272 1245 cogitari
303 1190 462 1229 debere.
520 1190 700 1230 codicilli
729 1193 835 1230 enim
867 1197 980 1229 erant
1007 1203 1202 1240 πτυκτοι,
1240 1191 1445 1256 diptychi,
1478 1199 1540 1231 te-

107 1223 334 1300 traptycffi,
371 1244 624 1299 polyptychi‚
661 1246 894 1284 membrana
944 1251 1076 1283 autem
1117 1245 1235 1294 talis,
1277 1246 1298 1284 ὁ
1351 1241 1536 1298 χάρτης,

107 1309 193 1340 erat
219 1299 455 1353 συιείλητος
436 1329 479 1349 ‚,
508 1300 786 1340 convolubilis.
842 1301 961 1352 Pingi
988 1301 1236 1339 consuevisse
1272 1300 1370 1339 tales
1407 1316 1539 1340 mem-

108 1355 254 1394 branas
283 1356 349 1393 vix
380 1361 545 1407 putem,
584 1369 710 1408 quum
735 1357 945 1410 scriptores
979 1356 1121 1393 Graeci
1157 1354 1278 1394 medii
1315 1358 1403 1395 aevi
1438 1356 1541 1396 nihil

113 1425 160 1450 ea
190 1411 240 1449 de
267 1423 311 1448 re
339 1417 574 1448 memorent.

220 1466 267 1504 B.
293 1478 356 1503 11.
377 1464 493 1518 [7o9‚
515 1463 604 1518 2o.]
634 1458 772 1510 κλυὸς.
831 1463 889 1502 Ita
917 1471 1091 1502 recentes
1112 1464 1254 1503 Graeci
1282 1473 1443 1504 exarant
1467 1480 1542 1519 pro

115 1516 270 1569 κλοιὸς,
300 1533 373 1582 pro
402 1533 514 1558 mme
540 1533 613 1558 suo
639 1533 667 1556 v
695 1525 734 1557 et
765 1531 804 1556 οι
826 1519 1094 1571 permutandi.
1153 1519 1347 1558 Volueiat
1383 1535 1542 1574 quoque

112 1570 251 1620 κλοιὸς
290 1575 468 1627 quisquis
496 1573 565 1613 llie
595 1574 704 1637 .s⁰it’
746 1575 815 1626 qui
854 1574 1183 1639 supersciipserat
1221 1576 1263 1612 'm
1299 1575 1541 1616 membianis

113 1624 253 1675 κλαιὸς
275 1658 287 1679 ,
333 1636 372 1667 et
411 1631 452 1667 in
479 1631 657 1681 margine
684 1627 1002 1679 περιτραχήλιος
1040 1625 1221 1678 ὸεσμὸς;
1262 1629 1343 1671 vid.
1376 1630 1542 1670 Suidam

113 1683 157 1723 h.
179 1698 222 1723 v.
260 1691 300 1723 et
326 1685 402 1722 vir.
430 1684 536 1722 doct.
563 1684 615 1722 ad
645 1683 849 1735 Emipidis
880 1682 1120 1737 Cyclopem,
1151 1683 1220 1721 ubi
1250 1685 1368 1722 etiam
1393 1688 1544 1725 comice

113 1739 165 1778 de
189 1738 351 1778 homine
378 1746 620 1791 usurpatur,
664 1737 772 1790 quod
798 1738 923 1792 vulgo
964 1745 1172 1801 leputatur
1208 1745 1364 1777 tantum
1396 1754 1543 1781 canum

114 1808 211 1836 esse.
267 1793 388 1832 Unde
411 1794 585 1832 imitatus
616 1806 776 1859 quoque
805 1793 880 1832 suit
907 1794 1136 1832 Lucianus
1126 1807 1167 1831 1n
1180 1792 1346 1860 Apolog.
1369 1809 1379 1818 ·
1411 1797 1542 1847 παρέ-

109 1862 205 1900 χειν
248 1842 398 1886 εαυτὸν
447 1847 638 1887 ἕλκεσθαι
691 1861 761 1886 και
824 1847 1048 1900 φέρεσθαι,
1084 1843 1273 1900 καθάπερ
1310 1846 1390 1887 ὖίιὸ
1417 1851 1544 1889 κλοιιῦ

113 1916 198 1942 τινι
223 1902 370 1955 χρυσιῗί
416 1898 489 1942 τὸν
529 1901 685 1952 αυχένα
723 1902 909 1942 δεθέντα.
978 1902 1161 1955 Arripuit
1198 1905 1356 1956 quoque
1394 1906 1542 1945 insoliti

114 1957 306 1996 sermonis
339 1941 543 1996 affectator
578 1957 736 1996 Nicetas
770 1958 818 1996 L.
858 1957 928 1996 VI.
992 1957 1187 1996 Mauuelis
1217 1958 1356 1997 Comn.
1386 1974 1471 2013 cap.
1503 1975 1540 1999 2.

117 2027 159 2065 p.
183 2011 247 2066 94.
277 2011 382 2050 fine:
414 2008 487 2064 τὴν
519 2007 651 2063 κόμην
688 2008 864 2076 ἅγλαοι,
918 2009 1095 2065 φαιδροὶ
1126 2027 1179 2051 τα
1204 2009 1436 2064 πρόσωπα,
1471 2029 1542 2054 και

116 2068 269 2112 κλοιοῖς
300 2066 499 2117 χρυσέοις
533 2064 604 2105 καί
639 2063 948 2130 71891689'9111'019
978 2067 1225 2130 ὸιαφαιέσιν
1249 2067 1295 2107 ἐκ
1324 2069 1454 2108 λίθων
1470 2085 1542 2122 τη-

118 2121 283 2164 λαυγῶν
302 2134 368 2158 και
386 2120 653 2183 μαργαρίτων
679 2121 896 2174 τιμαλφων
921 2117 1018 2167 τοὺς
1039 2117 1272 2174 τραχνλους
1299 2121 1542 2176 περιδεόμε-

118 2175 395 2215 2¹01.Diffe1t
425 2172 560 2222 κλοιὸς
597 2175 843 2230 ἃμανικίω,
886 2176 995 2228 quod
1029 2175 1116 2224 hic,
1155 2186 1306 2231 torques
1325 2208 1342 2240 ,⁹
1381 2179 1432 2217 sit
1461 2193 1542 2229 χα-

118 2225 274 2280 λαρὸς,
302 2229 522 2282 pendulus,
550 2229 640 2283 plus
664 2232 844 2270 minusve
867 2230 1001 2280 latus,
1039 2232 1242 2270 interdum
1263 2233 1355 2272 satis
1383 2235 1541 2296 tenuis,

118 2284 256 2337 plexus
273 2291 342 2323 aut
361 2292 665 2336 concatenatus;
695 2281 828 2331 κλοιὸς
849 2292 982 2323 autem
1001 2292 1059 2324 est
1084 2285 1164 2325 lata
1193 2286 1354 2337 lamina,
1370 2282 1540 2342 στερρἁ,

119 2338 266 2378 collum
287 2340 421 2379 stricte
440 2340 642 2389 ambiens,
667 2347 713 2379 ut
736 2347 794 2379 est
817 2339 962 2378 collare
981 2354 1142 2380 canum.

230 2405 279 2443 C.
313 2403 516 2459 9.[710‚
546 2404 607 2458 6.]
654 2403 962 2456 κεκοσμημέναι.
1017 2405 1163 2457 Auro,
1201 2413 1389 2459 argento,
1438 2407 1542 2447 scul-

124 2460 279 2512 pturis3
323 2473 386 2498 res
426 2466 522 2499 nota
564 2459 615 2499 de
653 2459 798 2498 tabulis
835 2466 875 2499 et
918 2459 1116 2514 diptychis
1172 2461 1383 2501 consulum
1422 2470 1543 2517 atque

118 2516 390 2566 patriciorum.

226 2568 582 2624 C.11.[7107.]
613 2567 671 2615 εἷς
699 2564 826 2608 τύπον
852 2569 930 2607 τοῦ
954 2566 1099 2620 νόμον.
1151 2570 1311 2620 Fateor,
1345 2586 1409 2610 me
1425 2571 1543 2612 dicti-

122 2635 239 2661 onem
271 2623 374 2662 hanc
418 2638 497 2662 non
541 2623 772 2675 intelligere.
834 2624 986 2663 Vultne
1024 2625 1177 2664 dicere.
1207 2627 1542 2679 quemadmodum

124 2674 227 2729 leges
254 2692 405 2729 novae,
455 2693 591 2718 recens
621 2678 770 2727 editae,
809 2678 860 2716 ad
898 2679 1140 2732 praefectum
1171 2682 1291 2720 Uibis
1331 2684 1544 2722 mittuntur

125 2730 166 2768 in
190 2731 348 2784 publico
384 2733 692 2788 prononendae,
728 2732 874 2774 tabulis
904 2734 1102 2789 diptychis
1129 2735 1314 2776 eburneis
1343 2737 1541 2778 inclusae·
1530 2768 1543 2790 ,
