1826 3126
194 210 271 250 An
310 208 604 251 consum.
644 207 840 248 Pomm.
881 207 952 246 DE
992 205 1171 247 cmm.
1207 205 1309 243 Lm.
1348 204 1381 243 1.
1435 183 1501 238 51

185 310 237 348 A.
258 309 299 349 6.
335 309 397 364 [⁰7,
432 308 518 362 12.]
562 309 638 348 τοῦ
668 304 784 361 ἱεροῦ
812 305 1017 354 κοιτῶνος.
1073 307 1248 353 Coeton,
1278 307 1423 359 (quam
1443 319 1508 344 vo-

74 378 162 405 cem
189 364 439 403 retinendam
470 365 511 403 in
534 377 623 402 mea
651 363 975 414 interpretatione
997 362 1160 415 putavi)
1200 368 1259 400 est
1278 359 1509 401 cubiculum

76 420 328 473 Imperatoris
349 420 539 466 interius,
578 419 620 456 in
641 431 723 470 quo
742 417 889 455 dormit
902 447 913 463 ‚
948 423 994 454 ut
1016 416 1256 454 Cubiculum
1275 423 1335 454 est
1358 415 1510 454 concla-

74 489 126 514 ve
146 474 334 521 exterius,
375 474 418 513 in
444 487 527 526 quo
544 486 615 525 per
642 473 747 510 diem
770 472 875 524 agit,
913 471 1076 523 quando
1098 470 1205 509 solus
1229 478 1301 509 est.
1360 470 1512 510 Coeton

76 537 162 568 erat
182 530 287 568 intra
310 527 568 574 cubiculum,
602 527 680 565 hoc
702 540 837 571 coram
863 525 943 564 illo.
1004 526 1050 564 ln
1078 525 1264 564 cubiculo
1288 525 1514 563 dormiebat

75 581 100 622 ὃ
133 581 528 636 παρακοιμώμενος,
568 589 607 620 et
630 581 851 620 excubabat
886 578 908 619 ὅ
940 577 1294 633 παρακαθήμενος
1323 581 1399 617 τοῦ
1422 592 1512 617 κοι-

74 637 213 684 τῶνος.
268 636 384 676 conf.
414 637 523 675 Goar
559 636 610 675 ad
647 636 789 675 Codin.
817 650 856 688 p.
883 636 950 675 53.
986 649 1029 674 n.
1055 634 1122 673 60.
1162 633 1297 673 Vales.
1338 634 1388 672 ad
1413 634 1513 672 Am-

76 693 199 731 mian.
222 689 401 730 Marcell.
419 707 460 744 p.
485 690 598 742 524„
634 691 704 729 ubi
725 698 969 730 memoratur
992 689 1135 742 aliquis
1153 719 1163 734 ,
1205 691 1270 727 ‹w'
1295 689 1514 727 Constanti-

76 748 194 787 ηἱαιιί
214 747 381 785 thalami
404 760 498 785 cura
523 748 748 794 commzsssa,
781 745 846 784 vel
867 742 1076 794 προεστώς
1098 745 1175 782 τοῦ
1196 743 1417 793 βασιλικοῦ
1436 757 1513 781 κοι-

19 831 24 836 .
74 802 227 851 τῶνοςῇ
242 826 245 827 ⁷
258 808 305 840 ut
324 801 503 840 Socrates
524 800 709 853 appellat.
768 801 896 839 Erant
918 799 959 838 hi
981 799 1211 838 Coetonitae
1231 798 1377 836 diversi
1400 812 1423 836 a
1439 799 1514 835 Cu-

76 855 300 903 biculariis4
334 863 374 894 et
394 855 471 895 illis
491 855 706 895 nobiliores
721 885 732 905 ,
766 870 845 908 qua
866 856 916 894 de
940 869 983 893 re
1011 854 1113 892 infra
1137 853 1351 892 dicendum
1367 854 1442 891 erit
1462 853 1513 891 ad

77 925 119 964 p.
149 911 211 950 13.
241 911 288 949 B.
346 911 503 949 Dicitur
526 911 591 951 hic
613 911 833 963 Imperator
862 925 884 948 e
909 910 1083 948 Coetone
1113 910 1154 947 in
1185 921 1370 961 magnam
1403 906 1515 946 illam

77 964 202 1006 salam
228 965 530 1020 Chrysotriclini
559 965 716 1018 egredi,
751 965 823 1004 ubi
849 965 1019 1003 thronus
1041 963 1194 1010 stabat,
1233 963 1375 1015 etipse
1398 977 1514 1015 prae-

77 1020 231 1061 sidebat
256 1028 494 1074 congregato
531 1034 741 1073 procerum
771 1021 1027 1067 consistorio,
1066 1019 1200 1071 ibique
1226 1017 1302 1056 sub
1333 1017 1485 1056 concha
1500 1048 1512 1065 ‚

78 1073 157 1114 boc
173 1082 234 1114 est
256 1075 393 1128 apside
413 1074 478 1114 vel
494 1074 672 1114 lacunari
699 1082 884 1124 arcuato,
918 1075 1109 1114 adversus
1132 1074 1342 1126 imaginem
1367 1072 1518 1112 Christi

78 1130 253 1169 crucifixi
270 1130 454 1169 adorasse
471 1161 481 1178 ,
516 1138 604 1169 tum
622 1145 664 1176 se
685 1145 844 1183 parasse
862 1129 1038 1169 vestibus
1052 1160 1063 1176 ‚
1094 1136 1310 1181 antequam
1333 1141 1516 1180 proceres

78 1183 296 1236 salutatum
336 1185 576 1225 admitteret.
636 1185 884 1224 Habueritne
921 1199 1042 1238 penes
1074 1198 1117 1222 se
1144 1185 1388 1236 Imperator,
1433 1190 1515 1221 sta·

78 1239 155 1285 tim
188 1247 310 1293 atque
343 1238 448 1279 lecto
480 1247 680 1294 surgeret,
728 1239 880 1294 puellas
907 1239 1058 1278 nobiles
1087 1245 1126 1277 et
1154 1238 1367 1285 formosas,
1412 1252 1516 1291 quae

80 1307 227 1348 aquam
262 1295 510 1348 porrigerent
541 1309 684 1334 manus
718 1295 893 1342 lavanti,
937 1302 976 1333 et
1004 1294 1201 1347 pectinem
1229 1306 1384 1331 comam
1405 1292 1515 1331 ordi-

79 1355 253 1397 natum,
302 1363 386 1388 non
404 1350 584 1389 dixerim.
643 1350 797 1390 Dubito
826 1357 960 1388 tamen
985 1349 1127 1398 valde,
1169 1362 1267 1387 num
1298 1347 1485 1386 habuerit
1501 1378 1511 1394 ‚

81 1417 207 1456 quum
244 1404 352 1458 apud
385 1405 576 1444 Nostrum
607 1406 769 1458 quidem
799 1419 879 1443 non
913 1405 1069 1443 tantum
1105 1404 1189 1442 eius
1218 1403 1272 1441 rei
1300 1401 1413 1440 nulla
1448 1402 1519 1439 fiat

79 1459 232 1498 mentio
246 1489 258 1507 ,
290 1459 364 1498 »sed
383 1460 502 1498 etiam
519 1468 791 1499 memorentur
809 1460 1003 1513 spadones
1027 1456 1303 1509 νιψηστιάριοι
1335 1455 1400 1495 vel
1423 1456 1518 1495 mal—

80 1511 266 1562 luviarii,
304 1521 343 1552 et
370 1513 538 1553 barbam
574 1516 864 1567 caesariemque
889 1512 1271 1567 pectendipfficium
1298 1509 1517 1563 proculdu-

81 1565 151 1606 bio
182 1567 236 1606 ad
261 1567 418 1606 eosdem
445 1569 592 1608 aliosve
621 1569 814 1622 spadones
848 1567 1112 1607 cubicularios
1138 1567 1388 1619 pertinuerit.
1447 1565 1519 1603 Ait

82 1621 246 1674 quidem
269 1622 487 1662 Ordericus
513 1623 656 1662 vitalis
678 1625 726 1661 L.
757 1624 849 1661 Vll.
882 1636 1048 1661 narrans
1076 1621 1125 1659 de
1152 1621 1275 1673 captis
1301 1619 1352 1658 ab
1378 1619 1518 1658 Alexio

83 1676 289 1716 Comneno
309 1684 349 1715 et
373 1676 498 1715 CPlin
518 1678 722 1716 translatis
741 1685 860 1731 atque
882 1678 923 1715 in
949 1689 1193 1730 gynaeceum
1221 1674 1425 1727 Augustae
1446 1674 1519 1713 ab·

83 1730 176 1770 ditis
200 1730 358 1770 filiabus
389 1731 553 1770 Roberti
580 1733 789 1772 Guiscardi
802 1763 812 1780 ‚
844 1730 1013 1783 officium
1043 1745 1178 1768 earum
1190 1731 1343 1781 fiu'sse,
1363 1743 1515 1778 numne,

78 1785 178 1828 dum
205 1786 430 1840 Imperator
462 1787 643 1826 CPtanus
676 1788 725 1826 de
751 1796 870 1826 strato
899 1787 1128 1825 surr-exisset
1152 1798 1362 1838 manusque
1385 1785 1519 1822 ablue-

24 1878 26 1880 .
83 1849 168 1889 ret,
205 1842 435 1896 mappulam
459 1851 498 1880 et
515 1844 710 1896 pectinem
733 1843 937 1881 eburneum
963 1840 1107 1892 qffi'erre
1135 1848 1174 1877 et
1195 1839 1357 1877 barbam
1384 1839 1518 1893 Impe-

81 1897 227 1934 raton's
249 1905 417 1950 pectere.
473 1896 551 1935 Sed
583 1904 654 1936 aut
682 1896 930 1950 particularis
968 1894 1034 1933 ille
1063 1908 1176 1932 casus
1206 1893 1282 1931 fuit
1298 1923 1308 1940 ‚
1342 1900 1381 1931 et
1406 1894 1519 1932 insti—

83 1955 219 1988 tutum
244 1949 372 1990 Alexii
387 1981 398 1997 ‚
431 1952 541 2003 quod
564 1967 657 1991 cum
681 1954 765 2005 ipso
790 1951 1023 2004 exspiravit,
1060 1963 1140 2002 quo
1164 1947 1325 1986 volebat
1343 1948 1521 1998 exosissi-

79 2017 199 2046 mum
224 2004 300 2044 sibi
335 2004 539 2045 hominem
568 2021 685 2045 urere
716 2015 757 2045 et
790 2007 1010 2059 deprimere
1028 2036 1037 2050 ‚
1077 2011 1147 2041 aut
1175 2003 1392 2042 Ordericus
1421 2002 1521 2041 falsa

51 2087 55 2089 Α
77 2059 274 2108 tradidit,
313 2061 423 2113 quod
446 2062 579 2113 potius
595 2062 780 2111 videtur3
814 2069 859 2100 ut
883 2060 1010 2099 multa
1029 2058 1161 2098 Latini
1189 2057 1240 2095 de
1266 2057 1449 2106 Graecis,
1481 2065 1522 2096 et

80 2114 261 2154 ·vicissim
282 2113 327 2153 hi
357 2115 408 2153 de
438 2115 516 2155 illis
531 2147 541 2163 ‚
589 2117 809 2170 ignorantia
847 2116 973 2162 recti,
1024 2114 1116 2152 odio
1132 2143 1142 2158 2
1186 2111 1449 2159 criminandi,
1482 2119 1523 2150 et

85 2167 259 2221 denique
284 2170 461 2222 nugandi
483 2170 648 2210 libidine
662 2202 673 2219 ,
709 2186 789 2224 qua
811 2171 884 2209 ista
911 2168 1067 2209 saecula
1092 2167 1351 2214 laborabant,
1386 2166 1523 2205 absur-

85 2222 138 2261 da
167 2230 207 2273 et
238 2223 406 2265 ridicula
436 2227 648 2265 commenti
676 2234 783 2265 sunt.
843 2225 964 2275 Quod
984 2224 1099 2262 nobis
1122 2223 1189 2261 hic
1211 2229 1270 2261 est
1302 2222 1416 2260 Coeto
1432 2251 1443 2268 ‚
1478 2222 1520 2259 id

80 2279 324 2317 caminatam
353 2279 624 2322 dormitoriam
656 2281 828 2334 appellat
858 2279 1080 2318 Monachus
1102 2276 1387 2330 sangallensis,
1418 2277 1452 2314 I.
1478 2276 1516 2315 5.

87 2333 138 2372 de
165 2331 308 2371 Carolo
330 2334 388 2371 M.
420 2348 600 2374 narrans.
658 2337 801 2374 Finitzk
820 2336 998 2374 laudibus
1015 2333 1211 2372 matutimis·
1237 2345 1323 2370 cum
1350 2345 1434 2379 mx?
1452 2330 1519 2384 [ex

87 2386 271 2441 ecclesia]
306 2388 365 2426 ad
380 2389 576 2442 palatium
599 2391 668 2428 vel
695 2393 931 2429 caminatam
962 2388 1229 2427 dormitoriam
1265 2386 1525 2438 calefaciendi

83 2442 189 2495 teget
208 2443 383 2481 ornandi
410 2442 471 2496 [id
494 2451 552 2482 est
571 2445 750 2484 vestibus
774 2442 960 2499 parandi]
993 2444 1122 2495 gratia
1143 2441 1301 2480 rediret.

197 2496 250 2535 A.
285 2511 324 2550 7.
365 2497 426 2551 [7‚
464 2498 549 2552 13.]
595 2495 623 2550 ἦ
650 2501 726 2538 τοῦ
756 2498 901 2552 κυρίου
944 2494 1291 2550 ἦμῶν--εἷκοόν,
1344 2495 1521 2550 *[Edes-

86 2563 183 2590 aena
205 2550 412 2599 videlieet,
453 2567 575 2605 quam
605 2554 810 2593 Romanus
827 2556 1056 2606 Lecapenus
1081 2552 1301 2604 Imperator
1325 2550 1395 2588 diu
1414 2549 1521 2588 mul-

88 2611 258 2658 tumque
293 2608 504 2660 expetitam
534 2609 696 2648 tandem
723 2625 747 2648 a
772 2609 952 2648 barbaris
981 2608 1283 2659 impetraverat,
1333 2613 1375 2643 et
1399 2619 1522 2657 quam

90 2658 134 2699 in
158 2659 388 2700 solennibus
411 2662 602 2702 festorum
626 2665 668 2703 in
693 2664 944 2717 Imperatoris
962 2661 1110 2700 throno
1140 2660 1371 2700 collocatam
1402 2660 1523 2698 fuisse

81 2725 138 2752 -ex
165 2713 243 2754 hoc
268 2715 357 2755 loco
384 2725 559 2770 apparet.
617 2719 748 2758 Unice
764 2720 840 2758 hoc
860 2717 1070 2757 confirmat
1087 2716 1370 2763 Constantinus
1388 2721 1524 2753 noster

91 2767 135 2806 in
159 2770 337 2809 oratione
355 2771 410 2810 de
444 2773 614 2827 imagine
633 2774 835 2813 Edessena
865 2769 938 2811 καὶ
959 2767 1014 2810 τοὶ
1043 2771 1126 2810 τῶν
1153 2769 1376 2822 βασιλειῶν
1402 2767 1522 2821 etc.]*
