1884 3132
331 122 443 195 690
640 138 715 180 10.
758 137 862 180 1Αο.
905 139 1099 179 nnisxn
1139 137 1519 182 commum

329 244 498 284 venisse.
571 242 689 283 Certe
731 257 842 297 leges
890 249 931 283 et
972 250 1177 297 magnates
1216 243 1435 284 Persarum
1463 259 1532 284 eos
1557 246 1776 298 gestabant.

330 311 390 349 Ita
418 316 557 348 narrat
587 308 744 349 Auctor
779 309 873 348 libri
911 309 1077 349 Arabici
1104 298 1292 344 υἱ-ΑῙἮ
1335 301 1459 368 ῢῙ-ςλ)
1512 312 1690 366 inscripti
1740 321 1781 353 et

328 365 450 405 rebus
481 365 737 418 historiisque
766 365 874 404 scitis
902 365 1070 416 1eferti‚
1101 367 1144 404 in
1184 334 1450 419 descriptione
1477 366 1640 420 praelii,
1671 368 1780 422 quod

328 431 534 470 Arabibus
565 425 610 486 2⁶³
644 435 723 479 ύὸ
765 441 855 481 “D-'-
883 430 1136 493 appellatur,
1167 445 1285 482 eum,
1314 433 1384 484 qui
1412 433 1620 472 Persicum
1649 434 1781 494 Impe-

327 504 502 536 ratorem
529 497 675 536 occidit
702 487 788 553 ΟΒ
824 484 989 545 ὠιλῖ,
1025 489 1203 554 δύ’),υιῗρ
1251 486 1397 556 most>
1445 490 1599 532 »ἰωὰ
1631 485 1781 534 ι’λ-ὸῒ

327 563 476 618 ..9049-
504 554 611 599 ιόκω
645 575 711 623 &j
747 566 890 619 cepisse
920 573 1064 603 vestem
1093 579 1174 603 elus
1203 579 1367 602 serzcam
1415 579 1513 604 auro
1562 566 1715 621 pictam
1745 575 1783 605 et

326 639 528 685 utrumque
553 640 823 669 cremasterem
874 639 911 668 et
948 631 1130 669 armzllas
1177 644 1272 669 etus.
1331 629 1438 669 Nam
1463 645 1548 670 eum
1558 633 1692 683 fuisse
1710 646 1778 670 or·

326 695 460 724 natam
488 685 781 739 Imperatorum
817 685 1082 725 Persicorum.
1137 685 1258 736 Quod
1288 685 1394 724 idem
1424 686 1650 725 Brissonius
1677 700 1778 740 quo-

326 754 405 793 que
433 742 474 778 in
526 740 631 779 libro
672 741 722 779 de
748 742 887 794 Regno
917 741 1136 779 Persarum
1182 754 1228 779 ex
1258 741 1491 780 auctoribus
1518 741 1680 781 Graecis
1707 741 1778 781 de·

325 796 582 835 monstravit.
611 804 612 807 ’

439 851 495 889 D.
520 850 559 902 4.
594 849 705 905 [582,
734 848 816 904 15.]
863 845 1103 903 πνικτάρια.
1159 849 1339 889 Coniicio
1369 850 1473 890 idem
1501 851 1637 915 fuisse,
1669 850 1778 905 quod

327 905 449 944 hodie
479 906 650 945 dicimus
677 906 997 953 801ιηιενῦι’ίὶ3ῐε,
1032 906 1233 944 strictoria
1264 905 1567 955 mamellarum,
1599 921 1683 946 sive
1698 921 1778 946 lam

326 975 372 999 ea
420 962 538 1000 costis
580 961 842 1000 balaenarum
883 960 1080 1014 rigidata,
1131 961 1214 1000 sive
1267 960 1346 1000 alio
1384 961 1502 1000 modo
1547 969 1778 1015 comparata

325 1016 490 1056 suerint.

434 1072 488 1109 D.
513 1070 551 1110 5.
590 1069 707 1124 [582,
735 1068 818 1123 16.]
855 1068 1044 1124 κοσμίτῃ.
1099 1068 1275 1110 Videtur
1318 1069 1538 1110 triclinium
1579 1077 1650 1110 aut
1692 1070 1775 1111 sala

325 1126 478 1176 fuisse,
507 1127 548 1164 in
588 1140 668 1178 qua
698 1132 764 1164 aut
795 1139 917 1163 ornai
919 1132 1061 1177 entur,
1093 1133 1332 1179 pararentur
1353 1125 1558 1190 Augustae
1587 1127 1774 1177 (Parato-

324 1196 429 1220 rtum
460 1180 662 1235 appellant
681 1180 814 1219 Latini
844 1180 1089 1233 sequiores),
1123 1188 1194 1219 aut
1222 1181 1263 1220 in
1291 1195 1370 1234 qua
1401 1178 1423 1219 ὁ
1453 1177 1622 1232 κόσμος,
1653 1195 1775 1220 mun-

325 1236 430 1286 dus,
459 1236 618 1285 ioealia,
650 1249 857 1302 gemmae,
889 1238 1127 1288 margaiitae
1154 1250 1332 1275 asservai
1334 1243 1482 1286 entur
1512 1250 1639 1289 eoque
1663 1236 1770 1276 idem

324 1291 402 1329 suit
430 1306 522 1330 cum
550 1291 607 1345 τῷ
645 1289 915 1353 ptapyaot'tpy,
954 1293 1066 1329 cuius
1107 1292 1351 1330 mentionem
1393 1291 1489 1330 facit
1515 1292 1599 1330 Leo
1628 1292 1774 1331 Gram-

325 1354 423 1385 mat.
445 1361 487 1400 p.
511 1345 590 1400 475
599 1374 608 1383 .
668 1345 709 1383 Si
758 1346 943 1383 exercitia
968 1348 1216 1410 gymnastica
1244 1347 1376 1385 medio
1406 1360 1504 1385 aevo
1532 1347 1575 1385 in
1603 1360 1678 1386 usu
1711 1347 1775 1386 fu-

323 1403 444 1440 issent
473 1401 571 1440 CPli
588 1431 599 1450 ,
635 1401 906 1450 conficerem,
935 1398 1005 1439 τὸν
1033 1414 1239 1453 κοσμητην
1268 1402 1389 1441 fuisse
1412 1400 1672 1455 palaestram,
1702 1416 1774 1456 gy—

322 1457 538 1496 mnasium.
598 1456 702 1495 Sane
731 1456 847 1495 aedes
879 1430 1039 1495 Manae
1063 1471 1103 1495 m
1124 1456 1331 1496 Comzedin
1357 1457 1464 1510 apud
1491 1457 1692 1507 Romam,
1723 1457 1776 1497 de

322 1527 404 1565 qua
433 1512 658 1551 Radevicus
700 1512 742 1549 in
784 1511 881 1550 Vita
920 1511 1169 1550 Fridericil.
1214 1526 1276 1566 17.
1310 1519 1349 1551 et
1387 1527 1456 1551 22.
1501 1519 1540 1551 et
1569 1511 1773 1551 Keislerus

323 1567 507 1611 Itinerar.
536 1582 578 1631 p.
604 1567 694 1621 519.
689 1596 713 1618 .,
741 1565 842 1605 nihil
858 1566 967 1606 aliud
993 1566 1088 1606 olim
1105 1567 1196 1618 fuit,
1210 1582 1329 1631 quam
1350 1566 1560 1621 palaestra,
1591 1575 1638 1606 ut
1653 1569 1774 1606 etiam

322 1622 496 1662 alteium
538 1625 624 1661 eius
673 1636 820 1660 nomen
849 1621 994 1660 Schola
1040 1622 1196 1661 Graeca
1245 1624 1339 1661 satis
1384 1622 1548 1662 indicat.
1602 1623 1773 1663 Iuvenes

323 1677 496 1717 Romani
525 1677 622 1716 illuc
651 1677 702 1716 ad
731 1677 918 1716 discenda
947 1679 1125 1730 eorporis
1145 1678 1328 1716 exercitia
1357 1679 1465 1717 iuxta
1480 1691 1632 1716 morem
1646 1678 1773 1717 Grae-

320 1746 413 1772 cum
443 1733 556 1772 ibant
585 1732 684 1785 (der
724 1734 958 1785 griechische
986 1734 1141 1773 Feclct-
1167 1733 1250 1772 and
1292 1734 1332 1771 T
1328 1733 1571 1783 antzboden).
1642 1733 1769 1772 Forte

320 1787 429 1826 idem
465 1803 557 1827 cum
577 1788 704 1826 stadio
741 1788 1012 1834 Graecorum,
1059 1788 1168 1841 quod
1212 1796 1407 1827 memorat
1447 1786 1695 1840 Capitolinus
1724 1789 1770 1827 in

321 1842 529 1882 Antonino
560 1843 637 1883 Pio
666 1857 702 1881 c.
725 1842 767 1882 8.
837 1843 897 1881 Ita
925 1843 1029 1882 enim
1060 1844 1117 1881 ibi
1155 1842 1233 1896 leg.
1256 1873 1268 1894 ,
1308 1858 1391 1882 non
1423 1843 1769 1894 Graecostadium,

319 1905 365 1936 ut
391 1898 514 1952 vulgo
553 1899 700 1938 editur.
770 1899 996 1938 Posteriora
1036 1898 1191 1937 saecula
1215 1900 1456 1952 pariturium
1496 1897 1765 1952 appellabant.

319 1953 520 2006 Descript.
555 1954 765 2017 reg-ionum
794 1954 919 2000 u1b1s,
951 1953 1046 1992 edit.
1079 1953 1331 1992 Mabillonii:
1363 1969 1389 1992 a
1409 1961 1528 2008 porta
1555 1953 1769 1992 Flaminea

320 2023 437 2062 usqae
451 2009 696 2063 pariturium
713 2038 724 2057 ‚
774 2008 815 2047 id
848 2016 906 2047 est
926 2010 1213 2063 paratoriwtm
1203 2037 1215 2058 ,
1256 2009 1364 2062 quod
1391 2016 1532 2048 natum
1560 2022 1582 2047 e
1610 2009 1769 2047 sinistra

319 2066 548 2116 acceptione
575 2064 690 2102 verbi
719 2067 902 2114 κοσμεΐι,
928 2062 1037 2116 quod
1066 2063 1131 2101 hic
1159 2063 1283 2112 aliud,
1303 2079 1424 2117 quam
1451 2077 1615 2111 ornare,
1639 2077 1771 2128 para«

318 2132 362 2156 re
389 2126 531 2158 notat:
560 2121 728 2167 κοσμεῖν
757 2119 920 2157 Graecis
950 2119 1053 2157 idem
1085 2126 1142 2157 est
1178 2125 1298 2172 atque
1325 2118 1489 2167 α’σκεῖν,
1521 2115 1762 2180 γυμνάζειν.

320 2173 426 2212 Hinc
455 2174 585 2227 iungit
614 2173 1132 2225 Ar1ian.disse1t.Epiet.
1174 2188 1290 2228 saepe
1319 2171 1490 2213 ὁπλίσαι
1516 2171 1590 2215 καί
1615 2170 1767 2224 κοσμῆ-

318 2241 408 2277 σαι,
439 2229 521 2267 vid.
551 2228 711 2282 Ρ..5ο4
731 2230 773 2269 8.
805 2228 897 2268 505.
927 2242 988 2281 ¹9.
1021 2235 1059 2266 et
1088 2243 1195 2280 pen„
1226 2244 1267 2282 p.
1292 2229 1385 2267 διο.
1409 2243 1448 2282 7.
1453 2260 1466 2278 ,
1495 2227 1564 2267 ubi
1590 2227 1764 2266 Alexan-

317 2282 437 2321 dium
468 2285 529 2322 Μ.
564 2284 620 2322 ait
647 2283 770 2321 fuisse
806 2279 929 2330 τάξαι
972 2297 1038 2321 και
1070 2281 1240 2322 υπλίσαι
1271 2298 1340 2322 και
1368 2282 1576 2346 κοσμῆσαι
1605 2281 1763 2332 ὁανμο-

318 2338 540 2387 τέστατον,
570 2339 860 2377 scz‘ietmvsznmm
894 2337 1113 2376 ordinandi
1138 2340 1275 2377 mllitis
1302 2353 1344 2377 m
1386 2339 1508 2376 aciem
1536 2346 1574 2376 ec
1602 2350 1764 2374 arman-

317 2392 364 2430 di
413 2402 449 2430 ee
492 2394 720 2432 exerc-emh.
814 2393 1011 2431 Maximus
1039 2393 1198 2459 Tyrius
1237 2407 1356 2431 serm.
1395 2407 1461 2431 22.
1479 2406 1546 2454 p.
1580 2404 1668 2429 222
1702 2389 1765 2430 ed.

318 2447 487 2486 Heius.:
535 2446 581 2487 τί
619 2447 664 2486 δὲ
695 2443 732 2486 οἱ
766 2447 954 2498 Κρῆτεςς
1003 2460 1051 2485 ου
1082 2461 1147 2486 σοι
1187 2447 1379 2486 δοκοῦσιν
1407 2441 1489 2484 ὑπὸ
1517 2446 1690 2495 βασιλεῖ-
1709 2444 1765 2482 τσῦ

320 2500 447 2539 ῘΙῙίνω
477 2501 754 2553 κοσμηθέντες
773 2505 847 2540 καὶ
853 2501 934 2552 ὥς,
965 2515 1045 2540 non
1064 2509 1221 2541 tantum
1246 2503 1421 2556 pulchris
1448 2500 1591 2552 legzbas
1616 2500 1764 2537 instru-

316 2556 369 2591 cti
386 2584 396 2603 ,
425 2541 506 2594 sed
551 2557 670 2595 etiam
706 2571 817 2594 cursa
837 2586 849 2605 ,
882 2557 1009 2595 laculo
1016 2586 1039 2619 ..’
1078 2571 1176 2596 arcu
1221 2558 1389 2611 aliisque
1417 2554 1615 2593 exerczmtus
1638 2553 1764 2606 probe

314 2612 495 2667 exercui,
527 2609 776 2662 αγασθέιτες
803 2609 875 2662 τῆς
905 2609 1056 2663 ἆρετνς
1085 2611 1335 2650 διδάσκαλον
1363 2607 1476 2662 αιῗτῶ
1507 2606 1764 2672 ἐπιφημίσαι

314 2675 386 2700 ’τον
414 2662 520 2711 Δια,
579 2666 623 2703 In
655 2666 816 2703 Graecis
849 2667 1064 2718 gymnasiis
1106 2668 1293 2717 magister
1321 2664 1597 2703 exercitiorum
1627 2669 1712 2701 erat
1739 2656 1764 2699 ὅ

314 2713 552 2770 κοσμήτης·
542 2747 553 2769 ,
605 2720 689 2758 vid.
719 2720 831 2760 Cors.
873 2721 985 2759 Fast.
1017 2720 1146 2758 Attic.
1176 2721 1226 2758 Τ.
1243 2720 1294 2758 11.
1357 2718 1462 2756 Hinc
1493 2716 1691 2770 intelligas
1722 2723 1762 2756 et
