1884 3132
175 141 252 186 An
291 140 590 184 coNsTm.
622 140 820 183 ponpa.
861 141 932 181 nr,
974 138 1155 182 cmm.
1194 139 1292 180 Lm.
1334 141 1387 180 11.
1425 118 1540 176 653

97 246 181 287 sive
206 253 254 286 ut
280 245 459 299 exempla
487 252 669 284 nostrum
696 243 897 299 aliquibus
925 244 1027 283 sorte
1056 250 1175 298 captu
1200 244 1387 298 propiora
1421 243 1534 282 futu-

98 315 144 341 ra
170 300 365 355 allegem,
411 315 646 353 campanam
676 307 746 338 aut
783 313 929 338 conum
962 299 1025 338 vel
1054 313 1198 352 panem
1229 299 1535 348 saccharinum‚

97 355 247 395 suffixis
274 357 314 395 in
360 369 407 395 eo
445 355 509 395 vel
539 354 854 408 dependentibus
892 368 936 392 ex
966 368 1013 392 eo
1040 368 1111 407 per
1137 354 1331 392 ambitum
1363 354 1536 392 lucernis

98 410 391 450 illustrantibus
407 411 642 449 triclinium.
658 410 788 448 Erant
818 410 917 448 varii
937 410 1090 462 generis
1118 409 1373 448 camelaucia.
1391 409 1536 448 Unum

92 480 257 519 prorsus
295 465 519 519 apsidatum
557 478 628 504 seu
675 471 924 503 camaratum
939 494 951 513 ‚
978 471 1025 502 ut
1052 465 1183 503 cassis.
1238 463 1354 502 Talia
1382 470 1536 517 gestare

97 521 227 561 solent
251 520 358 574 apud
387 533 462 559 nos
495 526 564 558 aut
591 520 642 558 de
666 522 776 558 corio
805 518 903 557 viles
931 517 1137 567 homines,
1157 518 1278 571 vulgo
1309 519 1540 559 Bleclzmiie-·

92 590 164 615 zen
207 574 452 629 appellamus
467 605 479 625 ‚
508 576 670 614 nomine
684 589 707 613 a
734 574 1037 623 Bleclimiintzen
1051 604 1062 622 ,
1093 575 1266 612 nummis
1294 573 1505 613 bracteatis
1519 603 1532 622 ,

94 632 291 684 repetito,
320 630 510 683 quoniam
552 629 663 669 velut
701 629 859 676 caucia,
903 628 1067 682 scyphia
1091 658 1102 678 ‚
1142 629 1325 682 cymbia,
1357 628 1535 669 conchae

91 685 267 725 insident
316 686 468 738 capiti,
514 692 647 723 exacte
688 684 949 738 congruentia
995 685 1119 737 ipsius
1147 684 1395 738 peripheriae
1422 691 1463 723 et
1490 685 1534 723 in

92 754 240 779 conum
269 747 339 779 aut
365 754 540 779 vacuum
568 740 742 793 spatium
767 753 845 778 non
862 746 1089 792 assurgunt.
1148 739 1405 793 Appellamus
1431 753 1534 793 quo-

91 808 172 848 que
197 796 599 834 Fuhnnannsmiiezea
614 824 627 845 ,
672 794 884 833 almuccias
912 796 1179 833 cari-ariorum
1201 825 1211 842 ‚
1245 796 1340 848 quia
1367 796 1532 834 carrarii

90 857 271 890 vectores
294 849 385 888 talis
412 850 565 889 formae
599 849 755 888 bonetis
797 849 911 888 lineis
949 863 1042 888 cum
1077 849 1183 889 villis
1211 851 1534 900 λινομαλλωτοΐς

90 907 151 944 uti
193 904 336 944 solent.
395 905 526 943 Huius
566 905 720 958 generis
746 902 987 943 camelaucia
1014 911 1169 958 gestant
1195 904 1253 943 illi
1282 905 1363 944 duo
1390 919 1534 959 proce-

91 973 179 1008 res,
209 960 416 999 eunuchus
454 960 784 1012 protovestiarius
822 967 863 998 et
900 960 1099 999 canicleus
1117 989 1128 1009 ‚
1171 961 1240 1013 qui
1277 961 1319 998 in
1356 962 1531 1015 imagine

86 1014 352 1054 Ceremoniali
417 1022 555 1054 nostro
602 1014 775 1067 praefixa
834 1015 1068 1068 Imperatori
1131 1028 1155 1054 a
1203 1015 1339 1054 dextra
1395 1023 1529 1066 stant;

87 1070 184 1108 item
226 1077 471 1123 protectores
508 1084 551 1109 m
578 1069 750 1122 imagine
793 1070 1003 1109 Iustiniani
1038 1071 1271 1109 Ravennate
1311 1071 1419 1124 apud
1458 1072 1529 1110 Du

87 1124 286 1178 Gangium
311 1125 457 1165 Famil.
484 1125 692 1178 Byzantin.
723 1138 764 1178 p.
785 1139 855 1179 97.
886 1127 1049 1164 extremi
1079 1139 1102 1163 a
1132 1125 1267 1164 dextra
1307 1126 1529 1180 Imperato-

86 1180 172 1230 ris;
204 1180 299 1219 item
327 1179 384 1219 illi
411 1179 517 1218 Galli
545 1181 589 1218 in
622 1187 886 1219 monumento
914 1181 990 1220 sub
1018 1180 1182 1220 Tiberio
1210 1181 1318 1234 Aug.
1346 1182 1524 1231 condito,

86 1234 197 1287 quod
245 1235 351 1288 apud
391 1236 588 1274 Murator.
626 1250 666 1288 p.
694 1235 910 1274 MLXVH.
946 1237 1027 1274 aeri
1069 1238 1238 1275 incisum
1266 1238 1541 1290 conspicitur,

83 1289 276 1342 Iosephus
290 1289 367 1328 hoc
394 1292 517 1342 genus
545 1289 704 1329 videtur
730 1291 850 1329 πῖλον
879 1283 1039 1330 ἄκωνον
1064 1291 1278 1344 appellare,
1306 1292 1415 1344 quod
1439 1293 1527 1331 Ru-

83 1343 189 1382 finus
204 1346 329 1383 -vertit
351 1346 508 1398 pileum
538 1346 580 1383 in
614 1345 774 1383 modum
795 1345 1015 1383 calamauci
1032 1347 1115 1384 sive
1142 1347 1316 1384 cassatae.
1372 1348 1538 1387 Locum-

84 1397 213 1436 debeo
237 1399 304 1437 Du
318 1399 470 1451 Cangio
486 1413 528 1437 v.
560 1399 863 1450 Canoelazoeium‚
878 1399 949 1438 ubi
978 1402 1133 1452 egregia
1151 1400 1227 1439 hac
1247 1400 1298 1439 de
1317 1415 1363 1439 re
1386 1401 1523 1440 habet.

82 1451 270 1492 Alterum
285 1453 515 1492 camelaucii
526 1467 650 1506 genus
659 1460 744 1492 erat
759 1452 1139 1506 s'otpwdomopcs'vor,
1152 1469 1175 1493 e
1187 1455 1327 1502 fundo,
1345 1455 1530 1504 (fimdum

83 1507 241 1560 appello
264 1516 481 1548 extremum
506 1510 751 1561 marginem,
783 1509 852 1561 qui
879 1508 1053 1547 frontem
1087 1510 1215 1563 tegit‚)
1241 1524 1264 1548 e
1289 1510 1415 1549 sundo
1446 1512 1525 1564 igi-

81 1568 153 1601 tur
192 1563 411 1602 orbiculari
440 1562 580 1602 latiore
621 1565 664 1601 in
693 1565 846 1617 apicem
877 1564 1061 1602 conicum
1088 1564 1272 1603 desinens
1295 1579 1307 1615 ;
1333 1567 1398 1604 cui
1420 1567 1523 1619 apici

81 1624 152 1656 ant
177 1625 286 1657 recto
315 1620 358 1657 in
383 1618 510 1657 altum
537 1619 686 1669 stanti,
715 1618 765 1657 ad
801 1618 967 1657 modum
1001 1618 1094 1672 pilei
1115 1621 1264 1658 nautici
1301 1626 1371 1658 aut
1413 1621 1522 1661 Ara-

78 1670 190 1723 bici,
217 1679 260 1711 et
300 1686 345 1711 ex
387 1680 501 1726 parte
529 1687 689 1727 quoque
738 1673 879 1712 mitrae
927 1674 1182 1726 episcopalis,
1226 1677 1361 1728 (quam
1382 1675 1522 1728 Pluy-

76 1728 191 1779 giam
223 1727 503 1780 appellabant,
542 1729 650 1781 quod
678 1728 782 1781 pileo
826 1728 1004 1781 Phrygio
1033 1729 1171 1768 similis
1199 1737 1323 1778 esset,
1352 1731 1437 1770 vid.
1468 1731 1521 1771 ad

76 1795 121 1834 p.
153 1781 248 1821 332.
270 1783 326 1821 A.
349 1783 432 1832 5.‚)
460 1789 530 1822 aut
558 1785 599 1822 in
622 1783 727 1822 latus
754 1782 972 1831 reclinato,
1011 1791 1080 1822 aut
1107 1784 1230 1834 nihil,
1262 1792 1331 1823 ant
1358 1783 1481 1837 σειρά
1503 1816 1517 1836 ,

77 1835 239 1886 libella,
264 1844 411 1876 nutans
434 1837 587 1890 aliquid
611 1846 651 1877 et
670 1838 757 1877 laxe
775 1838 952 1891 pendens
974 1839 1155 1878 additum
1178 1848 1253 1889 est,
1279 1842 1364 1879 eine
1386 1841 1518 1880 Trod-

76 1890 146 1928 del
171 1891 236 1929 vel
274 1891 471 1943 Pommel,
509 1893 665 1946 Quaste*
690 1894 858 1932 dicimus
898 1893 990 1946 (une
1009 1894 1180 1949 Houppe
1205 1895 1351 1934 Franm
1365 1925 1375 1943 ‚
1415 1896 1516 1935 don-

75 1945 172 1983 dola
190 1945 278 1983 lmli
306 1946 474 1999 dicunt).
533 1948 663 1986 Huius
692 1949 847 2002 generis
886 1948 1127 1988 camelaucia
1160 1958 1303 2003 gerunt
1333 1964 1516 2002 proceres

78 1999 161 2037 duo
202 1999 345 2053 reliqui
385 2002 427 2040 in
466 2001 534 2040 illa
563 2004 736 2056 imagine
774 2011 910 2042 nostra
948 2003 1000 2042 ad
1026 2005 1280 2058 Imperatoris
1315 2005 1515 2044 sinistram

79 2060 253 2105 stantes,
303 2062 343 2093 et
374 2063 455 2095 tres
492 2058 598 2110 Magi
621 2058 726 2096 dona
758 2058 916 2098 Christo
947 2073 1084 2098 recens
1114 2067 1208 2098 nato
1233 2059 1442 2099 offerentes
1470 2061 1513 2099 in

75 2122 243 2147 nummo
285 2109 444 2149 Ioannis
468 2111 685 2151 Tzimiscae
707 2113 813 2166 apud
852 2114 919 2151 Du
950 2113 1144 2167 Cangium
1169 2114 1315 2153 Famil.
1343 2115 1509 2167 Byzant.

74 2177 118 2215 p.
138 2165 231 2204 ‹152-
258 2177 376 2203 versu
402 2167 558 2217 primo,
589 2174 628 2205 et
655 2168 817 2220 gerebat
840 2170 1019 2221 princeps
1042 2169 1279 2207 Antiochiae
1306 2170 1511 2209 Germ-dus

74 2219 117 2256 in
147 2225 420 2258 torneamento
448 2234 540 2258 cum
566 2222 753 2260 Manuele
781 2223 988 2261 Comneno
1020 2224 1127 2275 apud
1156 2223 1411 2262 Antiochiam
1444 2226 1510 2263 in·-

73 2273 239 2323 stituto,
264 2280 364 2312 teste
389 2274 529 2313 Niceta
562 2289 603 2326 p.
626 2275 693 2329 57.
716 2277 785 2317 C.:
814 2274 923 2328 ἔχων
950 2276 1020 2316 ἑπί
1045 2277 1232 2330 κεφαλῆς
1256 2280 1375 2316 πῖλον
1403 2275 1509 2318 κατὰ

71 2324 225 2378 τιάραν
262 2326 465 2380 ἐπικλινῆ.
520 2329 619 2368 Tale
653 2330 939 2370 camelaucium
975 2339 1060 2370 erat
1093 2331 1151 2380 id,
1178 2332 1230 2370 de
1260 2346 1341 2384 quo
1370 2340 1508 2374 nostm

72 2381 116 2418 in
152 2380 240 2420 loco
261 2384 392 2435 agitur
409 2413 420 2430 ‚
470 2385 582 2421 cuius
623 2387 829 2424 occasione
853 2386 902 2424 de
946 2386 1195 2424 camelauciis
1224 2386 1355 2426 dicere
1382 2390 1509 2441 coepi.

75 2434 180 2484 Quia
214 2437 321 2474 enim
346 2451 517 2476 coronae
540 2437 781 2486 luminosae,
811 2436 864 2478 τά
894 2437 1183 2491 πολυκάνὸηλα
1209 2469 1220 2490 ,
1251 2441 1507 2482 ecclesiarum

74 2495 114 2526 et
148 2489 412 2531 tricliniorum
451 2493 617 2530 camaris
635 2493 820 2546 suspendi
851 2493 978 2541 solita,
1013 2494 1156 2532 inimo
1188 2494 1423 2547 ampliores,
1465 2505 1506 2536 et

74 2556 156 2594 quo
176 2543 294 2584 altius
324 2546 606 2585 adscenderent
623 2577 634 2596 ‚
661 2561 708 2586 eo
749 2549 922 2586 minores
949 2547 1121 2588 circulos
1145 2549 1345 2590 habebant
1361 2580 1374 2601 ,
1393 2553 1503 2604 pari-

71 2602 211 2649 terque
242 2601 526 2640 camelaucium
559 2602 719 2640 secundi
748 2604 903 2655 generis
924 2602 975 2641 ad
1003 2603 1168 2641 modum
1208 2607 1298 2643 coni
1325 2606 1502 2646 sacchari

73 2651 206 2690 coibat
232 2653 275 2690 in
304 2657 479 2708 apicem:
511 2656 659 2694 factum
686 2671 730 2695 ex
758 2670 805 2695 eo
832 2657 921 2707 fuit,
946 2664 991 2696 ut
1009 2657 1088 2696 tale
1106 2658 1412 2712 polycandelum
1431 2675 1504 2714 per

71 2706 345 2760 metaphoram
380 2710 677 2767 camelaucium·
715 2711 928 2752 diceretur.
994 2712 1093 2753 Erat
1139 2728 1298 2769 quoque
1334 2717 1500 2756 tertium
