1884 3132
234 167 308 210 An
349 167 646 212 consum.
685 167 882 211 ponpa.
921 168 994 208 m:
1028 165 1211 208 cmm.
1250 167 1351 208 Lm.
1390 168 1424 207 1.
1475 145 1588 215 405

155 283 317 324 cunque
347 271 522 324 generis,
552 269 644 309 dein
670 270 762 324 equi
786 282 798 318 ;
844 283 936 308 raro
967 282 1111 307 aurum
1151 273 1190 308 et
1216 274 1425 320 argentum
1442 296 1455 317 ‚
1497 281 1590 307 raro

186 339 363 373 emmae,
393 340 486 364 raro
514 327 726 378 mancipia.
782 324 890 362 Haec
910 325 1110 377 accipiunt
1127 337 1239 376 reges
1256 322 1339 373 illi,
1371 322 1471 361 haec
1498 322 1591 361 red-

157 339 260 419 {unt
286 380 363 419 illis
384 410 396 430 ‚
423 395 523 434 quos
550 380 752 419 honorare
781 380 978 432 cupiunt3
1016 378 1100 417 vid.
1129 379 1328 416 Murator.
1359 377 1458 416 Ant.
1495 376 1587 416 Ital.

159 434 211 472 Τ.
247 435 304 473 11.
334 450 424 490 pag.
445 434 541 484 841.
580 449 701 487 sqq-3
730 433 838 472 unde
874 440 1031 471 tantum
1058 446 1185 470 unum
1211 431 1431 471 alterumve
1459 431 1592 471 locum

157 489 351 529 excitabo.
437 490 702 528 Admirabiles
755 489 913 542 nuptiae
963 501 1041 542 pro
1100 501 1147 526 ea
1195 487 1420 525 flIediolcmi
1449 488 1594 538 factae

155 553 246 583 sunt
264 573 276 596 ‚
305 547 368 584 ait'
389 544 616 584 Chronicon
644 544 812 582 Astense
830 573 840 590 ,
870 551 909 581 et
934 543 991 580 ibi
1022 541 1293 592 dataficemcnt
1321 542 1593 581 ioculatoribm

150 599 246 652 'plus
295 614 413 654 quam
447 609 590 654 septem
618 599 747 637 millia
768 611 994 652 pannorum
1027 598 1217 637 bonorum
1239 619 1258 626 -
1289 618 1312 626 -
1346 597 1592 636 Dominabus

159 652 366 692 Padaanis
391 655 512 693 multa
542 654 686 692 iocalia
712 653 951 692 condonavit
977 660 1015 690 et
1054 650 1326 690 iot-zelatoribzoe
1351 652 1494 690 multas*
1520 667 1591 690 ve-

156 717 252 757 stes,
288 709 421 763 quibus
452 709 712 765 dficientibzoe
751 721 890 746 aur-um
917 714 956 745 et
990 715 1191 758 argentum
1232 719 1313 759 pro
1345 707 1593 761 supplemen-

157 771 197 801 to
235 764 398 816 largitus
448 773 518 803 est.
587 763 698 802 Idem
738 764 858 800 etiam
897 762 939 800 in
982 760 1159 799 Historia
1197 760 1380 799 orientali
1422 761 1594 802 obtinet.

159 817 278 868 Quod
306 817 540 858 ioculatores
578 817 822 870 principibus
863 816 1110 868 Europaeis,
1160 814 1203 854 id
1243 817 1384 868 poetae
1422 815 1592 856 Arabici

156 872 402 926 principibus
446 873 706 913 orientalibus
751 878 879 910 erant.
936 870 1020 910 Hos
1051 883 1146 922 ergo
1188 871 1221 908 si
1260 869 1412 909 donare
1445 885 1592 910 mune-

155 940 202 967 re
244 941 320 981 pro
366 930 542 968 carmine
578 928 820 981 panegyrico
860 925 995 966 oblato
1040 925 1217 976 vellent,
1264 939 1369 978 equo
1406 933 1477 964 aut
1504 925 1592 979 pal-

155 990 240 1041 lio,
268 993 378 1047 quod
416 993 475 1034 illi
503 985 618 1051 'ol-5,
646 994 843 1042 challam,
874 990 1102 1046 appellant,
1145 989 1365 1030 donabant.
1426 991 1526 1030 Item
1554 993 1588 1031 si

156 1047 286 1087 maior
310 1050 493 1103 princeps
522 1051 717 1088 minorem
744 1047 986 1098 honoraret,
1014 1046 1183 1100 pallium
1211 1052 1251 1085 et
1293 1060 1419 1102 equus
1454 1048 1592 1086 mitte-

155 1101 291 1142 batur.
348 1103 396 1142 In
423 1104 527 1144 ludis
565 1102 814 1157 equestribus
844 1102 964 1142 medii
993 1103 1079 1140 aevi
1124 1101 1454 1154 proponebantur
1483 1103 1590 1140 inter

156 1159 235 1196 tria
260 1157 409 1198 brabea
434 1160 608 1212 primum
635 1165 674 1197 et
713 1159 928 1196 maximum
951 1158 1150 1211 pallium,
1195 1156 1303 1195 unde
1343 1163 1438 1195 nata
1466 1157 1590 1196 dictio

155 1226 285 1251 mmm·
306 1214 365 1252 ad
375 1215 564 1268 pallium,
596 1213 637 1253 id
665 1220 722 1252 est
742 1227 817 1265 pro
837 1212 958 1266 pallio
986 1210 1203 1250 obtinendo
1227 1225 1238 1260 3
1267 1225 1310 1250 v.
1334 1212 1530 1250 Murator.
1555 1210 1584 1250 l.

155 1281 193 1306 c.
207 1282 246 1320 p.
259 1267 351 1309 850.
378 1269 450 1308 Est
465 1276 613 1318 autem,
643 1275 689 1306 ut
716 1268 809 1318 dixi,
831 1266 995 1321 pallium
1015 1280 1096 1305 non
1126 1266 1167 1305 id
1193 1265 1340 1315 solum,
1370 1267 1479 1319 quod
1498 1266 1592 1306 stri-

157 1329 222 1361 cte
239 1324 295 1362 sie
322 1324 566 1376 appellamus
586 1353 598 1373 ‚
626 1323 695 1361 sed
722 1323 850 1364 omnis
878 1317 1059 1373 ιῖναβολῆ
1078 1350 1089 1371 ,
1119 1335 1238 1360 omne
1271 1321 1380 1373 quod
1409 1321 1590 1361 induitur

159 1383 230 1415 aut
256 1378 517 1430 appenditur,
547 1378 612 1418 vel
641 1378 839 1427 iniicitur,
867 1377 1100 1416 insternitur
1119 1377 1277 1428 corpori
1298 1376 1495 1428 tegendo,
1526 1377 1589 1414 fo-

158 1432 314 1483 vendo,
354 1433 533 1472 ornando
549 1462 560 1483 ‚
602 1431 727 1471 verbo
762 1431 964 1484 suppellex
1003 1432 1210 1476 vestiaria,
1262 1432 1438 1483 integrae
1485 1430 1589 1469 telae

159 1487 307 1540 panni,
338 1494 378 1525 et
403 1487 565 1543 quidem
591 1487 720 1525 serici.
773 1486 949 1525 Pallium
968 1487 1096 1534 enim,
1124 1483 1318 1535 παλλίον,
1347 1484 1457 1523 aliud
1484 1483 1589 1523 n3hil

161 1547 221 1580 est
235 1572 246 1591 ,
274 1540 589 1594 quam'nau‘om
606 1554 784 1595 pannus,·
816 1555 859 1579 v.
879 1541 946 1578 Du
973 1539 1106 1592 Gange
1135 1537 1266 1577 Gloss.
1284 1545 1457 1591 utroque
1474 1539 1517 1577 h.
1540 1553 1583 1579 v.

161 1597 262 1635 Otto
287 1597 322 1635 F
323 1597 549 1650 risingensis
575 1594 820 1648 opulentiam
845 1594 1023 1647 Byzantii
1052 1592 1311 1642 laudaturus,
1340 1593 1398 1630 ibi
1434 1594 1588 1632 abunde

160 1652 219 1690 ait
261 1666 339 1690 esse
379 1653 471 1690 auri
493 1660 531 1690 et
562 1651 714 1702 argenti
739 1659 778 1688 et
795 1651 1030 1703 palliorum.
1062 1649 1219 1687 Pariter
1245 1647 1481 1700 Radulphus
1509 1648 1587 1686 Ca-

161 1705 360 1747 domensis
389 1706 431 1744 in
458 1706 587 1758 Gestis
615 1705 847 1744 Boamundi‘
864 1711 904 1743 et
930 1703 1130 1742 Tancredi
1156 1702 1374 1741 introducit
1399 1701 1587 1742 Alexium

158 1761 408 1800 Comuenum
438 1761 536 1814 Imp.
556 1762 611 1799 sic
637 1759 866 1812 loquentem
892 1759 934 1798 in
961 1757 1125 1810 epistola
1153 1771 1177 1795 a
1204 1770 1247 1796 se
1270 1756 1436 1796 conficta
1454 1771 1467 1796 :
1501 1756 1587 1795 Hic
1611 1758 1632 1782 -·“

161 1815 301 1871 [CPli]
336 1824 424 1857 sune
449 1817 604 1870 pallia,
644 1816 706 1853 hic
742 1828 880 1854 aarum
894 1843 905 1862 ,
954 1814 1016 1851 laic
1049 1812 1196 1851 caballi
1210 1842 1221 1860 ,
1261 1813 1324 1849 hic
1347 1820 1383 1850 te
1414 1813 1586 1850 omnium

161 1880 295 1910 manet
327 1871 527 1922 affluentia
555 1871 835 1909 thesamvomm.
892 1869 1060 1910 Ioannes
1096 1865 1319 1906 Monachus
1346 1867 1389 1903 in
1416 1866 1512 1904 Vita
1529 1866 1584 1905 S.

162 1925 324 1964 ottonis
352 1924 522 1964 Abbatis
558 1924 829 1963 Cluniacensis
857 1923 936 1966 ΙΙΙ.
979 1937 1012 1961 1.
1035 1937 1046 1960 ε
1076 1922 1219 1960 relictis
1242 1934 1412 1974 namque
1438 1921 1583 1962 tuztz'vis

160 1989 275 2035 atque
297 1981 452 2018 assuetis
474 1981 706 2019 vestimentis
723 1978 1098 2033 coeperaemtficcatas
1114 1976 1270 2030 [nempe
1287 1988 1466 2028 purpura
1481 2004 1492 2023 ,
1513 1983 1585 2014 aut

161 2041 268 2073 certe
279 2034 491 2083 coloribus,
519 2034 711 2086 coloreas]
726 2043 839 2088 atque
843 2032 994 2088 fluxas
1008 2031 1066 2082 [id
1086 2039 1144 2070 est
1153 2029 1314 2083 amplas,
1330 2028 1584 2085 syrmatosas]

155 2091 358 2145 pallioque
387 2089 444 2142 [id
464 2096 521 2128 est
537 2088 680 2142 serico]
709 2097 866 2127 ornatas
879 2087 1127 2137 czrcungferm
1158 2085 1340 2124 cucullas.
1381 2084 1583 2136 Turpinus

160 2159 199 2184 e.
220 2158 286 2198 29.
309 2143 428 2196 (apud
457 2145 524 2182 Du
551 2144 683 2197 Gange
712 2144 887 2182 Cae-etum
911 2172 921 2189 ,
952 2156 1026 2194 pro
1054 2154 1133 2193 quo
1160 2137 1448 2178 restituendum
1473 2152 1585 2177 care-

160 2208 263 2247 tum,
294 2213 367 2240 une
387 2199 537 2237 charete
555 2227 567 2248 ‚
584 2212 715 2251 ‚genus
741 2196 954 2244 vehiculi):
985 2197 1151 2235 Beatum
1181 2192 1440 2232 Rotlzlandmn
1468 2207 1587 2246 super·

160 2254 259 2293 duas
284 2254 410 2293 mulas
445 2262 571 2291 cat-eto
594 2267 710 2292 aureo
731 2253 967 2298 subvectum,
991 2251 1130 2304 palliis
1149 2258 1285 2287 tectum
1315 2247 1374 2287 ad
1394 2247 1583 2286 Blavium

165 2309 327 2348 Carolus
353 2308 503 2359 deferri
527 2306 694 2346 σἰὶναυὶῐ.
753 2305 1023 2358 Luitprandus
1055 2306 1097 2343 in
1111 2302 1337 2355 Legationis
1366 2315 1461 2340 suae
1487 2315 1581 2340 nar-

149 2364 316 2406 ‘ratione
344 2364 400 2401 ait
426 2361 550 2400 multa
575 2365 747 2415 pretiosa
773 2360 893 2414 pallia
916 2373 958 2398 se
989 2359 1085 2400 CPli
1115 2358 1327 2406 coe'misse3
1356 2355 1425 2394 sed
1457 2353 1584 2409 quum

162 2417 284 2457 vellet
303 2418 343 2456 in
375 2416 530 2456 Italiam
556 2417 711 2455 mittere
727 2446 738 2463 ,
768 2418 985 2466 intercepta
1010 2415 1053 2452 in
1081 2413 1166 2466 ipso
1190 2419 1310 2465 portu
1338 2417 1378 2449 et
1405 2410 1582 2462 Impera-

161 2475 263 2518 toris
290 2473 398 2511 iussu
424 2477 593 2510 retracta
613 2471 748 2510 ffiisse.
805 2469 999 2508 Nolebant
1020 2470 1125 2507 enim
1147 2466 1287 2506 Graeci
1319 2465 1368 2503 ad
1396 2465 1581 2504 occiden-

160 2525 259 2566 tales
271 2526 385 2565 luxus
415 2528 475 2571 sui
504 2524 663 2564 delicias
689 2526 970 2566 transmittere.
1030 2524 1122 2572 Quo
1144 2522 1317 2567 factum,
1348 2527 1410 2570 ut,
1439 2534 1580 2573 quam-

162 2582 223 2619 vis
251 2580 479 2625 Amalfitani
496 2610 507 2630 ,
537 2580 698 2631 Pisani,
727 2580 939 2618 Ianuenses
966 2585 1006 2616 et
1030 2577 1174 2616 Veneti
1205 2589 1296 2614 cum
1323 2574 1581 2615 orientalibus

166 2636 402 2674 commercia
429 2642 652 2675 exercerent
667 2664 679 2684 ‚
704 2635 827 2674 serica
855 2640 989 2672 tamen
1015 2633 1137 2670 vestis
1170 2631 1273 2670 inter
1313 2629 1513 2668 carissima
1542 2636 1582 2670 et

165 2689 363 2728 rarissima
389 2690 575 2742 Europae
606 2696 766 2728 nostrae
792 2687 947 2729 cimelia
973 2686 1211 2733 haberetur,
1241 2682 1457 2738 quaeipsis
1476 2697 1582 2736 quo-

165 2757 243 2803 que
270 2743 575 2798 Imperatoribus
599 2744 763 2798 dignum
791 2755 934 2782 munus
962 2748 1076 2782 esset.
1133 2741 1194 2780 lta
1208 2753 1326 2793 quum
1341 2752 1476 2779 rumor
1485 2752 1579 2793 per-
