1884 3132
293 118 401 173 510
586 135 658 179 1o.
693 137 799 180 1Αο.
839 139 1035 180 Rmsxu
1074 139 1451 184 COMMENTARH

288 242 546 282 asservantur
561 271 571 289 ‚
596 241 644 280 V
637 243 848 295 ogelbauer
867 274 879 295 ,
912 245 1202 298 Aristophanes
1223 246 1323 286 dixit
1349 246 1524 297 δίκτυα,
1581 249 1739 291 Avibus

287 311 329 336 v.
358 296 506 336 1083..·
537 293 613 343 τὰς
641 297 890 351 περιστεράς
919 298 1137 351 ξυλλαβών
1166 297 1307 355 εἴρξας
1344 299 1433 354 ἔχει
1458 299 1534 343 καί
1559 301 1739 358 ἐὴαναγ-

287 349 403 402 κάζει
436 347 632 391 παλεύειν
661 353 884 405 δεδεμένας
914 354 958 394 ἐν
989 350 1156 410 δικτύῳ.

398 409 444 447 Β.
477 422 534 447 11.
560 407 677 462 [464
711 409 792 463 15.]
834 407 1154 450 καυκοπινάκια.
1210 412 1306 450 Vid.
1345 412 1413 451 Du
1439 413 1574 467 Cange
1608 414 1738 456 Gloss.

287 470 461 558 utroque?
487 470 526 502 et
563 464 614 503 ad
643 463 758 504 Alex.
792 479 834 519 p.
870 465 961 520 278.
1003 473 1042 505 et
1073 466 1240 507 Salmas.
1263 468 1315 506 T.
1340 468 1374 507 Ι.
1397 468 1609 508 Scr.Hist.
1632 469 1742 526 Aug.

315 533 335 557 a
369 548 379 558 .
399 520 426 559 6
486 546 497 557 .

286 532 313 571 p
339 533 364 572 g
397 534 512 628 D.79.
535 572 652 629 [465,
681 573 760 629 ιο.]
805 573 1004 626 μεσάλια.
1063 576 1156 616 Non
1194 577 1237 617 id
1271 578 1466 631 significat
1498 578 1597 620 haec
1633 594 1733 631 vox,

286 630 397 683 quod
431 631 575 669 Latina
614 630 852 684 perhibent,
889 632 958 670 sed
999 634 1215 683 mensalia,
1265 635 1434 674 instrata
1477 649 1733 685 mensarum,

286 693 334 724 ut
363 683 566 736 μανὸίλια
590 693 686 725 sunt
707 687 914 726 manualia
937 688 1137 742 tergendis
1158 688 1344 729 manibus
1369 705 1380 740 3
1405 689 1490 731 vid.
1513 691 1580 730 Du
1599 692 1734 747 Gange

289 755 333 781 v.
364 740 621 780 ΙΠει-σάλιον.

395 798 449 835 D.
475 811 536 835 xo.
561 795 673 851 [4622
703 795 786 851 11.]
830 794 1024 850 ἐπεύχια,
1079 799 1177 837 Vid.
1203 801 1271 839 Du
1302 800 1438 854 Cange
1472 799 1515 839 h.
1548 810 1735 853 v.;sunt

284 858 436 905 tapetes
459 852 523 891 vel
537 854 654 891 etiam
679 853 839 892 sudaria
849 854 1012 902 munda,
1029 856 1190 907 proprie
1209 855 1371 908 quidem
1390 858 1418 895 ii
1438 863 1614 908 tantum,
1634 873 1736 912 quos

285 908 360 947 sibi
388 908 642 948 substernere
662 909 791 948 solent
816 923 907 948 cum
925 911 1068 949 Graeci
1093 917 1181 948 tum
1204 912 1363 950 Tui-cae
1388 926 1525 964 preces
1539 912 1601 951 “ad
1612 913 1734 953 deum

283 963 459 1013 dieturi3
491 972 735 1018 quapropter
751 965 859 1018 apud
880 965 1243 1005 Muhammedanos
1264 966 1471 1006 sudarium
1499 967 1579 1006 tale
1591 999 1605 1018 ‚
1630 983 1734 1022 qua-

283 1028 339 1068 lia
366 1044 522 1083 semper
543 1044 678 1069 secum
709 1039 853 1084 gerunt
874 1031 1024 1070 munda
1041 1061 1052 1082 ‚
1078 1024 1231 1088 &kt-20⁴,
1273 1033 1446 1072 masalla
1496 1033 1562 1072 vel
1589 1036 1734 1074 musel-

284 1086 351 1134 la,
384 1100 463 1135 res,
487 1100 662 1139 quacum
689 1086 754 1125 vel
783 1101 904 1140 super
932 1101 1012 1140 qua
1041 1095 1181 1126 oratur
1200 1117 1211 1137 ‚
1248 1088 1385 1127 audit:
1419 1088 1565 1127 deinde
1589 1088 1730 1143 vulga-

284 1141 438 1206 gatiore
466 1155 541 1179 usu
571 1144 847 1195 cuiuscunque
875 1145 1032 1196 generis
1069 1150 1108 1182 et
1139 1157 1233 1182 usus
1261 1143 1468 1182 sudarium
1499 1143 1564 1182 vel
1591 1151 1726 1198 tapes,

284 1194 482 1247 επετῖχιον
501 1228 511 1246 ,
539 1211 598 1236 res
616 1228 627 1248 ‚
671 1212 790 1252 super
811 1213 890 1254 qna
917 1208 1078 1245 oratur,
1110 1198 1350 1251 appellatur.
1410 1200 1617 1238 Remansit
1652 1215 1728 1240 vox

284 1253 448 1290 masella
478 1254 517 1290 in
549 1253 767 1306 Hispanica
796 1253 959 1306 lingua,
984 1255 1211 1292 almucella.
1238 1254 1536 1293 Testamentum
1558 1255 1727 1303 Ramiri,

282 1309 387 1360 regis
416 1309 691 1360 Arragoniae‚
734 1309 841 1361 apud
873 1309 939 1348 Du
974 1309 1108 1362 Gange
1149 1309 1278 1347 Gioss.
1319 1311 1408 1348 Lat.
1455 1324 1496 1348 v.
1537 1310 1728 1360 Acilara,

282 1377 386 1415 quae
413 1364 624 1415 stragalum
655 1370 799 1414 notat,
831 1364 948 1418 quale
981 1379 1014 1406 e.
1051 1379 1088 1402 e.
1120 1364 1225 1403 sellis
1256 1372 1326 1403 aut
1353 1365 1549 1418 ephippiis
1588 1367 1731 1405 inster-

283 1418 420 1458 nitur:
479 1429 517 1457 et
549 1433 651 1458 meos
681 1421 838 1459 vestitos
866 1429 903 1458 ct
943 1421 1115 1458 acina-as
1149 1430 1186 1459 ec
1219 1421 1420 1459 collectras
1451 1430 1489 1459 et
1518 1423 1731 1460 amzaeellas

282 1483 322 1513 et
352 1476 552 1514 senarium
591 1475 641 1513 de
679 1489 771 1514 mea
819 1490 966 1514 mensa.
1039 1476 1051 1513 l
1058 1489 1130 1528 psa
1171 1489 1333 1529 quoque
1366 1489 1443 1514 vox
1481 1477 1634 1515 acicam
1673 1485 1732 1516 est

282 1540 459 1580 Arabica
510 1531 634 1595 2-Ξίαυν-ἳῖ
671 1548 710 1580 et
741 1533 906 1596 §lm-Si,
939 1542 1160 1596 operculum
1180 1572 1190 1592 ,
1230 1551 1393 1594 tegmen.
1449 1542 1554 1581 Hinc
1582 1542 1731 1582 intelli-

283 1610 352 1650 gas
379 1611 540 1651 quoque
567 1597 700 1636 locum
742 1599 903 1636 Ioannis
942 1598 1113 1636 Diaconi
1151 1598 1192 1636 in
1224 1597 1424 1636 Chronico
1462 1597 1728 1651 Neapolitano

280 1666 322 1705 p.
341 1653 463 1692 διας
491 1653 603 1704 jecit
634 1662 710 1691 tres
755 1653 896 1692 calices
934 1667 1071 1692 aurcos
1094 1666 1194 1691 cum
1220 1661 1368 1706 patena
1411 1667 1534 1691 aurea
1549 1683 1560 1700 ‚
1602 1668 1723 1708 qaam

281 1708 324 1746 in
368 1723 473 1761 gyro
505 1717 543 1746 ct
575 1709 617 1747 in
659 1708 787 1748 medio
828 1710 990 1761 gemmis
1031 1708 1246 1751 decoravit.
1297 1708 1415 1746 Fecit
1439 1710 1557 1746 eclam
1585 1717 1623 1746 et
1648 1709 1727 1748 duo

275 1765 399 1818 paria
428 1764 713 1803 mascellarium
746 1779 800 1804 ex
822 1779 920 1803 aur-0
941 1763 1107 1817 mirffioe
1130 1764 1280 1818 sculpta
1299 1792 1311 1811 ‚
1355 1765 1398 1801 in
1434 1764 1570 1818 quibus
1601 1778 1725 1803 evan-

278 1819 387 1872 gelia
398 1835 477 1875 per·
481 1821 724 1872 festivitates
747 1819 939 1872 legzaztar.
1002 1819 1112 1858 Haec
1132 1819 1215 1872 ipsa
1243 1831 1370 1871 paene
1394 1818 1518 1858 verba
1535 1818 1726 1872 leguntur

281 1875 389 1928 apud
406 1876 567 1914 Rainer.
599 1875 650 1913 de
676 1876 907 1914 inventione
934 1873 1194 1929 reliquiarum
1206 1874 1247 1912 S.
1271 1873 1503 1926 Eutychetis
1533 1881 1572 1913 et
1589 1873 1726 1914 Aculii

281 1930 390 1983 apud
417 1931 485 1969 Du
514 1930 648 1984 Gange
685 1945 725 1971 v.
767 1931 1018 1970 Mascellare.
1074 1930 1370 1968 Mas-cellarimn
1414 1928 1481 1967 hic
1510 1937 1568 1968 est
1599 1943 1724 1975 3,Πο-

281 1986 477 2025 minativo
517 1985 716 2039 singulari.
744 1987 974 2025 mascellare
993 2015 1003 2035 ‚
1035 1985 1145 2038 quod
1182 1985 1287 2023 idem
1320 1991 1440 2038 atque
1481 1985 1723 2024 massellare.

282 2041 389 2080 Nam
408 2056 448 2080 sc
481 2042 612 2080 medio
641 2056 740 2081 aevo
768 2042 909 2080 scribis
938 2041 1043 2079 idem
1072 2047 1191 2093 atque
1221 2055 1257 2078 ss
1284 2038 1460 2079 valebat.
1489 2040 1725 2079 Mass-ellare

280 2122 336 2146 ex
368 2122 491 2156 auro,
535 2094 695 2154 22⁶9&ss
728 2121 786 2154 0·-
819 2100 969 2163 &kx-m,
1009 2113 1066 2145 est
1105 2103 1300 2156 ἐπεύχιον
1329 2104 1541 2156 χρυσοῦν,
1582 2103 1723 2144 tabula

281 2169 353 2201 aut
378 2163 539 2202 bractea
567 2177 710 2211 aurea,
742 2166 938 2216 quadrata
957 2191 968 2212 ‚
998 2161 1247 2200 conformata
1278 2160 1329 2199 ad
1350 2161 1520 2215 figuram
1541 2159 1721 2214 epeuchii

283 2219 443 2271 expansi
485 2234 554 2258 seu
581 2220 876 2258 manuctiorum
903 2219 983 2268 (sie)
1021 2219 1275 2256 nostratium.

392 2274 446 2312 D.
478 2289 539 2314 10.
564 2273 683 2328 [465,
710 2274 792 2329 12.]
822 2270 1051 2327 φουντάτα.
1082 2272 1279 2311 Scribitur
1297 2284 1457 2324 quoque
1485 2264 1719 2324 φουνδάτα,

282 2327 434 2368 ethaeo
452 2330 649 2368 scribendi
667 2331 768 2370 ratio
793 2330 1043 2382 frequentata
1072 2328 1212 2380 magis.
1267 2325 1603 2379 Quandoquidem
1611 2325 1720 2376 sua-

280 2383 398 2422 datae
414 2388 530 2424 vestis
540 2386 581 2423 in
600 2385 676 2423 hoc
687 2385 822 2424 codice
840 2392 879 2423 et
892 2384 1000 2437 apud
1015 2381 1537 2435 Anastasiumperfrequens
1549 2379 1593 2418 fit
1604 2393 1721 2418 men-

281 2438 363 2489 tio,
392 2454 521 2493 neque
549 2448 685 2478 tamen
722 2440 952 2484 adhucdum
991 2439 1084 2477 satis
1122 2445 1278 2477 constat
1301 2467 1312 2487 ‚
1367 2436 1463 2490 quid
1491 2449 1538 2474 ea
1566 2434 1687 2472 fuerit
1706 2449 1719 2474 :

282 2505 427 2544 operae
453 2496 626 2548 pretium
657 2495 856 2534 credimus
886 2509 958 2533 nos
986 2494 1176 2543 facturos,
1209 2494 1241 2531 si
1269 2491 1473 2543 aliquanto
1491 2489 1720 2543 diligentius

283 2547 324 2584 in
354 2547 430 2587 hoe
458 2558 738 2604 argumentum
766 2550 1028 2603 inquiramus.
1084 2549 1139 2587 Et
1165 2549 1297 2601 primo
1325 2545 1487 2598 quidem
1516 2544 1605 2582 loeo
1623 2559 1719 2597 pro-

281 2603 490 2653 ponendae
538 2613 631 2644 sunt
672 2607 851 2645 virorum
887 2606 1100 2644 doctorum
1134 2603 1210 2642 hac
1254 2602 1304 2640 de
1342 2614 1439 2639 voce
1467 2601 1685 2639 sententiae
1705 2629 1718 2651 ‚

282 2670 381 2708 quas
410 2660 572 2711 quidem
601 2663 711 2700 novi.
772 2663 933 2699 Goarus
960 2662 1095 2712 itaque
1121 2657 1172 2696 ad
1215 2656 1356 2695 Codin.
1374 2669 1466 2708 pag.
1501 2654 1565 2709 49.
1583 2669 1626 2693 n.
1649 2669 1714 2694 22.

283 2712 338 2749 ait
366 2708 527 2764 φούντα
557 2723 595 2754 et
622 2711 756 2769 φοίτα
787 2717 893 2756 idem
921 2729 1020 2766 esse,
1064 2707 1374 2766 atque‘to·15q2a‚
1407 2724 1536 2765 apex,
1581 2712 1714 2759 tiara,
