1884 3132
213 125 287 167 An
327 119 626 164 consum.
662 116 859 161 ponpa.
895 116 972 156 nr.
1007 112 1197 156 essmm.
1235 113 1334 153 Lm.
1375 113 1410 152 1.
1451 92 1557 168 287

122 228 196 270 stri
243 226 480 267 scriniorum
515 230 556 264 et
589 220 832 262 cancellarii.
888 219 962 259 His
991 219 1239 272 praepositus
1265 230 1415 255 novum
1438 203 1563 270 quae-

122 291 270 325 storem
297 281 449 330 tradit3
477 281 547 332 qui
586 292 678 317 eum
709 291 783 328 pro
809 277 936 328 eapite
958 289 1029 313 suo
1065 279 1300 325 agnoscunt,
1323 279 1362 310 et
1381 278 1563 324 propter-

125 353 175 379 αι
225 337 390 376 domino
424 335 568 388 gratias
616 338 754 385 agunt.
830 329 987 369 Deinde
1023 330 1145 367 mittit
1178 342 1316 367 recens
1344 326 1564 365 honoratus

125 406 293 432 suorum
323 390 499 444 aliquem
534 395 573 427 et
606 385 888 434 Chosbaitam,
924 385 992 436 qui
1027 398 1050 422 a
1093 390 1227 421 vetere
1267 389 1403 421 amoto
1442 395 1566 434 quae-

124 455 232 487 store
246 453 397 487 vestem
421 444 639 498 quaestoris
678 446 842 494 repetat.
913 440 1054 477 Vestes
1085 439 1192 476 enim
1229 437 1471 491 symbolicae
1495 450 1567 475 seu

127 502 245 553 illae,
279 501 517 555 quibuscum
544 498 800 536 investiturae
832 493 1003 543 fiebant,
1029 500 1078 532 et
1111 507 1217 531 nova
1240 506 1407 531 munera
1429 490 1566 530 confe-

127 557 350 604 rebantur,
375 568 456 593 non
490 551 704 591 manebant
745 549 853 602 apud
882 548 1096 587 honoratos
1114 578 1126 594 ‚
1160 547 1229 586 sed
1266 547 1344 586 illis
1371 547 1568 585 deceden-

128 611 239 651 tibus
264 610 377 650 reddi
399 609 585 648 vestiario
622 619 761 654 sacro,
794 604 846 642 ad
885 603 993 655 quod
1031 603 1311 656 pertinebant,
1343 601 1568 651 debebant,

127 674 172 706 et
195 667 252 706 sic
277 663 501 704 transibant
533 662 584 700 ad
610 674 736 700 novos
762 673 1033 708 successores;
1059 672 1100 697 v.
1132 655 1179 710 p.
1204 657 1292 698 158.
1319 657 1373 695 D.
1396 657 1436 695 3.
1478 656 1568 694 Hoc

129 721 216 761 fere
235 725 512 774 argumentum
540 723 600 756 est
629 716 748 754 huius
774 714 912 767 capitis
931 743 942 764 ‚
968 713 1076 767 quod
1105 715 1198 766 quia
1227 710 1363 764 paullo
1385 711 1567 750 obscuri-

126 790 178 815 us
204 775 304 814 mihi
353 773 567 813 videbatur
612 785 717 817 esse,
756 769 906 822 placuit
933 769 1138 822 aliquanto
1163 768 1326 806 uberius
1352 780 1563 819 exponere.

127 830 263 869 Verba
289 823 609 881 παραλαμβάνει
632 819 759 863 αὐτὸν
786 825 989 876 geminum
1017 837 1177 862 sensum
1206 824 1428 876 patiuntur.
1468 822 1570 860 Nam

128 891 202 924 aut
222 884 335 923 reddi
358 889 550 936 possunt:
593 881 736 932 accipit
772 893 865 917 eum
893 881 934 917 in
974 893 1142 932 persona
1161 908 1171 927 ‚
1203 891 1347 930 eorpus
1377 879 1487 926 eim,
1515 875 1568 914 ab

133 941 377 993 Imperatore
408 938 483 976 sibi
513 936 705 975 traditum
739 936 1021 986 praepositu53
1059 941 1152 972 aut:
1185 940 1340 972 tantuin
1379 934 1465 971 eius
1492 945 1568 970 no·

131 1009 225 1034 men
253 994 329 1033 sibi
358 993 539 1041 editum,
565 998 611 1029 ut
636 1005 677 1043 p.
709 989 795 1055 ¹⁵9⁸
821 990 867 1031 C.
885 989 924 1030 8.

241 1049 289 1088 B.
318 1062 357 1087 2.
384 1047 501 1102 [269,
523 1046 584 1098 5.]
611 1040 710 1091 τούς
738 1042 1037 1096 αντιγραφέας.
1095 1042 1139 1081 In
1186 1042 1261 1081 hac
1291 1056 1390 1081 voce
1422 1042 1566 1080 Latine

133 1103 399 1143 convertenda
431 1116 513 1140 non
547 1101 652 1138 idem
684 1099 858 1138 sentiunt
885 1099 960 1137 viri
993 1099 1122 1147 docti,
1149 1098 1397 1150 dubiumque
1414 1126 1427 1147 ‚
1452 1104 1498 1135 ut
1527 1097 1570 1135 in

132 1173 177 1198 re
203 1158 366 1211 antiqua
382 1187 394 1207 ‚
415 1158 504 1210 quis
534 1157 694 1195 rectius.
752 1151 1067 1206 „²Amypacpaecg
1102 1155 1351 1191 notariorum
1376 1152 1570 1206 principis

127 1214 465 1268 contrascripcores
490 1211 590 1249 forte
606 1210 683 1249 dici
710 1216 867 1264 possent
880 1208 913 1260 ,”
936 1210 991 1247 ait
1020 1208 1186 1247 Guther.
1202 1223 1244 1260 p.
1259 1207 1372 1261 593„
1399 1207 1468 1246 sed
1495 1207 1568 1245 ad-

134 1268 220 1307 dit:
254 1269 342 1318 „sic
371 1274 504 1305 tamen
537 1265 724 1318 appellati
748 1271 839 1303 sunt
862 1279 886 1302 a
925 1265 1121 1317 rescriptis
1140 1293 1151 1308 ‚
1188 1278 1290 1315 quae
1313 1265 1385 1315 ipsi
1406 1275 1570 1315 compo—

135 1321 286 1361 nebant
306 1324 346 1360 et
377 1321 655 1360 efformabant.
714 1321 814 1358 Nam
847 1312 1083 1370 ἇντιγραφὴ
1110 1325 1168 1356 est
1183 1320 1411 1371 rescriptum
1432 1317 1573 1371 Impe-

133 1378 290 1416 ratori's.
345 1376 553 1415 Consentit
583 1375 765 1425 cumbis,
787 1388 888 1426 quae
913 1388 952 1426 p.
969 1376 1061 1425 5¹9·
1084 1373 1227 1411 habet:
1262 1371 1569 1423 Ἀντιγραφεῖς,

132 1431 312 1484 magistri
334 1431 577 1477 scrimbnmz,
604 1430 808 1468 dictatores
827 1437 865 1466 et
886 1429 1145 1482 rescriptor-es·
1205 1427 1422 1465 Dietabant
1450 1440 1565 1463 nem-

123 1499 210 1538 pe,
250 1485 292 1524 id
347 1492 405 1524 est
427 1514 438 1534 ‚
485 1484 856 1522 commentabantur
894 1478 971 1527 τὰς
1024 1478 1312 1532 ἀντιγραφάς,
1352 1494 1567 1532 responsa,

135 1554 240 1594 quae
286 1540 546 1592 Imperatores
588 1539 638 1576 ad
688 1540 798 1592 prius
841 1536 1034 1575 exhibitas
1078 1536 1151 1574 sibi
1186 1535 1356 1573 aliorum
1384 1534 1570 1583 imeras,

137 1596 403 1648 quaestiones,
433 1593 691 1646 flagitationes
732 1589 1017 1643 α’ντέγραφον,
1045 1590 1338 1639 rescribebant,
1366 1590 1435 1642 qui
1458 1596 1573 1628 eraut

134 1663 160 1688 a
180 1650 296 1702 regiis
323 1648 611 1700 ἀντιγραφαῖς.
639 1648 766 1689 Gloss.
795 1645 915 1685 Basil.
933 1660 945 1684 :
985 1641 1233 1698 Ἀντιγραφὴ
1263 1641 1467 1696 λέγεταιῆ
1490 1645 1570 1694 βα·-

136 1700 276 1756 σιλικῆ
320 1698 567 1756 πρόσταξις,
599 1699 668 1741 dn}
700 1700 746 1741 τὸ
775 1699 832 1748 ὥς
862 1699 932 1739 ε’πί
968 1702 1155 1738 πλεῖστον
1183 1699 1229 1738 ἐκ
1253 1697 1571 1751 προηγουμένων

138 1757 368 1811 α’ναφορῶν
392 1756 579 1808 γίνεσθαι
617 1754 690 1803 τὰς
727 1751 947 1807 βασιλικὰς
983 1750 1232 1805 προσταγάς.
1287 1755 1322 1792 Ε
1363 1754 1494 1792 Nostri
1521 1768 1565 1806 p.

136 1813 234 1862 416.
258 1813 301 1852 Β.
325 1826 356 1851 ι.
375 1819 481 1850 certe
499 1819 606 1864 patet
630 1811 884 1865 antigraphus
899 1824 923 1848 a
945 1810 1083 1848 scribis
1106 1809 1282 1848 diversos
1298 1809 1432 1848 fuisse.
1461 1809 1570 1861 Ergo

138 1881 222 1905 non
253 1866 465 1905 exarabant
484 1881 554 1905 seu
595 1868 634 1905 in
655 1867 851 1905 mundum
881 1865 1111 1917 redigebant
1141 1865 1214 1917 ipsi
1240 1875 1369 1903 sacras
1393 1864 1566 1910 formas,

140 1921 208 1959 sed
229 1921 303 1974 ipsi
326 1923 457 1974 potius
486 1921 689 1960 dictabant
729 1936 798 1961 seu
848 1916 1147 1973 concipiebant,
1174 1921 1215 1958 in
1242 1919 1372 1958 lituris
1394 1932 1457 1957 eas
1478 1932 1569 1956 exa-
1620 1952 1621 1955 ,

139 1975 284 2014 rabant
306 2005 318 2026 ,
358 1990 456 2029 quas
494 1977 646 2015 scribae
678 1977 941 2023 mundarent,
982 1972 1237 2027 ἀπέγραφον
1252 2003 1263 2023 ,
1290 1983 1379 2012 ante
1423 1973 1567 2011 scribe-

137 2030 254 2077 bant,
287 2029 353 2068 vel
387 2032 710 2082 praescribebant
756 2047 800 2070 ea
816 2062 826 2078 ‚
883 2044 984 2082 quae
1026 2030 1177 2068 scribae
1218 2038 1310 2083 post
1349 2028 1570 2067 scriberent

138 2084 206 2124 vel
248 2085 529 2124 exscriberent.
596 2087 695 2125 Nam
732 2086 826 2125 α’ντί
854 2085 1014 2123 Graecis
1046 2098 1203 2137 quoque
1228 2097 1342 2136 saepe
1368 2083 1473 2122 idem
1505 2089 1568 2120 at-

140 2153 219 2192 que
251 2149 340 2178 ante
377 2146 532 2190 notare,
568 2154 687 2194 supra
712 2141 1085 2179 demonstravimus.
1157 2140 1316 2177 Evineit
1345 2136 1570 2190 exemplum

140 2194 336 2247 Eugenii,
372 2196 470 2246 qui,
501 2202 599 2233 teste
626 2196 791 2234 historia
818 2194 993 2234 Miscella
1023 2194 1140 2231 XIII.
1178 2207 1260 2242 11.‚
1289 2194 1568 2244 grammaticas

139 2250 252 2295 olim,
282 2250 498 2287 litterarum
522 2249 756 2288 Latinarum
782 2251 940 2295 doctor,
969 2249 1187 2302 relinqzoens
1205 2248 1354 2285 scholas
1382 2249 1424 2285 in
1450 2246 1570 2300 pala-

141 2304 195 2342 tio
228 2304 444 2349 militabat,
480 2313 636 2358 eratque
663 2304 771 2359 Imp.
804 2304 1076 2342 Valentiniani
1107 2303 1381 2356 antigrapltew
1413 2310 1450 2340 et
1465 2315 1568 2354 pro-

137 2366 230 2411 pter
259 2359 517 2412 eloquentiam
535 2372 562 2395 α
592 2359 721 2397 maltis
745 2361 966 2397 honoratus.
1025 2358 1071 2395 In
1090 2356 1247 2394 Novell.
1279 2357 1352 2398 XI.
1373 2356 1570 2394 Constan-

142 2412 216 2450 tini
241 2412 490 2465 Porphyrog.
527 2412 591 2450 ed.
630 2414 780 2451 Meurs.
821 2428 862 2465 p.
896 2412 992 2451 233.
1028 2411 1209 2450 redditur
1242 2411 1514 2464 rescrzptooe53
1543 2424 1568 2449 a

144 2465 331 2505 Gretsero
365 2467 415 2505 ad
453 2467 653 2505 Codinum
679 2468 1055 2506 contrarotulatoreS.
1114 2466 1268 2503 Goarus
1298 2465 1403 2518 apud
1435 2465 1569 2504 Theo-

146 2519 270 2573 phan.
302 2521 372 2560 60.
397 2522 450 2559 D.
470 2536 563 2574 pen.
600 2523 719 2560 vertit
747 2522 1090 2568 contrarotadaris,
1121 2519 1184 2559 vel
1211 2521 1457 2559 ratiocinarii
1483 2534 1568 2558 ma—

146 2587 236 2612 ner-e
249 2576 457 2628 sngens3
513 2578 555 2615 in
573 2577 679 2615 notis
709 2583 842 2615 autem
860 2575 1042 2613 emendat
1055 2576 1135 2613 sie:
1173 2571 1476 2628 ἅντιγραφεὺς,“
1490 2589 1571 2613 ma·

142 2628 262 2679 gis-ter
279 2632 520 2681 scrimbrmn,
543 2638 614 2680 est,
636 2624 668 2686 ᾧ
688 2625 708 2668 ὅ
727 2627 927 2681 βασιλεὺς
944 2625 1018 2679 τὴν
1032 2624 1250 2680 βασιλικὴν
1260 2630 1455 2679 γλῶσσαν
1472 2628 1569 2668 ἔπε’-

144 2690 283 2733 vetuste.
338 2685 498 2738 Eunap.
531 2685 573 2725 in
602 2685 908 2741 NymphidianO.
962 2682 1071 2731 Talis
1096 2691 1179 2734 est,
1203 2685 1271 2737 qui
1308 2684 1471 2723 nomine
1487 2684 1569 2722 Im-
