1884 3132
539 209 613 251 An
653 207 954 252 CONSTANT.
994 209 1067 248 DE
1106 205 1289 253 cmm.

199 310 378 347 Tar-uscha
400 309 496 345 unde
517 309 598 351 682,
629 311 682 345 10.

200 355 311 403 Ταρώ
334 369 419 391 num
442 357 537 392 idem
561 358 659 404 quod
686 354 778 391 Dara
803 356 884 396 225,

194 452 314 498 τάφοι
327 452 582 497 Imperatorum
599 450 636 484 in
661 449 812 484 eeclesia
824 448 883 482 SS.

242 498 496 543 Apostolorum
522 503 635 531 erant.

194 544 324 590 τάχιον
354 545 613 590 comparativus
641 548 703 576 aut
727 552 791 587 pro
816 552 884 587 po-

241 591 348 625 sitivo
371 596 435 625 aut
471 602 536 637 pro
562 590 779 637 superlativo
806 587 884 628 173,

193 685 336 723 ταῶνες
358 684 467 718 vestis
491 695 602 728 genus
629 683 711 723 221,
734 682 791 715 35.

194 730 457 776 ταωνόπῐερον
474 730 644 776 (humanu
668 730 885 763 instrumen-

241 783 317 811 tum
342 788 478 811 sacrum
501 777 583 817 613,
610 778 664 809 11.

195 827 305 870 τείχη.
321 823 533 872 δομέσῐικοι
546 824 621 859 τῶν
633 824 783 868 τειχέων
796 823 883 867 [leg.

240 871 357 918 κόμης
379 883 408 905 τ.
434 872 540 916 nup]
564 870 611 905 36
629 875 797 914 antepen.

193 918 558 963 rcxvorcompeuatio
570 915 837 955 inferiorisssos,
854 916 884 948 1.

195 965 229 998 Τ
230 964 424 1010 empellum
448 964 543 997 unde
571 964 704 997 dictum
727 963 809 1004 237,
829 962 884 996 18.

241 1011 303 1044 ubi
330 1012 437 1045 etiam
461 1011 507 1044 de
531 1010 805 1055 significatione.

194 1057 372 1103 Tephrice
398 1056 496 1098 urbo,
528 1057 575 1090 ad
598 1068 705 1103 quam
734 1055 884 1090 Basilius

239 1104 354 1138 victus
378 1109 432 1138 est
455 1103 536 1145 576,
566 1104 621 1138 15.

192 1151 334 1185 teristra
367 1162 431 1195 pro
455 1150 672 1185 camela-acio
701 1149 776 1183 vid.
817 1148 883 1187 >sub

241 1197 501 1244 καμελαύκιον.

192 1243 417 1278 Ten-minatio
443 1244 482 1277 iu
506 1256 547 1277 m
571 1254 636 1288 pro
669 1253 688 1278 ε
710 1242 800 1282 323,
825 1241 882 1276 20.

243 1295 282 1324 et
306 1291 382 1323 vice
409 1301 508 1323 versa
523 1289 593 1324 326
604 1294 725 1334 antep.
774 1289 811 1321 in
835 1301 884 1323 αν

238 1347 304 1381 pro
318 1348 343 1370 α
358 1336 396 1369 in
414 1337 629 1377 accusativo,
644 1341 683 1369 ut
706 1336 883 1380 βασιλέαν

235 1383 319 1424 252,
343 1382 400 1415 29.
449 1384 487 1416 in
521 1395 626 1423 ator,
656 1387 697 1415 ut
718 1381 882 1428 γόνατον

238 1440 304 1475 pro
327 1428 420 1475 γόνυ
441 1429 534 1469 265,
565 1428 623 1462 34.
683 1429 721 1461 iu
745 1439 789 1467 ας
816 1440 880 1473 pro

239 1488 305 1516 ους
326 1487 439 1509 accus.
466 1477 559 1521 plur.
584 1474 666 1515 366,
693 1475 727 1509 2.
782 1475 822 1508 in
846 1486 882 1514 ες

237 1534 304 1568 pro
329 1534 367 1557 οι
386 1523 467 1563 217,
494 1523 526 1556 7.
565 1528 602 1555 et
629 1533 692 1566 pro
720 1534 762 1555 αι
788 1521 878 1554 ibid.

237 1581 308 1603 sec.
361 1580 425 1602 ers.
450 1570 540 1612 sing.
566 1569 675 1602 medii
701 1579 789 1603 εσαι
814 1579 879 1613 pro

233 1629 257 1662 ῃ
283 1616 328 1649 27
364 1640 374 1656 ,
403 1616 455 1649 18.
479 1614 570 1656 354,
596 1616 627 1648 7.
685 1615 723 1648 in
747 1612 790 1658 ἧς
814 1626 878 1660 pro

238 1675 294 1701 ιος
317 1674 427 1703 nom„
445 1676 465 1706 η
489 1673 552 1708 pro
569 1664 629 1696 ἰου
646 1662 791 1704 genitivi
809 1666 877 1695 etc.

236 1708 319 1750 699,
336 1707 390 1742 14.
411 1710 449 1742 in
466 1707 507 1752 ἡς
521 1710 670 1754 passiva,
690 1714 732 1742 ut
744 1711 879 1753 θεοφι-

237 1749 311 1798 λὴς,
335 1766 355 1787 a
372 1757 446 1789 Deo
473 1761 620 1797 amatum,
635 1751 877 1801 πορνογενῆς,

237 1806 354 1835 scorto
376 1808 481 1835 natus
503 1802 586 1843 635,
604 1801 663 1835 34.
727 1803 763 1834 in
790 1813 880 1848 ιμον

236 1859 302 1893 pro
327 1858 400 1886 ισις
428 1848 505 1889 192,
530 1849 588 1882 20.
614 1854 651 1882 et
675 1841 695 1891 ἦ
721 1848 800 1888 568,
819 1847 877 1881 38.

235 1895 275 1927 in
302 1900 360 1929 οἶν
383 1907 446 1940 pro
475 1897 542 1931 οὖν
566 1895 738 1928 infinitivi
751 1894 831 1935 379,
842 1895 876 1928 5.

236 1941 279 1987 iq
301 1951 397 1976 οσαν
411 1954 474 1986 pro
501 1954 556 1982 ον,
570 1947 608 1974 ut
624 1941 787 1988 εῧροσαν
812 1953 877 1986 pro

235 1989 349 2033 εὗρον
363 1988 441 2028 150,
452 1988 509 2022 37.
535 1989 572 2022 in
586 1989 716 2034 οὐριον
725 1989 805 2027 321,
818 1985 875 2021 41.

237 2035 274 2067 in
299 2046 362 2074 ους
384 2046 449 2080 pro
468 2046 508 2074 ος
529 2036 728 2069 accusativo
745 2035 875 2080 plural.

237 2079 308 2113 vid.
332 2082 650 2127 μουλτουσάννος.
703 2083 739 2115 in
773 2081 876 2120 πλοΐ,

234 2126 308 2168 νοΐ,
331 2129 403 2172 βαῖ·
418 2129 547 2162 omisso
574 2143 603 2175 ῳ
630 2128 712 2168 332,
731 2129 788 2162 27.
838 2129 876 2161 in

233 2175 395 2209 πουλλον
407 2174 479 2207 vid.
499 2175 811 2223 ἅρμενόπουλλον.
838 2175 876 2207 in

236 2232 306 2265 ρην
339 2232 402 2265 pro
428 2222 518 2267 'qam
555 2228 595 2257 ut
624 2222 785 2266 ἕσπέρην
812 2231 875 2265 pro

234 2267 401 2312 ἑσπέραν
426 2268 507 2309 239,
535 2269 590 2302 13.
640 2270 676 2302 in
702 2279 767 2303 σαι
792 2268 828 2300 iu
853 2268 875 2300 2

232 2323 327 2357 pers.
367 2313 473 2347 indic.
508 2316 706 2361 praesentis
739 2314 874 2353 medii,

240 2364 282 2392 ut
308 2359 409 2393 εἷσαι
421 2372 485 2405 pro
506 2362 542 2397 εἶ
556 2373 604 2395 es.
626 2361 697 2395 vid.
722 2361 810 2396 εἷσε.
835 2361 874 2393 in

233 2417 300 2440 τον
323 2417 387 2451 pro
412 2419 501 2454 τρον
512 2407 581 2443 504
596 2414 716 2454 autep.
765 2408 802 2440 iu
822 2420 873 2453 ωρ

233 2463 299 2496 pro
327 2464 367 2492 ος
401 2459 438 2488 et
471 2456 545 2489 vice
580 2466 677 2489 versa
709 2453 791 2494 338,
818 2454 871 2486 12.

233 2498 302 2531 377
328 2509 410 2544 pen.

186 2545 432 2590 τερτιοκὴριος
454 2546 677 2580 tertiocerius
701 2545 771 2579 403
790 2556 869 2589 pen.

231 2592 470 2670 Ξεῐραγόνιον
478 2605 525 2627 sc.
543 2592 774 2639 ἀποκόμβιον
789 2592 871 2631 823,

147 2681 149 2685 ’
185 2685 401 2730 τετραλογία
424 2695 450 2717 s.
472 2686 680 2731 τετραλεξία
700 2685 871 2718 orationis

233 2741 343 2773 genus
367 2730 448 2771 300,
472 2730 528 2764 34.

184 2778 402 2823 arpaxavit<
427 2776 494 2811 795
519 2787 601 2822 pen.

1525 190 1640 264 933

952 308 1109 355 τζάγγια
1129 319 1259 341 ocreae
1280 306 1362 350 432,
1393 310 1447 343 12.

950 358 1085 396 τζαπία
1109 355 1190 395 798,
1215 356 1249 389 3.

954 404 1134 443 Τζέκωνες
1154 402 1296 436 incolae
1315 407 1430 435 terrae
1449 402 1644 436 Laconicae

997 449 1079 488 821,
1110 449 1163 482 11.

949 495 1141 540 τζικούρια
1166 494 1342 542 bipennes
1367 493 1451 535 606,
1476 497 1531 528 11.

950 544 1158 590 τζιμμίζειν
1186 543 1208 575 i.
1232 554 1266 589 q.
1292 540 1466 587 αὖερύειν
1488 541 1572 585 397,
1601 542 1644 576 10

998 601 1012 622 s
1068 614 1077 622 .

949 601 1116 677 tEltiltirlwt
1155 635 1245 668 fabri
1278 634 1439 678 gladiarii
1466 633 1547 675 796,
1573 634 1627 668 15.

950 682 1154 762 τζιῐζιὲκιὲν
1190 683 1351 728 ignotum
1391 681 1641 716 vestimentum

1001 729 1078 770 126,
1132 729 1166 762 0.

954 776 1089 817 τζυκιῖν
1113 775 1183 808 vid.
1208 773 1525 821 σᾳαιροδρόμιον.

951 823 1067 868 τιάρα
1093 823 1116 855 i.
1143 833 1178 867 q.
1205 822 1329 867 wtiqm
1355 821 1437 861 591,
1455 820 1510 854 10.

951 871 1130 904 tironatus
1155 870 1376 913 Musterung
1398 868 1480 908 821,
1503 866 1561 902 37.

950 920 1068 962 τίρων
1092 915 1278 948 adiunctus
1305 915 1387 953 372,
1415 914 1475 949 35.

951 964 1050 998 tituli
1079 963 1116 995 in
1141 963 1317 995 abstracto
1343 959 1425 1002 434,
1453 959 1509 994 13.

949 1010 1063 1056 τόμος
1092 1009 1276 1042 schedium
1299 1007 1369 1042 296
1384 1013 1506 1052 antep-

954 1050 1193 1102 τὀποτηρηιῆς
1215 1056 1366 1088 vicarius
1393 1054 1470 1094 158,
1497 1054 1530 1087 7.

951 1108 1210 1141 torneamenta,
1237 1103 1427 1143 Tumiere,
1454 1100 1549 1134 uude
1562 1105 1638 1133 orta

996 1151 1070 1183 siut
1092 1149 1151 1190 33,
1178 1146 1236 1183 24.

950 1196 1200 1230 Torniciorum
1228 1195 1362 1229 familia
1390 1192 1470 1234 457,
1491 1193 1546 1227 15.

949 1243 1081 1288 τούβια
1103 1242 1187 1283 440,
1214 1242 1266 1276 10.
1293 1242 1354 1275 cfr.
1377 1239 1460 1282 849,
1485 1240 1523 1274 3.

949 1285 1036 1326 πούλ.
1059 1301 1125 1323 vox
1153 1289 1292 1332 gothica
1316 1288 1398 1325 365,
1421 1289 1456 1321 5.

951 1335 1179 1382 Τουλμάῐζοι
1194 1335 1347 1368 Dalmati
1366 1333 1448 1375 682,
1470 1332 1528 1366 31.

946 1387 1075 1427 toupet
1095 1382 1192 1415 unde
1217 1380 1298 1422 592,
1324 1381 1380 1414 20.

950 1424 1154 1473 Τουρκικόν
1195 1427 1352 1472 λοῦτρον
1397 1427 1468 1461 516
1515 1431 1636 1470 antep.

949 1476 1109 1521 Τοῦρκοι
1139 1475 1295 1520 Hungari
1339 1472 1428 1516 781,
1456 1473 1510 1508 16.
1557 1473 1638 1512 819,

944 1568 1071 1614 τοὺφα
1095 1567 1165 1600 vid.
1191 1565 1313 1612 τιάρα.

944 1616 1108 1662 τράπεζα
1148 1624 1212 1659 pro
1257 1613 1410 1648 δεῖπνον
1447 1613 1538 1651 710,
1575 1614 1633 1646 23.

990 1660 1154 1705 τράπεζα
1186 1658 1250 1702 τῆς
1284 1661 1456 1706 γεφύρας
1478 1659 1632 1693 medium

990 1708 1111 1753 pontis
1135 1706 1216 1746 226,
1240 1705 1299 1740 38.

946 1754 966 1790 ὃ
990 1757 1054 1790 ἐπὶ
1075 1753 1135 1795 τῆς
1157 1756 1332 1798 τραπέζης
1344 1754 1436 1797 regis
1455 1753 1633 1787 senescal-

991 1811 1054 1834 cus
1083 1800 1162 1841 171,
1183 1798 1237 1832 19.

943 1847 1127 1893 τράχηλον
1152 1851 1283 1880 πατεῖν
1311 1844 1380 1877 vid.
1402 1850 1547 1880 πατεῖν.

943 1897 1074 1940 τρέφει
1098 1904 1210 1926 novus
1234 1893 1430 1937 Imperator
1442 1891 1631 1925 senatores

987 1939 1070 1980 430,
1097 1938 1155 1973 30.

942 1985 988 2021 τὰ
1013 1988 1100 2032 τρία
1125 1985 1324 2030 accipiebat
1359 1983 1474 2018 victor
1495 1983 1633 2016 cireen-

989 2043 1044 2065 ses
1070 2038 1139 2065 tres
1164 2042 1290 2066 aureos
1305 2040 1469 2064 nummos
1481 2028 1630 2070 325,st

988 2076 1034 2113 τὰ
1058 2081 1145 2125 τρία
1168 2079 1234 2114 τοῦ
1262 2081 1463 2125 φακτίονος
1476 2077 1557 2117 330,
1571 2075 1630 2110 44.

941 2127 1156 2171 τρίβλατῐον
1187 2137 1214 2158 s.
1245 2125 1429 2171 πριβλάτιν
1460 2129 1515 2158 ter
1544 2134 1631 2169 pur.

988 2183 1078 2218 pura
1104 2171 1256 2206 insectus
1283 2171 1361 2212 186,
1382 2171 1436 2204 15.
1483 2171 1554 2203 alia
1579 2171 1629 2204 si-

989 2218 1219 2263 gnificatione
1242 2218 1324 2258 473,
1351 2218 1409 2251 32.

940 2264 1106 2344 receti-{ca
1144 2265 1233 2310 quid
1273 2265 1407 2299 fuerint
1446 2262 1535 2303 780,
1569 2262 1627 2296 33.

941 2357 1100 2392 tribunal
1128 2368 1232 2392 omne
1264 2355 1464 2391 aedificium
1489 2355 1628 2389 illustre

985 2404 1046 2445 83,
1070 2404 1128 2437 32.

939 2454 1138 2496 τρίκογχον
1163 2449 1255 2483 idem
1294 2448 1494 2482 aedificium
1518 2454 1628 2494 atque

983 2500 1111 2543 Σῖγμα
1137 2498 1216 2537 711,
1235 2497 1267 2530 7.

938 2544 1132 2578 triclinium
1161 2555 1225 2588 pro
1251 2542 1413 2575 aedificio
1436 2539 1494 2580 24,
1518 2541 1575 2574 22.

939 2594 1086 2637 ῐρίμιῐα
1105 2596 1158 2623 ter
1184 2590 1326 2622 striatas
1350 2587 1430 2624 539,
1454 2588 1508 2621 25.

937 2639 1113 2682 τριλέξιον
1139 2637 1279 2674 „Trio“
1306 2636 1382 2675 152,
1408 2633 1462 2667 19.
1510 2634 1624 2667 oratio

983 2685 1072 2728 Imp.
1099 2682 1181 2722 296,
1202 2682 1255 2715 17.

939 2731 973 2763 S.
999 2730 1186 2764 Trinitatis
1212 2728 1402 2773 εὗκῐὴριον
1424 2727 1458 2765 8,
1484 2725 1519 2759 4.

937 2779 1017 2823 τρὶς
1049 2776 1221 2809 ternarius
1258 2786 1424 2808 numerus
1458 2771 1622 2816 mysticus
