1884 3132
326 134 400 176 An
442 133 777 177 APPENDmEM
813 133 913 176 nn.
956 137 989 175 1.
1041 136 1112 176 m:
1151 134 1407 178 cemmou.
1489 117 1602 194 539

175 236 249 277 καὶ
270 233 437 304 κρόκινα
466 234 640 292 ῥόμβοις
680 235 865 292 ὖφαντὰ,
921 234 966 278 αῖ
993 237 1039 278 δὲ
1076 236 1255 292 κεφαλαὶ
1280 239 1368 280 κατ’
1398 236 1470 280 ἴσα
1500 241 1603 281 διει-

173 294 380 344 λημμεναι
410 291 545 343 ζώοις.
598 294 664 334 Sic
702 295 796 333 satis
821 293 921 333 mihi
950 293 1087 334 videor
1122 294 1291 335 Cedreni
1322 294 1456 336 locum
1485 303 1527 336 et
1552 296 1602 338 il-

174 345 360 388 lustrasse
388 356 428 388 et
454 348 687 389 vindicasse.

280 403 335 444 A.
368 403 412 443 6.
442 403 560 458 [469,
590 403 657 458 6.]
689 403 736 443 ἐκ
761 402 845 442 τῶν
872 406 963 443 κατ’
990 399 1141 451 οἴκους.
1197 405 1259 444 De
1286 405 1462 446 vestibus
1494 414 1604 447 vete-
1653 420 1666 426 ··

174 470 267 496 rum
295 457 521 498 domesticis
547 472 590 498 v.
621 458 847 498 casaubon.
873 457 924 496 ad
941 458 1029 497 Scr.
1056 458 1162 498 Hist.
1179 459 1288 514 Aug.
1321 461 1373 500 Τ.
1403 462 1434 500 Ι.
1452 476 1494 515 p.
1511 462 1603 504 261.

174 510 328 551 Ibidem
353 527 392 567 p.
411 527 504 568 99⁰·
537 521 664 554 vestes
674 514 857 566 fhrenses
889 520 930 552 et
954 513 1183 552 domesticae
1220 523 1492 570 opponuntur.

283 566 340 606 A.
357 583 397 623 7.
431 566 549 622 [469,
569 567 627 622 7.]
656 563 884 621 ἐσωφόρια.
912 568 1050 608 Sintne
1078 568 1271 610 interulae
1296 570 1446 620 lineae,
1463 570 1602 624 quales

175 634 248 660 nos
261 620 381 661 hodie
407 637 526 676 super
555 623 640 676 ipsa
668 629 758 662 cute
776 630 927 676 gestare
954 623 1137 672 solemus,
1159 638 1211 663 an
1241 625 1417 665 chitones
1449 626 1574 665 infimi
1589 656 1604 675 ‚

172 675 332 728 talares,
362 677 461 716 mihi
477 691 559 717 non
587 684 755 717 constat.
777 677 967 716 Nondum
995 679 1101 717 enim
1127 680 1222 718 satis
1240 679 1363 733 liquet
1391 680 1513 720 lineas
1526 695 1602 720 no-

171 737 268 782 stro,
286 744 339 770 an
354 731 488 772 laneas
502 739 659 772 vetusto
672 733 824 772 Graeco
843 740 882 771 et
896 733 1077 772 Romano
1088 747 1199 773 more
1226 748 1345 788 super
1372 743 1460 774 cute
1475 744 1603 789 gesta-

172 786 304 824 verint
331 787 484 826 tunicas
522 788 617 827 novi
646 788 803 827 Graeci.
859 788 956 827 vid.
987 802 1088 842 quae
1117 788 1280 828 inferius
1306 790 1356 829 de
1383 804 1606 843 σφιγκτου-

171 839 279 892 ριὀις
303 847 344 879 et
373 839 795 894 ὖποκαμισοβρακίοις
821 843 966 882 dicam.
1020 843 1121 882 Mihi
1149 845 1310 896 quidem
1337 845 1603 898 probabilius,

171 894 414 935 vocabulum
459 897 668 950 esophoria
706 912 786 937 non
826 898 1017 937 interulas
1044 905 1114 936 aut
1159 899 1316 939 indusia
1332 930 1343 949 ,
1389 902 1568 939 chemt'ses
1582 929 1597 950 ‚

169 948 376 990 Hembden
391 980 404 1002 ‚
448 951 518 991 sed
556 953 711 992 tunicas
737 952 815 992 illis
841 953 1066 992 immediate
1094 953 1390 1007 incumbentes,
1430 956 1602 1008 talares,

171 1004 405 1057 signifioere.
468 1006 568 1045 Nam
608 1009 770 1047 invenio
816 1007 1025 1061 esophoria
1068 1010 1206 1048 serica.
1264 1010 1442 1054 Sericum
1470 1019 1604 1051 autem

170 1057 335 1099 indusiis
361 1059 584 1100 adhibitum
613 1062 731 1102 fuisse
747 1064 812 1102 vix
836 1070 988 1117 putem.
1041 1062 1274 1104 Anastasius
1299 1067 1342 1105 in
1354 1065 1513 1105 Nicolao
1535 1068 1567 1105 1.
1584 1082 1597 1107 ε

170 1114 214 1152 in
244 1115 387 1154 ciborio
416 1115 756 1156 Constantinianae
788 1118 970 1158 basilicae
1006 1120 1169 1173 optimos
1194 1121 1244 1159 de
1277 1122 1429 1175 siphori
1456 1121 1518 1175 [id
1545 1129 1606 1162 est

170 1166 222 1206 de
246 1169 479 1224 esophorio]
506 1180 545 1210 et
566 1172 616 1210 de
634 1173 813 1224 Jimdato
852 1183 1019 1228 quatuor
1059 1188 1213 1227 pannos
1248 1175 1449 1230 appendit.
1505 1177 1604 1216 Fuit

170 1235 264 1276 ergo
290 1238 414 1278 genus
441 1227 561 1279 panni
588 1227 638 1265 de
673 1229 874 1282 esophorio
900 1228 1066 1268 dictum.
1124 1229 1205 1268 Leo
1235 1231 1430 1269 Ostiensis
1458 1231 1491 1270 Ι.
1518 1231 1602 1271 28.:

169 1279 331 1318 ser-icam
357 1281 448 1320 item
481 1282 657 1320 stericam
695 1280 783 1336 [alii
812 1284 968 1322 stt-icam
988 1313 1002 1334 ,
1042 1289 1081 1322 et
1108 1296 1244 1324 rursus
1272 1284 1340 1324 alii
1365 1286 1499 1325 sut-am
1528 1301 1600 1340 ap-

169 1331 334 1387 pellant]
362 1335 412 1373 de
438 1335 604 1389 silphori
627 1350 713 1375 cum
736 1352 833 1376 auro
855 1347 895 1377 et
915 1340 1089 1391 gemmis.

252 1401 344 1442 271.
373 1389 429 1427 A.
454 1403 512 1432 10.
544 1389 657 1444 [469,
675 1389 736 1444 8.]
769 1388 1075 1444 ἄσπρομώναια.
1106 1394 1214 1446 Quid
1241 1394 1339 1434 haec
1369 1409 1473 1446 vox,
1504 1397 1603 1449 quid

170 1439 442 1495 διυγαντάρια
464 1473 476 1495 ,
506 1445 603 1498 quid
643 1443 767 1485 ἰαστά
795 1447 1043 1501 significent,
1083 1449 1210 1489 fateor
1236 1463 1300 1489 me
1326 1464 1457 1504 neque
1487 1465 1602 1491 nosse

167 1509 297 1550 neque
322 1505 524 1551 exputare.

277 1549 333 1590 A.
358 1567 420 1592 11.
453 1553 562 1608 [469,
584 1553 640 1609 9.]
670 1552 842 1608 λωρωτὰ
873 1556 1057 1608 τρίμιτα.
1111 1558 1159 1597 ld
1185 1567 1243 1599 est
1270 1566 1398 1599 vestes
1425 1562 1600 1612 striatas,

167 1606 359 1646 tae-iatas
389 1607 440 1646 ad
478 1610 601 1648 instar
626 1610 805 1650 lororum
822 1641 835 1662 ,
863 1612 932 1650 sed
969 1612 1092 1651 ternis
1131 1614 1347 1654 identidem
1375 1614 1450 1654 filis
1476 1617 1601 1655 trium

166 1659 417 1701 diversorum
444 1663 624 1703 colorum
652 1665 756 1704 vices
784 1667 1088 1706 alternantibus.
1145 1669 1210 1708 Sic
1226 1666 1409 1720 δι’μιτον,
1443 1671 1597 1719 bila-en,

165 1729 366 1768 pannum,
402 1714 650 1769 πολῦμιτον,
693 1723 929 1769 multila-en,
979 1723 1022 1761 id
1050 1730 1108 1762 est
1134 1719 1388 1777 πολύχροον,
1416 1722 1599 1764 ποικιλό-

165 1782 311 1821 χρουν.
370 1771 492 1812 Forte
522 1772 749 1827 τετράμιτα
787 1783 879 1816 sunt
907 1776 1001 1828 illa,
1032 1792 1135 1831 quae
1165 1779 1398 1819 Anastasius
1424 1781 1516 1819 vela
1547 1781 1598 1819 de

165 1824 387 1880 quadruplo
413 1827 598 1880 appellat.
660 1828 775 1883 Hugo
803 1831 1029 1871 Falcandus
1056 1833 1086 1871 l.
1116 1848 1180 1873 c.:
1212 1835 1300 1873 Iziac
1321 1836 1438 1883 etz‘czm
1462 1835 1599 1875 videas

165 1880 292 1917 amica
312 1909 324 1927 ,
362 1881 502 1920 dimica
532 1892 571 1922 et
593 1885 740 1923 trimita
770 1888 917 1926 minori
933 1889 1080 1942 peritia
1105 1898 1300 1944 sumatque
1316 1889 1472 1944 perfici,
1509 1891 1599 1928 hinc

166 1933 368 1972 hexamita
403 1936 587 1976 uberioris
613 1942 799 1980 materiae
838 1943 951 1997 copia
986 1943 1228 1982 condensari.
1295 1944 1380 1983 Aut
1407 1951 1500 1983 sunt
1528 1958 1599 1983 ve-

166 1994 245 2025 stes
284 1989 407 2028 trium
450 1992 696 2032 macularum
715 2024 728 2045 ,
765 1997 807 2035 in
846 1996 991 2050 quihus
1018 1998 1170 2038 colores
1204 2007 1284 2038 tres
1322 2013 1391 2052 per
1422 1998 1597 2038 maculas

167 2040 248 2079 huc
279 2042 375 2082 illuc
403 2048 528 2098 sparsi
556 2055 648 2087 sunt
677 2048 789 2089 nullo
818 2059 925 2092 certo
956 2052 1097 2092 ordine
1115 2084 1128 2105 ‚
1157 2068 1286 2107 neque
1315 2061 1422 2093 certa
1451 2054 1594 2106 figura.

165 2095 320 2135 Auctor
356 2099 629 2141 Mamotrecti:
681 2105 893 2157 polymitos
929 2109 1043 2146 vestis
1085 2123 1139 2147 ex
1176 2110 1300 2147 variis
1326 2109 1514 2147 coloribus
1561 2117 1599 2147 et

162 2152 300 2200 gidus,
321 2166 347 2190 α
361 2155 484 2206 polis,
509 2157 616 2210 quod
629 2167 685 2196 est
707 2161 933 2213 pluralitas,
945 2171 982 2202 et
1002 2164 1126 2210 mutos,
1144 2164 1252 2217 quod
1277 2173 1333 2202 est
1352 2172 1475 2215 gutta.
1496 2162 1592 2201 Vid.

166 2203 235 2241 Du
257 2204 390 2258 Cange
417 2222 458 2248 v.
498 2219 604 2261 gutta
632 2218 672 2250 et
698 2215 828 2264 guela-

238 2308 247 2320 .
276 2258 332 2297 A.
359 2273 419 2299 12.
453 2263 564 2317 [469,
601 2265 675 2319 10.]
705 2264 920 2308 ἆνάλεκτα.
987 2270 1119 2321 Puto,
1150 2271 1215 2310 vel
1239 2273 1408 2310 coniicio
1433 2272 1591 2325 potius,

166 2308 385 2351 ἅναλεκτον
424 2317 492 2365 (sic
529 2322 622 2358 novi
669 2322 810 2362 Graeci
853 2324 1035 2363 dicebant
1068 2339 1143 2377 pro
1181 2322 1440 2377 ἀνάλεκτρον)
1476 2327 1597 2364 fuisse

164 2365 371 2405 sudarium
419 2367 483 2407 vel
529 2383 737 2423 mappam,
785 2391 831 2413 ex
867 2392 914 2417 eo
962 2381 1017 2417 sic
1060 2380 1231 2426 dictam,
1273 2379 1381 2432 quod
1408 2378 1597 2432 analogiIS

163 2433 231 2458 seu
259 2422 420 2474 pulpitis
452 2423 721 2465 ecclesiasticis
749 2426 847 2466 taloe
879 2442 1045 2482 mappae
1080 2433 1251 2469 solerent
1276 2434 1441 2471 insterni
1469 2434 1596 2486 iisque

164 2476 264 2514 sacri
302 2477 456 2516 codices
481 2481 724 2533 superponi,
761 2496 783 2520 e
805 2482 949 2535 quibus
978 2490 1105 2522 textus
1139 2486 1353 2537 evangelici
1378 2494 1417 2525 et
1450 2489 1593 2539 episto-

163 2525 229 2566 lici
268 2532 545 2572 recitarentur.
616 2534 756 2574 Talem
802 2550 986 2589 mappam
1022 2538 1192 2591 appellat
1222 2541 1444 2580 Monachus
1467 2543 1595 2595 Pega-

166 2583 310 2624 viensis
325 2601 338 2624 ε
368 2588 559 2638 velamen,
587 2589 693 2643 quod
722 2592 902 2643 analogio
930 2595 1085 2631 summis
1110 2595 1151 2632 in
1168 2595 1286 2646 sestis
1309 2599 1592 2650 superponitur,

164 2636 206 2674 in
235 2653 310 2691 quo
337 2643 580 2694 evangelium
608 2645 767 2682 recitari
796 2647 913 2692 solet,
956 2653 996 2684 et
1018 2647 1119 2686 Acta
1142 2650 1340 2689 Mur-ensis
1367 2652 1592 2690 monasterii

166 2704 206 2742 p.
239 2704 307 2746 ²9·
324 2709 336 2732 ε
378 2695 538 2737 linteum
570 2699 753 2754 analogio
786 2701 1129 2754 subter-ponendum
1166 2705 1206 2742 in
1245 2705 1407 2756 festivis
1446 2705 1591 2746 diebus.
