<?xml version="1.0" encoding="UTF-8"?>
<!DOCTYPE html PUBLIC "-//W3C//DTD XHTML 1.0 Transitional//EN"
    "http://www.w3.org/TR/xhtml1/DTD/xhtml1-transitional.dtd">
<html xmlns="http://www.w3.org/1999/xhtml" xml:lang="en" lang="en">
 <head>
  <title>
</title>
<meta http-equiv="Content-Type" content="text/html;charset=utf-8" />
  <meta name='ocr-system' content='tesseract 3.04.00' />
  <meta name='ocr-capabilities' content='ocr_page ocr_carea ocr_par ocr_line ocrx_word'/>
</head>
<body>
  <div class='ocr_page' id='page_1' title='image "./corpusscriptorum08niebuoft_0515.png"; bbox 0 0 1884 3132; ppageno 0'>
   <div class='ocr_carea' id='block_1_1' title="bbox 0 1540 29 2870">
    <p class='ocr_par' dir='ltr' id='par_1_1' title="bbox 0 1540 29 2870">
     <span class='ocr_line' id='line_1_1' title="bbox 0 1540 29 2870; baseline 0 0"><span class='ocrx_word' id='word_1_1' title='bbox 0 1540 29 2870; x_wconf 95' lang='lat' dir='ltr'><strong> </strong></span> 
     </span>
    </p>
   </div>
   <div class='ocr_carea' id='block_1_2' title="bbox 325 147 1608 222">
    <p class='ocr_par' dir='ltr' id='par_1_2' title="bbox 325 147 1608 222">
     <span class='ocr_line' id='line_1_2' title="bbox 325 147 1608 222; baseline -0.01 -6"><span class='ocrx_word' id='word_1_2' title='bbox 325 172 400 215; x_wconf 77' lang='grc' dir='ltr'><strong>ΑΙ)</strong></span> <span class='ocrx_word' id='word_1_3' title='bbox 439 173 780 216; x_wconf 83' lang='lat' dir='ltr'><strong>APPENDICEM</strong></span> <span class='ocrx_word' id='word_1_4' title='bbox 818 174 915 214; x_wconf 79' lang='lat' dir='ltr'><strong>Lm.</strong></span> <span class='ocrx_word' id='word_1_5' title='bbox 958 174 991 212; x_wconf 91' lang='lat'><strong>1.</strong></span> <span class='ocrx_word' id='word_1_6' title='bbox 1025 172 1095 212; x_wconf 85' lang='lat' dir='ltr'><strong>DE</strong></span> <span class='ocrx_word' id='word_1_7' title='bbox 1140 169 1400 213; x_wconf 68' lang='lat' dir='ltr'><strong>OEmmon.</strong></span> <span class='ocrx_word' id='word_1_8' title='bbox 1502 147 1608 222; x_wconf 86' lang='lat'><strong>507</strong></span> 
     </span>
    </p>
   </div>
   <div class='ocr_carea' id='block_1_3' title="bbox 152 274 1615 2806">
    <p class='ocr_par' dir='ltr' id='par_1_3' title="bbox 167 274 1615 661">
     <span class='ocr_line' id='line_1_3' title="bbox 171 274 1615 331; baseline -0.003 -16"><span class='ocrx_word' id='word_1_9' title='bbox 171 277 292 316; x_wconf 86' lang='lat' dir='ltr'><strong>etiam</strong></span> <span class='ocrx_word' id='word_1_10' title='bbox 306 278 363 316; x_wconf 79' lang='lat' dir='ltr'><strong>sic</strong></span> <span class='ocrx_word' id='word_1_11' title='bbox 375 277 471 316; x_wconf 89' lang='lat' dir='ltr'><strong>dicti</strong></span> <span class='ocrx_word' id='word_1_12' title='bbox 485 278 627 317; x_wconf 88' lang='lat' dir='ltr'><strong>medici</strong></span> <span class='ocrx_word' id='word_1_13' title='bbox 644 277 775 331; x_wconf 87' lang='lat' dir='ltr'><strong>‚quod</strong></span> <span class='ocrx_word' id='word_1_14' title='bbox 801 276 913 331; x_wconf 86' lang='lat' dir='ltr'>cyclo</span> <span class='ocrx_word' id='word_1_15' title='bbox 934 274 1139 330; x_wconf 87' lang='lat' dir='ltr'><strong>‚periodo‚</strong></span> <span class='ocrx_word' id='word_1_16' title='bbox 1173 274 1378 325; x_wconf 82' lang='lat' dir='ltr'>methodo,</span> <span class='ocrx_word' id='word_1_17' title='bbox 1408 279 1615 312; x_wconf 75' lang='lat' dir='ltr'>constante</span> 
     </span>
     <span class='ocr_line' id='line_1_4' title="bbox 169 325 1613 383; baseline -0.003 -13"><span class='ocrx_word' id='word_1_18' title='bbox 169 331 325 370; x_wconf 90' lang='lat' dir='ltr'><strong>dierum</strong></span> <span class='ocrx_word' id='word_1_19' title='bbox 353 340 554 372; x_wconf 87' lang='lat' dir='ltr'><strong>certorum</strong></span> <span class='ocrx_word' id='word_1_20' title='bbox 586 333 823 372; x_wconf 82' lang='lat' dir='ltr'><strong>abstinentia</strong></span> <span class='ocrx_word' id='word_1_21' title='bbox 840 362 851 383; x_wconf 92' lang='lat'>‚</span> <span class='ocrx_word' id='word_1_22' title='bbox 881 339 987 371; x_wconf 85' lang='lat' dir='ltr'><strong>certa</strong></span> <span class='ocrx_word' id='word_1_23' title='bbox 1016 330 1217 380; x_wconf 86' lang='lat' dir='ltr'><strong>formula,</strong></span> <span class='ocrx_word' id='word_1_24' title='bbox 1247 331 1364 369; x_wconf 88' lang='lat' dir='ltr'><strong>certis</strong></span> <span class='ocrx_word' id='word_1_25' title='bbox 1392 325 1613 367; x_wconf 83' lang='lat' dir='ltr'><strong>intervallis</strong></span> 
     </span>
     <span class='ocr_line' id='line_1_5' title="bbox 169 388 1611 439; baseline -0.003 -14"><span class='ocrx_word' id='word_1_26' title='bbox 169 388 455 427; x_wconf 80' lang='lat' dir='ltr'><strong>exercitionum</strong></span> <span class='ocrx_word' id='word_1_27' title='bbox 481 396 520 428; x_wconf 89' lang='lat' dir='ltr'><strong>et</strong></span> <span class='ocrx_word' id='word_1_28' title='bbox 549 389 858 428; x_wconf 88' lang='lat' dir='ltr'><strong>medicationum</strong></span> <span class='ocrx_word' id='word_1_29' title='bbox 886 394 1074 426; x_wconf 85' lang='lat' dir='ltr'><strong>curarent</strong></span> <span class='ocrx_word' id='word_1_30' title='bbox 1092 415 1103 436; x_wconf 88' lang='lat'>‚</span> <span class='ocrx_word' id='word_1_31' title='bbox 1133 393 1178 424; x_wconf 89' lang='lat' dir='ltr'><strong>ut</strong></span> <span class='ocrx_word' id='word_1_32' title='bbox 1204 400 1275 439; x_wconf 88' lang='lat' dir='ltr'><strong>per</strong></span> <span class='ocrx_word' id='word_1_33' title='bbox 1302 393 1429 424; x_wconf 85' lang='lat' dir='ltr'><strong>certas</strong></span> <span class='ocrx_word' id='word_1_34' title='bbox 1456 391 1611 436; x_wconf 87' lang='lat' dir='ltr'><strong>tempo-</strong></span> 
     </span>
     <span class='ocr_line' id='line_1_6' title="bbox 169 440 1611 495; baseline -0.002 -16"><span class='ocrx_word' id='word_1_35' title='bbox 169 455 261 481; x_wconf 89' lang='lat' dir='ltr'><strong>rum</strong></span> <span class='ocrx_word' id='word_1_36' title='bbox 287 443 471 495; x_wconf 86' lang='lat' dir='ltr'>periodos</span> <span class='ocrx_word' id='word_1_37' title='bbox 498 444 678 494; x_wconf 84' lang='lat' dir='ltr'><strong>diaetae,</strong></span> <span class='ocrx_word' id='word_1_38' title='bbox 717 443 999 482; x_wconf 84' lang='lat' dir='ltr'><strong>exercitionum</strong></span> <span class='ocrx_word' id='word_1_39' title='bbox 1019 471 1031 493; x_wconf 85' lang='lat'>‚</span> <span class='ocrx_word' id='word_1_40' title='bbox 1073 441 1381 480; x_wconf 85' lang='lat' dir='ltr'><strong>medicationum</strong></span> <span class='ocrx_word' id='word_1_41' title='bbox 1418 447 1493 478; x_wconf 89' lang='lat' dir='ltr'><strong>etc.</strong></span> <span class='ocrx_word' id='word_1_42' title='bbox 1526 440 1611 478; x_wconf 90' lang='lat' dir='ltr'><strong>vias</strong></span> 
     </span>
     <span class='ocr_line' id='line_1_7' title="bbox 167 491 1610 551; baseline -0.001 -17"><span class='ocrx_word' id='word_1_43' title='bbox 167 505 446 549; x_wconf 81' lang='lat' dir='ltr'><strong>rccurrerent3</strong></span> <span class='ocrx_word' id='word_1_44' title='bbox 477 513 515 538; x_wconf 86' lang='lat' dir='ltr'><strong>v.</strong></span> <span class='ocrx_word' id='word_1_45' title='bbox 533 500 601 537; x_wconf 92' lang='lat' dir='ltr'><strong>Du</strong></span> <span class='ocrx_word' id='word_1_46' title='bbox 623 500 758 551; x_wconf 78' lang='lat' dir='ltr'><strong>Cange</strong></span> <span class='ocrx_word' id='word_1_47' title='bbox 786 513 825 538; x_wconf 89' lang='lat' dir='ltr'><strong>v.</strong></span> <span class='ocrx_word' id='word_1_48' title='bbox 859 498 1013 548; x_wconf 72' lang='lat' dir='ltr'><strong>Cyclas.</strong></span> <span class='ocrx_word' id='word_1_49' title='bbox 1075 491 1418 547; x_wconf 72' lang='grc' dir='ltr'>Περιοδεύεσθαι</span> <span class='ocrx_word' id='word_1_50' title='bbox 1440 501 1498 534; x_wconf 87' lang='lat' dir='ltr'><strong>cst</strong></span> <span class='ocrx_word' id='word_1_51' title='bbox 1527 508 1610 532; x_wconf 85' lang='lat' dir='ltr'><strong>me-</strong></span> 
     </span>
     <span class='ocr_line' id='line_1_8' title="bbox 167 549 1607 607; baseline -0.002 -17"><span class='ocrx_word' id='word_1_52' title='bbox 167 551 303 592; x_wconf 76' lang='lat' dir='ltr'><strong>dicz‘na</strong></span> <span class='ocrx_word' id='word_1_53' title='bbox 333 555 412 602; x_wconf 81' lang='lat' dir='ltr'><strong>uti,</strong></span> <span class='ocrx_word' id='word_1_54' title='bbox 459 554 617 607; x_wconf 88' lang='lat' dir='ltr'>corpori</span> <span class='ocrx_word' id='word_1_55' title='bbox 660 568 733 593; x_wconf 92' lang='lat' dir='ltr'><strong>suo</strong></span> <span class='ocrx_word' id='word_1_56' title='bbox 771 553 1012 592; x_wconf 75' lang='lat' dir='ltr'><strong>med1cinam</strong></span> <span class='ocrx_word' id='word_1_57' title='bbox 1040 550 1244 591; x_wconf 83' lang='lat' dir='ltr'><strong>adhibere.</strong></span> <span class='ocrx_word' id='word_1_58' title='bbox 1305 550 1454 589; x_wconf 86' lang='lat' dir='ltr'><strong>Malala</strong></span> <span class='ocrx_word' id='word_1_59' title='bbox 1481 550 1532 588; x_wconf 87' lang='lat' dir='ltr'><strong>T.</strong></span> <span class='ocrx_word' id='word_1_60' title='bbox 1553 549 1607 588; x_wconf 93' lang='lat'><strong>11.</strong></span> 
     </span>
     <span class='ocr_line' id='line_1_9' title="bbox 168 619 377 661; baseline 0.014 -16"><span class='ocrx_word' id='word_1_61' title='bbox 168 619 260 661; x_wconf 83' lang='lat' dir='ltr'><strong>pag.</strong></span> <span class='ocrx_word' id='word_1_62' title='bbox 290 621 377 648; x_wconf 88' lang='lat'><strong>100.</strong></span> 
     </span>
    </p>

    <p class='ocr_par' dir='ltr' id='par_1_4' title="bbox 152 657 1612 2806">
     <span class='ocr_line' id='line_1_10' title="bbox 276 657 1609 718; baseline -0.002 -16"><span class='ocrx_word' id='word_1_63' title='bbox 276 663 324 702; x_wconf 92' lang='lat' dir='ltr'><strong>B.</strong></span> <span class='ocrx_word' id='word_1_64' title='bbox 342 677 384 718; x_wconf 89' lang='lat'><strong>9.</strong></span> <span class='ocrx_word' id='word_1_65' title='bbox 406 662 524 718; x_wconf 77' lang='grc'>[463,</span> <span class='ocrx_word' id='word_1_66' title='bbox 552 661 610 717; x_wconf 71' lang='grc'><strong>1.]</strong></span> <span class='ocrx_word' id='word_1_67' title='bbox 652 657 910 715; x_wconf 76' lang='grc' dir='ltr'>ἆξινορύγια.</span> <span class='ocrx_word' id='word_1_68' title='bbox 964 662 1078 702; x_wconf 89' lang='lat' dir='ltr'><strong>Verti</strong></span> <span class='ocrx_word' id='word_1_69' title='bbox 1107 675 1256 700; x_wconf 75' lang='lat' dir='ltr'><strong>secut-es</strong></span> <span class='ocrx_word' id='word_1_70' title='bbox 1286 660 1495 700; x_wconf 78' lang='lat' dir='ltr'><strong>caedendis</strong></span> <span class='ocrx_word' id='word_1_71' title='bbox 1527 673 1609 714; x_wconf 82' lang='lat' dir='ltr'><strong>pa-</strong></span> 
     </span>
     <span class='ocr_line' id='line_1_11' title="bbox 167 711 1611 773; baseline -0.001 -19"><span class='ocrx_word' id='word_1_72' title='bbox 167 716 265 756; x_wconf 75' lang='lat' dir='ltr'><strong>ricer-</strong></span> <span class='ocrx_word' id='word_1_73' title='bbox 284 718 404 771; x_wconf 78' lang='lat' dir='ltr'><strong>lignis</strong></span> <span class='ocrx_word' id='word_1_74' title='bbox 423 727 462 757; x_wconf 86' lang='lat' dir='ltr'><strong>et</strong></span> <span class='ocrx_word' id='word_1_75' title='bbox 467 718 694 769; x_wconf 65' lang='lat' dir='ltr'><strong>fodiendae</strong></span> <span class='ocrx_word' id='word_1_76' title='bbox 724 728 851 758; x_wconf 78' lang='lat' dir='ltr'><strong>terrae</strong></span> <span class='ocrx_word' id='word_1_77' title='bbox 877 727 1014 773; x_wconf 80' lang='lat' dir='ltr'><strong>aptae,</strong></span> <span class='ocrx_word' id='word_1_78' title='bbox 1047 717 1261 769; x_wconf 79' lang='lat' dir='ltr'><strong>respiciens</strong></span> <span class='ocrx_word' id='word_1_79' title='bbox 1289 717 1338 755; x_wconf 91' lang='lat' dir='ltr'><strong>ad</strong></span> <span class='ocrx_word' id='word_1_80' title='bbox 1370 715 1510 768; x_wconf 66' lang='lat' dir='ltr'><strong>a&#39;g‘e&#39;qu</strong></span> <span class='ocrx_word' id='word_1_81' title='bbox 1538 711 1611 754; x_wconf 76' lang='grc' dir='ltr'><strong>καὶ</strong></span> 
     </span>
     <span class='ocr_line' id='line_1_12' title="bbox 168 768 1608 824; baseline -0.001 -15"><span class='ocrx_word' id='word_1_82' title='bbox 168 768 352 823; x_wconf 77' lang='grc' dir='ltr'>ὀρύγων.</span> <span class='ocrx_word' id='word_1_83' title='bbox 409 772 547 812; x_wconf 87' lang='lat' dir='ltr'><strong>Solent</strong></span> <span class='ocrx_word' id='word_1_84' title='bbox 589 775 695 812; x_wconf 89' lang='lat' dir='ltr'><strong>enim</strong></span> <span class='ocrx_word' id='word_1_85' title='bbox 723 775 867 813; x_wconf 90' lang='lat' dir='ltr'><strong>Graeci</strong></span> <span class='ocrx_word' id='word_1_86' title='bbox 898 773 979 812; x_wconf 91' lang='lat' dir='ltr'><strong>duo</strong></span> <span class='ocrx_word' id='word_1_87' title='bbox 1007 771 1203 812; x_wconf 86' lang='lat' dir='ltr'><strong>vocabula</strong></span> <span class='ocrx_word' id='word_1_88' title='bbox 1235 772 1380 811; x_wconf 87' lang='lat' dir='ltr'><strong>diversi</strong></span> <span class='ocrx_word' id='word_1_89' title='bbox 1410 771 1608 824; x_wconf 81' lang='lat' dir='ltr'><strong>significa-</strong></span> 
     </span>
     <span class='ocr_line' id='line_1_13' title="bbox 166 826 1608 881; baseline -0.001 -15"><span class='ocrx_word' id='word_1_90' title='bbox 166 832 232 865; x_wconf 74' lang='lat' dir='ltr'><strong>tus</strong></span> <span class='ocrx_word' id='word_1_91' title='bbox 258 841 330 880; x_wconf 89' lang='lat' dir='ltr'><strong>per</strong></span> <span class='ocrx_word' id='word_1_92' title='bbox 355 837 395 867; x_wconf 83' lang='lat' dir='ltr'><strong>et</strong></span> <span class='ocrx_word' id='word_1_93' title='bbox 419 828 618 881; x_wconf 86' lang='lat' dir='ltr'><strong>iungenda</strong></span> <span class='ocrx_word' id='word_1_94' title='bbox 647 829 686 868; x_wconf 90' lang='lat' dir='ltr'><strong>in</strong></span> <span class='ocrx_word' id='word_1_95' title='bbox 715 843 837 867; x_wconf 86' lang='lat' dir='ltr'><strong>unam</strong></span> <span class='ocrx_word' id='word_1_96' title='bbox 867 843 1038 868; x_wconf 86' lang='lat' dir='ltr'><strong>massam</strong></span> <span class='ocrx_word' id='word_1_97' title='bbox 1068 826 1244 867; x_wconf 80' lang='lat' dir='ltr'><strong>conflare</strong></span> <span class='ocrx_word' id='word_1_98' title='bbox 1267 841 1279 878; x_wconf 82' lang='lat'><em>3</em></span> <span class='ocrx_word' id='word_1_99' title='bbox 1310 841 1392 880; x_wconf 82' lang='lat' dir='ltr'><strong>quo</strong></span> <span class='ocrx_word' id='word_1_100' title='bbox 1419 826 1468 865; x_wconf 91' lang='lat' dir='ltr'><strong>de</strong></span> <span class='ocrx_word' id='word_1_101' title='bbox 1497 839 1608 864; x_wconf 86' lang='lat' dir='ltr'><strong>more</strong></span> 
     </span>
     <span class='ocr_line' id='line_1_14' title="bbox 166 881 1608 937; baseline 0.001 -19"><span class='ocrx_word' id='word_1_102' title='bbox 166 881 228 934; x_wconf 83' lang='lat' dir='ltr'><strong>egi</strong></span> <span class='ocrx_word' id='word_1_103' title='bbox 258 882 308 921; x_wconf 83' lang='lat' dir='ltr'><strong>ad</strong></span> <span class='ocrx_word' id='word_1_104' title='bbox 336 897 379 936; x_wconf 89' lang='lat' dir='ltr'><strong>p.</strong></span> <span class='ocrx_word' id='word_1_105' title='bbox 397 883 467 932; x_wconf 75' lang='grc'><strong>43.</strong></span> <span class='ocrx_word' id='word_1_106' title='bbox 485 884 535 925; x_wconf 90' lang='grc' dir='ltr'><strong>Ι).</strong></span> <span class='ocrx_word' id='word_1_107' title='bbox 562 883 637 923; x_wconf 89' lang='lat' dir='ltr'><strong>ult.</strong></span> <span class='ocrx_word' id='word_1_108' title='bbox 695 885 809 923; x_wconf 84' lang='lat' dir='ltr'><strong>Verti</strong></span> <span class='ocrx_word' id='word_1_109' title='bbox 840 885 962 937; x_wconf 79' lang='lat' dir='ltr'><strong>igitur</strong></span> <span class='ocrx_word' id='word_1_110' title='bbox 995 898 1076 923; x_wconf 91' lang='lat' dir='ltr'><strong>non</strong></span> <span class='ocrx_word' id='word_1_111' title='bbox 1111 882 1444 936; x_wconf 79' lang='lat' dir='ltr'><strong>improbabiliter.</strong></span> <span class='ocrx_word' id='word_1_112' title='bbox 1514 881 1608 920; x_wconf 84' lang='lat' dir='ltr'><strong>Non</strong></span> 
     </span>
     <span class='ocr_line' id='line_1_15' title="bbox 166 936 1607 992; baseline 0.001 -18"><span class='ocrx_word' id='word_1_113' title='bbox 166 936 275 975; x_wconf 87' lang='lat' dir='ltr'><strong>enim</strong></span> <span class='ocrx_word' id='word_1_114' title='bbox 312 937 556 991; x_wconf 87' lang='lat' dir='ltr'><strong>impossibile</strong></span> <span class='ocrx_word' id='word_1_115' title='bbox 593 946 681 992; x_wconf 81' lang='lat' dir='ltr'><strong>est,</strong></span> <span class='ocrx_word' id='word_1_116' title='bbox 720 938 908 978; x_wconf 89' lang='lat' dir='ltr'><strong>habuisse</strong></span> <span class='ocrx_word' id='word_1_117' title='bbox 944 946 1098 978; x_wconf 79' lang='lat' dir='ltr'><strong>veteres</strong></span> <span class='ocrx_word' id='word_1_118' title='bbox 1136 938 1232 977; x_wconf 82' lang='lat' dir='ltr'><strong>talia</strong></span> <span class='ocrx_word' id='word_1_119' title='bbox 1268 938 1530 976; x_wconf 86' lang='lat' dir='ltr'><strong>instrumenta</strong></span> <span class='ocrx_word' id='word_1_120' title='bbox 1561 951 1607 975; x_wconf 86' lang='lat' dir='ltr'><strong>ex</strong></span> 
     </span>
     <span class='ocr_line' id='line_1_16' title="bbox 165 992 1608 1045; baseline 0.001 -16"><span class='ocrx_word' id='word_1_121' title='bbox 165 1004 248 1030; x_wconf 87' lang='lat' dir='ltr'><strong>una</strong></span> <span class='ocrx_word' id='word_1_122' title='bbox 274 1000 389 1045; x_wconf 86' lang='lat' dir='ltr'><strong>parte</strong></span> <span class='ocrx_word' id='word_1_123' title='bbox 416 995 544 1033; x_wconf 89' lang='lat' dir='ltr'><strong>securi</strong></span> <span class='ocrx_word' id='word_1_124' title='bbox 569 1024 581 1044; x_wconf 90' lang='lat'>‚</span> <span class='ocrx_word' id='word_1_125' title='bbox 611 1009 656 1034; x_wconf 84' lang='lat' dir='ltr'><strong>ex</strong></span> <span class='ocrx_word' id='word_1_126' title='bbox 685 994 812 1034; x_wconf 88' lang='lat' dir='ltr'><strong>altera</strong></span> <span class='ocrx_word' id='word_1_127' title='bbox 841 1002 968 1034; x_wconf 86' lang='lat' dir='ltr'><strong>rastro</strong></span> <span class='ocrx_word' id='word_1_128' title='bbox 990 994 1054 1034; x_wconf 89' lang='lat' dir='ltr'><strong>vel</strong></span> <span class='ocrx_word' id='word_1_129' title='bbox 1082 1007 1188 1033; x_wconf 91' lang='lat' dir='ltr'><strong>unco</strong></span> <span class='ocrx_word' id='word_1_130' title='bbox 1217 993 1298 1032; x_wconf 84' lang='lat' dir='ltr'><strong>lato</strong></span> <span class='ocrx_word' id='word_1_131' title='bbox 1326 999 1494 1032; x_wconf 82' lang='lat' dir='ltr'><strong>armata.</strong></span> <span class='ocrx_word' id='word_1_132' title='bbox 1552 992 1608 1031; x_wconf 88' lang='lat' dir='ltr'><strong>Et</strong></span> 
     </span>
     <span class='ocr_line' id='line_1_17' title="bbox 166 1045 1606 1104; baseline 0.001 -19"><span class='ocrx_word' id='word_1_133' title='bbox 166 1053 226 1086; x_wconf 87' lang='lat' dir='ltr'><strong>est</strong></span> <span class='ocrx_word' id='word_1_134' title='bbox 253 1061 349 1088; x_wconf 87' lang='lat' dir='ltr'><strong>sane</strong></span> <span class='ocrx_word' id='word_1_135' title='bbox 375 1049 576 1088; x_wconf 85' lang='lat' dir='ltr'><strong>interdum</strong></span> <span class='ocrx_word' id='word_1_136' title='bbox 604 1045 721 1102; x_wconf 75' lang='grc' dir='ltr'>ἀξίνη</span> <span class='ocrx_word' id='word_1_137' title='bbox 746 1052 887 1090; x_wconf 78' lang='lat' dir='ltr'><strong>securis</strong></span> <span class='ocrx_word' id='word_1_138' title='bbox 906 1080 916 1098; x_wconf 89' lang='lat'>,</span> <span class='ocrx_word' id='word_1_139' title='bbox 950 1065 1028 1104; x_wconf 79' lang='lat' dir='ltr'><strong>qua</strong></span> <span class='ocrx_word' id='word_1_140' title='bbox 1060 1050 1208 1102; x_wconf 77' lang='lat' dir='ltr'><strong>lignum</strong></span> <span class='ocrx_word' id='word_1_141' title='bbox 1239 1049 1438 1097; x_wconf 55' lang='lat' dir='ltr'><strong>meddam·</strong></span> <span class='ocrx_word' id='word_1_142' title='bbox 1468 1054 1513 1086; x_wconf 90' lang='lat' dir='ltr'><strong>ut</strong></span> <span class='ocrx_word' id='word_1_143' title='bbox 1542 1047 1606 1086; x_wconf 90' lang='lat' dir='ltr'><strong>vel</strong></span> 
     </span>
     <span class='ocr_line' id='line_1_18' title="bbox 166 1103 1609 1158; baseline 0.002 -19"><span class='ocrx_word' id='word_1_144' title='bbox 166 1114 213 1142; x_wconf 83' lang='lat' dir='ltr'><strong>ex</strong></span> <span class='ocrx_word' id='word_1_145' title='bbox 240 1115 323 1142; x_wconf 92' lang='lat' dir='ltr'><strong>uno</strong></span> <span class='ocrx_word' id='word_1_146' title='bbox 351 1103 491 1143; x_wconf 86' lang='lat' dir='ltr'><strong>Niceta</strong></span> <span class='ocrx_word' id='word_1_147' title='bbox 518 1112 653 1158; x_wconf 79' lang='lat' dir='ltr'><strong>patet,</strong></span> <span class='ocrx_word' id='word_1_148' title='bbox 678 1107 740 1157; x_wconf 88' lang='lat' dir='ltr'><strong>(ne</strong></span> <span class='ocrx_word' id='word_1_149' title='bbox 767 1107 810 1145; x_wconf 92' lang='lat' dir='ltr'><strong>in</strong></span> <span class='ocrx_word' id='word_1_150' title='bbox 847 1119 892 1144; x_wconf 90' lang='lat' dir='ltr'><strong>re</strong></span> <span class='ocrx_word' id='word_1_151' title='bbox 922 1112 1018 1144; x_wconf 87' lang='lat' dir='ltr'><strong>nota</strong></span> <span class='ocrx_word' id='word_1_152' title='bbox 1046 1103 1225 1157; x_wconf 87' lang='lat' dir='ltr'><strong>exempla</strong></span> <span class='ocrx_word' id='word_1_153' title='bbox 1253 1111 1410 1157; x_wconf 85' lang='lat' dir='ltr'><strong>praeter</strong></span> <span class='ocrx_word' id='word_1_154' title='bbox 1437 1103 1609 1142; x_wconf 89' lang='lat' dir='ltr'><strong>necessi-</strong></span> 
     </span>
     <span class='ocr_line' id='line_1_19' title="bbox 164 1154 1608 1212; baseline 0.001 -17"><span class='ocrx_word' id='word_1_155' title='bbox 164 1162 289 1196; x_wconf 84' lang='lat' dir='ltr'><strong>tatem</strong></span> <span class='ocrx_word' id='word_1_156' title='bbox 316 1162 558 1212; x_wconf 85' lang='lat' dir='ltr'><strong>congeram,)</strong></span> <span class='ocrx_word' id='word_1_157' title='bbox 592 1161 641 1199; x_wconf 89' lang='lat' dir='ltr'><strong>L.</strong></span> <span class='ocrx_word' id='word_1_158' title='bbox 664 1161 718 1199; x_wconf 90' lang='lat'><strong>11.</strong></span> <span class='ocrx_word' id='word_1_159' title='bbox 739 1175 773 1199; x_wconf 90' lang='lat' dir='ltr'><strong>c.</strong></span> <span class='ocrx_word' id='word_1_160' title='bbox 795 1161 836 1211; x_wconf 73' lang='grc'><strong>4.</strong></span> <span class='ocrx_word' id='word_1_161' title='bbox 858 1162 899 1199; x_wconf 91' lang='lat' dir='ltr'><strong>in</strong></span> <span class='ocrx_word' id='word_1_162' title='bbox 926 1160 1066 1199; x_wconf 85' lang='lat' dir='ltr'><strong>Alexio</strong></span> <span class='ocrx_word' id='word_1_163' title='bbox 1089 1175 1100 1199; x_wconf 73' lang='lat' dir='ltr'><strong>t</strong></span> <span class='ocrx_word' id='word_1_164' title='bbox 1129 1158 1283 1198; x_wconf 76' lang='grc' dir='ltr'><em>δέδωκε</em></span> <span class='ocrx_word' id='word_1_165' title='bbox 1311 1155 1385 1197; x_wconf 78' lang='grc' dir='ltr'><strong><em>καί</em></strong></span> <span class='ocrx_word' id='word_1_166' title='bbox 1411 1154 1608 1209; x_wconf 71' lang='grc' dir='ltr'>(ἱξινάρια</span> 
     </span>
     <span class='ocr_line' id='line_1_20' title="bbox 165 1207 1608 1265; baseline 0.002 -16"><span class='ocrx_word' id='word_1_167' title='bbox 165 1209 227 1258; x_wconf 82' lang='grc' dir='ltr'><strong>εἰς</strong></span> <span class='ocrx_word' id='word_1_168' title='bbox 251 1215 401 1263; x_wconf 79' lang='grc' dir='ltr'>χεῖρας</span> <span class='ocrx_word' id='word_1_169' title='bbox 419 1208 524 1253; x_wconf 75' lang='grc' dir='ltr'><em>ὥστε</em></span> <span class='ocrx_word' id='word_1_170' title='bbox 550 1211 712 1255; x_wconf 78' lang='grc' dir='ltr'><em>κόπτειν</em></span> <span class='ocrx_word' id='word_1_171' title='bbox 741 1211 859 1263; x_wconf 77' lang='grc' dir='ltr'>ξύλα.</span> <span class='ocrx_word' id='word_1_172' title='bbox 903 1215 1017 1255; x_wconf 88' lang='lat' dir='ltr'><strong>Nunc</strong></span> <span class='ocrx_word' id='word_1_173' title='bbox 1045 1223 1178 1254; x_wconf 88' lang='lat' dir='ltr'><strong>tamen</strong></span> <span class='ocrx_word' id='word_1_174' title='bbox 1199 1213 1336 1253; x_wconf 85' lang='lat' dir='ltr'><strong>malim</strong></span> <span class='ocrx_word' id='word_1_175' title='bbox 1365 1207 1608 1265; x_wconf 75' lang='grc' dir='ltr'>ἇξινορύγια</span> 
     </span>
     <span class='ocr_line' id='line_1_21' title="bbox 164 1267 1605 1324; baseline 0.001 -19"><span class='ocrx_word' id='word_1_176' title='bbox 164 1279 238 1318; x_wconf 89' lang='lat' dir='ltr'><strong>per</strong></span> <span class='ocrx_word' id='word_1_177' title='bbox 263 1276 376 1307; x_wconf 80' lang='lat' dir='ltr'><strong>rutra</strong></span> <span class='ocrx_word' id='word_1_178' title='bbox 415 1268 480 1307; x_wconf 85' lang='lat' dir='ltr'><strong>vel</strong></span> <span class='ocrx_word' id='word_1_179' title='bbox 511 1272 676 1324; x_wconf 79' lang='lat' dir='ltr'><strong>pastina</strong></span> <span class='ocrx_word' id='word_1_180' title='bbox 703 1271 985 1323; x_wconf 86' lang='lat' dir='ltr'><strong>interpretari,</strong></span> <span class='ocrx_word' id='word_1_181' title='bbox 1027 1271 1067 1309; x_wconf 91' lang='lat' dir='ltr'><strong>id</strong></span> <span class='ocrx_word' id='word_1_182' title='bbox 1107 1277 1165 1309; x_wconf 86' lang='lat' dir='ltr'><strong>est</strong></span> <span class='ocrx_word' id='word_1_183' title='bbox 1208 1271 1476 1309; x_wconf 85' lang='lat' dir='ltr'><strong>instrumenta</strong></span> <span class='ocrx_word' id='word_1_184' title='bbox 1505 1267 1574 1306; x_wconf 87' lang='lat' dir='ltr'><strong>illa</strong></span> <span class='ocrx_word' id='word_1_185' title='bbox 1594 1298 1605 1315; x_wconf 90' lang='lat'>‚</span> 
     </span>
     <span class='ocr_line' id='line_1_22' title="bbox 164 1323 1608 1379; baseline 0.001 -20"><span class='ocrx_word' id='word_1_186' title='bbox 164 1334 268 1373; x_wconf 85' lang='lat' dir='ltr'><strong>quae</strong></span> <span class='ocrx_word' id='word_1_187' title='bbox 293 1323 506 1363; x_wconf 86' lang='lat' dir='ltr'><strong>manubrio</strong></span> <span class='ocrx_word' id='word_1_188' title='bbox 534 1324 665 1378; x_wconf 81' lang='lat' dir='ltr'><strong>ligneo</strong></span> <span class='ocrx_word' id='word_1_189' title='bbox 693 1326 786 1364; x_wconf 89' lang='lat' dir='ltr'><strong>satis</strong></span> <span class='ocrx_word' id='word_1_190' title='bbox 814 1326 979 1379; x_wconf 80' lang='lat' dir='ltr'><strong>longum</strong></span> <span class='ocrx_word' id='word_1_191' title='bbox 1010 1333 1050 1364; x_wconf 88' lang='lat' dir='ltr'><strong>et</strong></span> <span class='ocrx_word' id='word_1_192' title='bbox 1077 1324 1202 1364; x_wconf 90' lang='lat' dir='ltr'><strong>latum</strong></span> <span class='ocrx_word' id='word_1_193' title='bbox 1220 1325 1370 1363; x_wconf 88' lang='lat' dir='ltr'><strong>ferrum</strong></span> <span class='ocrx_word' id='word_1_194' title='bbox 1390 1326 1431 1362; x_wconf 89' lang='lat' dir='ltr'><strong>in</strong></span> <span class='ocrx_word' id='word_1_195' title='bbox 1450 1337 1608 1362; x_wconf 84' lang='lat' dir='ltr'><strong>summo</strong></span> 
     </span>
     <span class='ocr_line' id='line_1_23' title="bbox 164 1373 1610 1432; baseline 0.002 -19"><span class='ocrx_word' id='word_1_196' title='bbox 164 1373 318 1415; x_wconf 86' lang='lat' dir='ltr'><strong>habent</strong></span> <span class='ocrx_word' id='word_1_197' title='bbox 336 1407 347 1425; x_wconf 88' lang='lat'><strong>‚</strong></span> <span class='ocrx_word' id='word_1_198' title='bbox 391 1379 500 1432; x_wconf 92' lang='lat' dir='ltr'><strong>quod</strong></span> <span class='ocrx_word' id='word_1_199' title='bbox 529 1380 747 1432; x_wconf 88' lang='lat' dir='ltr'><strong>impactum</strong></span> <span class='ocrx_word' id='word_1_200' title='bbox 795 1381 837 1419; x_wconf 87' lang='lat' dir='ltr'><strong>in</strong></span> <span class='ocrx_word' id='word_1_201' title='bbox 863 1388 1011 1419; x_wconf 88' lang='lat' dir='ltr'><strong>terram</strong></span> <span class='ocrx_word' id='word_1_202' title='bbox 1041 1395 1130 1420; x_wconf 89' lang='lat' dir='ltr'><strong>eam</strong></span> <span class='ocrx_word' id='word_1_203' title='bbox 1158 1380 1329 1419; x_wconf 82' lang='lat' dir='ltr'><strong>revellit.</strong></span> <span class='ocrx_word' id='word_1_204' title='bbox 1391 1379 1510 1418; x_wconf 74' lang='lat' dir='ltr'><strong>Picus</strong></span> <span class='ocrx_word' id='word_1_205' title='bbox 1538 1392 1610 1431; x_wconf 80' lang='lat' dir='ltr'><strong>ap-</strong></span> 
     </span>
     <span class='ocr_line' id='line_1_24' title="bbox 163 1429 1609 1489; baseline 0.001 -21"><span class='ocrx_word' id='word_1_206' title='bbox 163 1429 369 1483; x_wconf 87' lang='lat' dir='ltr'><strong>pellabant</strong></span> <span class='ocrx_word' id='word_1_207' title='bbox 397 1433 530 1472; x_wconf 86' lang='lat' dir='ltr'><strong>medio</strong></span> <span class='ocrx_word' id='word_1_208' title='bbox 560 1448 659 1473; x_wconf 86' lang='lat' dir='ltr'><strong>aevo</strong></span> <span class='ocrx_word' id='word_1_209' title='bbox 688 1449 711 1473; x_wconf 88' lang='lat' dir='ltr'><strong>a</strong></span> <span class='ocrx_word' id='word_1_210' title='bbox 739 1435 866 1474; x_wconf 90' lang='lat' dir='ltr'><strong>verbo</strong></span> <span class='ocrx_word' id='word_1_211' title='bbox 896 1437 1135 1474; x_wconf 89' lang='lat' dir='ltr'><strong>Germanico</strong></span> <span class='ocrx_word' id='word_1_212' title='bbox 1157 1436 1322 1489; x_wconf 74' lang='lat' dir='ltr'><strong>pic-ken,</strong></span> <span class='ocrx_word' id='word_1_213' title='bbox 1354 1441 1485 1472; x_wconf 85' lang='lat' dir='ltr'><strong>rostro</strong></span> <span class='ocrx_word' id='word_1_214' title='bbox 1513 1440 1609 1471; x_wconf 90' lang='lat' dir='ltr'><strong>tun-</strong></span> 
     </span>
     <span class='ocr_line' id='line_1_25' title="bbox 165 1485 1610 1540; baseline 0.002 -16"><span class='ocrx_word' id='word_1_215' title='bbox 165 1485 276 1526; x_wconf 83' lang='lat' dir='ltr'><strong>dere.</strong></span> <span class='ocrx_word' id='word_1_216' title='bbox 332 1487 500 1527; x_wconf 81' lang='lat' dir='ltr'><strong>Francis</strong></span> <span class='ocrx_word' id='word_1_217' title='bbox 539 1488 659 1528; x_wconf 87' lang='lat' dir='ltr'><strong>hodie</strong></span> <span class='ocrx_word' id='word_1_218' title='bbox 700 1496 758 1528; x_wconf 90' lang='lat' dir='ltr'><strong>est</strong></span> <span class='ocrx_word' id='word_1_219' title='bbox 801 1492 920 1540; x_wconf 75' lang='lat' dir='ltr'><strong>hone,</strong></span> <span class='ocrx_word' id='word_1_220' title='bbox 965 1504 987 1528; x_wconf 88' lang='lat' dir='ltr'><strong>a</strong></span> <span class='ocrx_word' id='word_1_221' title='bbox 1018 1489 1214 1529; x_wconf 89' lang='lat' dir='ltr'><strong>vocabulo</strong></span> <span class='ocrx_word' id='word_1_222' title='bbox 1246 1490 1338 1528; x_wconf 81' lang='lat' dir='ltr'><strong>item</strong></span> <span class='ocrx_word' id='word_1_223' title='bbox 1368 1488 1610 1527; x_wconf 87' lang='lat' dir='ltr'><strong>Germanico</strong></span> 
     </span>
     <span class='ocr_line' id='line_1_26' title="bbox 163 1541 1611 1596; baseline 0.002 -18"><span class='ocrx_word' id='word_1_224' title='bbox 163 1541 286 1590; x_wconf 78' lang='lat' dir='ltr'><strong>haue,</strong></span> <span class='ocrx_word' id='word_1_225' title='bbox 335 1544 445 1596; x_wconf 87' lang='lat' dir='ltr'><strong>quod</strong></span> <span class='ocrx_word' id='word_1_226' title='bbox 472 1557 590 1583; x_wconf 89' lang='lat' dir='ltr'><strong>omne</strong></span> <span class='ocrx_word' id='word_1_227' title='bbox 618 1546 927 1583; x_wconf 77' lang='lat' dir='ltr'><strong>instrumentum</strong></span> <span class='ocrx_word' id='word_1_228' title='bbox 954 1545 1144 1584; x_wconf 87' lang='lat' dir='ltr'><strong>caedendi</strong></span> <span class='ocrx_word' id='word_1_229' title='bbox 1179 1551 1306 1583; x_wconf 87' lang='lat' dir='ltr'><strong>notat.</strong></span> <span class='ocrx_word' id='word_1_230' title='bbox 1365 1544 1449 1582; x_wconf 83' lang='lat' dir='ltr'><strong>Nos</strong></span> <span class='ocrx_word' id='word_1_231' title='bbox 1477 1543 1611 1581; x_wconf 82' lang='lat' dir='ltr'><strong>Rade-</strong></span> 
     </span>
     <span class='ocr_line' id='line_1_27' title="bbox 164 1596 1610 1652; baseline 0.001 -17"><span class='ocrx_word' id='word_1_232' title='bbox 164 1596 291 1636; x_wconf 78' lang='lat' dir='ltr'><strong>hauen</strong></span> <span class='ocrx_word' id='word_1_233' title='bbox 319 1598 564 1651; x_wconf 88' lang='lat' dir='ltr'><strong>appellamus</strong></span> <span class='ocrx_word' id='word_1_234' title='bbox 583 1629 595 1650; x_wconf 84' lang='lat'>‚</span> <span class='ocrx_word' id='word_1_235' title='bbox 637 1601 749 1652; x_wconf 92' lang='lat' dir='ltr'><strong>quasi</strong></span> <span class='ocrx_word' id='word_1_236' title='bbox 784 1599 891 1639; x_wconf 87' lang='lat' dir='ltr'><strong>dicas</strong></span> <span class='ocrx_word' id='word_1_237' title='bbox 919 1610 1030 1639; x_wconf 75' lang='lat' dir='ltr'><strong>rutra</strong></span> <span class='ocrx_word' id='word_1_238' title='bbox 1069 1609 1272 1648; x_wconf 81' lang='lat' dir='ltr'><strong>rotarum,</strong></span> <span class='ocrx_word' id='word_1_239' title='bbox 1305 1599 1398 1652; x_wconf 84' lang='lat' dir='ltr'><strong>quia</strong></span> <span class='ocrx_word' id='word_1_240' title='bbox 1430 1605 1610 1637; x_wconf 76' lang='lat' dir='ltr'><strong>vectores</strong></span> 
     </span>
     <span class='ocr_line' id='line_1_28' title="bbox 164 1653 1609 1707; baseline 0.001 -17"><span class='ocrx_word' id='word_1_241' title='bbox 164 1653 326 1691; x_wconf 74' lang='lat' dir='ltr'><strong>cari-arii</strong></span> <span class='ocrx_word' id='word_1_242' title='bbox 357 1667 498 1692; x_wconf 87' lang='lat' dir='ltr'><strong>eorum</strong></span> <span class='ocrx_word' id='word_1_243' title='bbox 527 1668 626 1707; x_wconf 90' lang='lat' dir='ltr'><strong>ope,</strong></span> <span class='ocrx_word' id='word_1_244' title='bbox 659 1657 691 1694; x_wconf 89' lang='lat' dir='ltr'><strong>si</strong></span> <span class='ocrx_word' id='word_1_245' title='bbox 729 1655 891 1707; x_wconf 87' lang='lat' dir='ltr'><strong>quando</strong></span> <span class='ocrx_word' id='word_1_246' title='bbox 929 1669 1071 1694; x_wconf 87' lang='lat' dir='ltr'><strong>currus</strong></span> <span class='ocrx_word' id='word_1_247' title='bbox 1108 1656 1150 1693; x_wconf 92' lang='lat' dir='ltr'><strong>in</strong></span> <span class='ocrx_word' id='word_1_248' title='bbox 1189 1654 1435 1707; x_wconf 87' lang='lat' dir='ltr'><strong>profundum</strong></span> <span class='ocrx_word' id='word_1_249' title='bbox 1477 1660 1609 1692; x_wconf 85' lang='lat' dir='ltr'><strong>terrae</strong></span> 
     </span>
     <span class='ocr_line' id='line_1_29' title="bbox 163 1706 1612 1763; baseline 0.001 -19"><span class='ocrx_word' id='word_1_250' title='bbox 163 1713 235 1745; x_wconf 83' lang='lat' dir='ltr'><strong>aut</strong></span> <span class='ocrx_word' id='word_1_251' title='bbox 270 1706 409 1760; x_wconf 87' lang='lat' dir='ltr'><strong>glaciei</strong></span> <span class='ocrx_word' id='word_1_252' title='bbox 456 1707 641 1748; x_wconf 88' lang='lat' dir='ltr'><strong>lacunam</strong></span> <span class='ocrx_word' id='word_1_253' title='bbox 683 1710 964 1758; x_wconf 84' lang='lat' dir='ltr'><strong>subsiderunt,</strong></span> <span class='ocrx_word' id='word_1_254' title='bbox 1010 1710 1209 1749; x_wconf 83' lang='lat' dir='ltr'><strong>obstantia</strong></span> <span class='ocrx_word' id='word_1_255' title='bbox 1236 1709 1515 1763; x_wconf 81' lang='lat' dir='ltr'><strong>perfringunt,</strong></span> <span class='ocrx_word' id='word_1_256' title='bbox 1545 1722 1612 1747; x_wconf 83' lang='lat' dir='ltr'><strong>re·-</strong></span> 
     </span>
     <span class='ocr_line' id='line_1_30' title="bbox 163 1761 1610 1817; baseline 0.003 -18"><span class='ocrx_word' id='word_1_257' title='bbox 163 1761 319 1801; x_wconf 85' lang='lat' dir='ltr'><strong>vellunt</strong></span> <span class='ocrx_word' id='word_1_258' title='bbox 337 1793 348 1811; x_wconf 83' lang='lat'>‚</span> <span class='ocrx_word' id='word_1_259' title='bbox 399 1778 525 1817; x_wconf 88' lang='lat' dir='ltr'><strong>eoque</strong></span> <span class='ocrx_word' id='word_1_260' title='bbox 555 1773 662 1804; x_wconf 87' lang='lat' dir='ltr'><strong>rotas</strong></span> <span class='ocrx_word' id='word_1_261' title='bbox 701 1765 885 1807; x_wconf 86' lang='lat' dir='ltr'><strong>liberant.</strong></span> <span class='ocrx_word' id='word_1_262' title='bbox 941 1764 1159 1804; x_wconf 89' lang='lat' dir='ltr'><strong>Probabile</strong></span> <span class='ocrx_word' id='word_1_263' title='bbox 1185 1772 1243 1804; x_wconf 89' lang='lat' dir='ltr'><strong>est</strong></span> <span class='ocrx_word' id='word_1_264' title='bbox 1269 1778 1394 1803; x_wconf 75' lang='lat' dir='ltr'><strong>novos</strong></span> <span class='ocrx_word' id='word_1_265' title='bbox 1435 1765 1610 1804; x_wconf 85' lang='lat' dir='ltr'><strong>Graecos</strong></span> 
     </span>
     <span class='ocr_line' id='line_1_31' title="bbox 162 1815 1610 1868; baseline 0.003 -14"><span class='ocrx_word' id='word_1_266' title='bbox 162 1815 267 1856; x_wconf 86' lang='lat' dir='ltr'><strong>hanc</strong></span> <span class='ocrx_word' id='word_1_267' title='bbox 293 1832 433 1858; x_wconf 87' lang='lat' dir='ltr'><strong>vocem</strong></span> <span class='ocrx_word' id='word_1_268' title='bbox 461 1834 508 1858; x_wconf 89' lang='lat' dir='ltr'><strong>eo</strong></span> <span class='ocrx_word' id='word_1_269' title='bbox 537 1821 796 1867; x_wconf 83' lang='lat' dir='ltr'><strong>confinxisse,</strong></span> <span class='ocrx_word' id='word_1_270' title='bbox 849 1828 895 1860; x_wconf 91' lang='lat' dir='ltr'><strong>ut</strong></span> <span class='ocrx_word' id='word_1_271' title='bbox 922 1820 996 1859; x_wconf 91' lang='lat' dir='ltr'><strong>has</strong></span> <span class='ocrx_word' id='word_1_272' title='bbox 1042 1820 1188 1868; x_wconf 72' lang='grc' dir='ltr'>α’ξίνας</span> <span class='ocrx_word' id='word_1_273' title='bbox 1218 1819 1405 1859; x_wconf 91' lang='lat' dir='ltr'><strong>fodiendo</strong></span> <span class='ocrx_word' id='word_1_274' title='bbox 1434 1819 1610 1858; x_wconf 88' lang='lat' dir='ltr'><strong>destina-</strong></span> 
     </span>
     <span class='ocr_line' id='line_1_32' title="bbox 160 1870 1608 1928; baseline 0.003 -19"><span class='ocrx_word' id='word_1_275' title='bbox 160 1877 222 1910; x_wconf 84' lang='lat' dir='ltr'><strong>tas</strong></span> <span class='ocrx_word' id='word_1_276' title='bbox 246 1886 318 1925; x_wconf 87' lang='lat' dir='ltr'><strong>per</strong></span> <span class='ocrx_word' id='word_1_277' title='bbox 345 1876 632 1926; x_wconf 85' lang='lat' dir='ltr'><strong>appositionem</strong></span> <span class='ocrx_word' id='word_1_278' title='bbox 661 1890 684 1915; x_wconf 89' lang='lat' dir='ltr'><strong>a</strong></span> <span class='ocrx_word' id='word_1_279' title='bbox 712 1875 837 1915; x_wconf 88' lang='lat' dir='ltr'><strong>verbo</strong></span> <span class='ocrx_word' id='word_1_280' title='bbox 867 1870 1088 1928; x_wconf 76' lang='grc' dir='ltr'>ὀρύσσειν,</span> <span class='ocrx_word' id='word_1_281' title='bbox 1099 1876 1274 1927; x_wconf 74' lang='lat' dir='ltr'><strong>sodet-e,</strong></span> <span class='ocrx_word' id='word_1_282' title='bbox 1319 1875 1505 1913; x_wconf 86' lang='lat' dir='ltr'><strong>arcessito</strong></span> <span class='ocrx_word' id='word_1_283' title='bbox 1544 1874 1608 1914; x_wconf 86' lang='lat' dir='ltr'><strong>di·</strong></span> 
     </span>
     <span class='ocr_line' id='line_1_33' title="bbox 163 1927 1609 1984; baseline 0.003 -20"><span class='ocrx_word' id='word_1_284' title='bbox 163 1927 412 1980; x_wconf 83' lang='lat' dir='ltr'><strong>stinguerent</strong></span> <span class='ocrx_word' id='word_1_285' title='bbox 438 1929 491 1967; x_wconf 91' lang='lat' dir='ltr'><strong>ab</strong></span> <span class='ocrx_word' id='word_1_286' title='bbox 518 1929 596 1969; x_wconf 91' lang='lat' dir='ltr'><strong>illis</strong></span> <span class='ocrx_word' id='word_1_287' title='bbox 624 1929 810 1981; x_wconf 75' lang='grc' dir='ltr'>(ἶξίναις,</span> <span class='ocrx_word' id='word_1_288' title='bbox 855 1945 958 1984; x_wconf 87' lang='lat' dir='ltr'><strong>quae</strong></span> <span class='ocrx_word' id='word_1_289' title='bbox 991 1937 1150 1969; x_wconf 89' lang='lat' dir='ltr'><strong>tantum</strong></span> <span class='ocrx_word' id='word_1_290' title='bbox 1178 1930 1381 1970; x_wconf 85' lang='lat' dir='ltr'><strong>caedendo</strong></span> <span class='ocrx_word' id='word_1_291' title='bbox 1407 1929 1517 1982; x_wconf 84' lang='lat' dir='ltr'><strong>ligno</strong></span> <span class='ocrx_word' id='word_1_292' title='bbox 1545 1931 1609 1968; x_wconf 88' lang='lat' dir='ltr'><strong>in-</strong></span> 
     </span>
     <span class='ocr_line' id='line_1_34' title="bbox 161 1983 1609 2039; baseline 0.003 -21"><span class='ocrx_word' id='word_1_293' title='bbox 161 1983 354 2021; x_wconf 87' lang='lat' dir='ltr'><strong>serviunt.</strong></span> <span class='ocrx_word' id='word_1_294' title='bbox 413 1983 516 2023; x_wconf 87' lang='lat' dir='ltr'><strong>Nam</strong></span> <span class='ocrx_word' id='word_1_295' title='bbox 537 1993 576 2024; x_wconf 90' lang='lat' dir='ltr'><strong>et</strong></span> <span class='ocrx_word' id='word_1_296' title='bbox 594 2000 741 2025; x_wconf 79' lang='lat' dir='ltr'><strong>secures</strong></span> <span class='ocrx_word' id='word_1_297' title='bbox 769 1994 809 2025; x_wconf 88' lang='lat' dir='ltr'><strong>et</strong></span> <span class='ocrx_word' id='word_1_298' title='bbox 842 1996 952 2025; x_wconf 80' lang='lat' dir='ltr'><strong>rutra</strong></span> <span class='ocrx_word' id='word_1_299' title='bbox 968 2016 979 2034; x_wconf 90' lang='lat'>‚</span> <span class='ocrx_word' id='word_1_300' title='bbox 1011 1984 1146 2039; x_wconf 87' lang='lat' dir='ltr'><strong>qualia</strong></span> <span class='ocrx_word' id='word_1_301' title='bbox 1165 1986 1243 2025; x_wconf 82' lang='lat' dir='ltr'><strong>dixi</strong></span> <span class='ocrx_word' id='word_1_302' title='bbox 1263 2015 1276 2036; x_wconf 92' lang='lat'>‚</span> <span class='ocrx_word' id='word_1_303' title='bbox 1309 1992 1463 2025; x_wconf 82' lang='lat' dir='ltr'><strong>veteres</strong></span> <span class='ocrx_word' id='word_1_304' title='bbox 1482 1985 1609 2023; x_wconf 87' lang='lat' dir='ltr'><strong>Grae-</strong></span> 
     </span>
     <span class='ocr_line' id='line_1_35' title="bbox 152 2034 1609 2095; baseline 0.003 -22"><span class='ocrx_word' id='word_1_305' title='bbox 152 2036 198 2091; x_wconf 36' lang='lat' dir='ltr'><strong>.ci</strong></span> <span class='ocrx_word' id='word_1_306' title='bbox 228 2034 373 2084; x_wconf 77' lang='grc' dir='ltr'>α”ξίνας</span> <span class='ocrx_word' id='word_1_307' title='bbox 399 2039 686 2092; x_wconf 82' lang='lat' dir='ltr'><strong>appellabant3</strong></span> <span class='ocrx_word' id='word_1_308' title='bbox 715 2049 907 2095; x_wconf 86' lang='lat' dir='ltr'><strong>utrasque</strong></span> <span class='ocrx_word' id='word_1_309' title='bbox 935 2035 1018 2080; x_wconf 66' lang='grc' dir='ltr'><strong>ἀπὸ</strong></span> <span class='ocrx_word' id='word_1_310' title='bbox 1039 2041 1118 2079; x_wconf 85' lang='grc' dir='ltr'><strong>τοῦ</strong></span> <span class='ocrx_word' id='word_1_311' title='bbox 1145 2037 1345 2093; x_wconf 76' lang='grc' dir='ltr'>α’γνύναι,</span> <span class='ocrx_word' id='word_1_312' title='bbox 1376 2054 1400 2079; x_wconf 81' lang='lat' dir='ltr'><strong>a</strong></span> <span class='ocrx_word' id='word_1_313' title='bbox 1428 2039 1609 2078; x_wconf 86' lang='lat' dir='ltr'><strong>confrin-</strong></span> 
     </span>
     <span class='ocr_line' id='line_1_36' title="bbox 161 2090 1608 2150; baseline 0.004 -22"><span class='ocrx_word' id='word_1_314' title='bbox 161 2090 291 2143; x_wconf 86' lang='lat' dir='ltr'><strong>gendo</strong></span> <span class='ocrx_word' id='word_1_315' title='bbox 315 2122 326 2143; x_wconf 89' lang='lat'>‚</span> <span class='ocrx_word' id='word_1_316' title='bbox 355 2094 652 2148; x_wconf 85' lang='lat' dir='ltr'><strong>perfringendo.</strong></span> <span class='ocrx_word' id='word_1_317' title='bbox 709 2096 829 2136; x_wconf 87' lang='lat' dir='ltr'><strong>Prior</strong></span> <span class='ocrx_word' id='word_1_318' title='bbox 855 2096 1093 2150; x_wconf 82' lang='lat' dir='ltr'><strong>significatio</strong></span> <span class='ocrx_word' id='word_1_319' title='bbox 1123 2098 1165 2136; x_wconf 88' lang='lat' dir='ltr'><strong>in</strong></span> <span class='ocrx_word' id='word_1_320' title='bbox 1194 2096 1361 2149; x_wconf 83' lang='lat' dir='ltr'><strong>vulgum</strong></span> <span class='ocrx_word' id='word_1_321' title='bbox 1390 2102 1486 2134; x_wconf 87' lang='lat' dir='ltr'><strong>nota</strong></span> <span class='ocrx_word' id='word_1_322' title='bbox 1519 2103 1608 2148; x_wconf 87' lang='lat' dir='ltr'><strong>est;</strong></span> 
     </span>
     <span class='ocr_line' id='line_1_37' title="bbox 159 2148 1608 2204; baseline 0.003 -20"><span class='ocrx_word' id='word_1_323' title='bbox 159 2148 358 2198; x_wconf 82' lang='lat' dir='ltr'><strong>posterior</strong></span> <span class='ocrx_word' id='word_1_324' title='bbox 386 2149 558 2200; x_wconf 87' lang='lat' dir='ltr'><strong>ignotior</strong></span> <span class='ocrx_word' id='word_1_325' title='bbox 586 2158 625 2189; x_wconf 87' lang='lat' dir='ltr'><strong>et</strong></span> <span class='ocrx_word' id='word_1_326' title='bbox 654 2153 815 2202; x_wconf 82' lang='lat' dir='ltr'><strong>rarior3</strong></span> <span class='ocrx_word' id='word_1_327' title='bbox 856 2152 1026 2204; x_wconf 87' lang='lat' dir='ltr'><strong>ideoque</strong></span> <span class='ocrx_word' id='word_1_328' title='bbox 1054 2165 1212 2191; x_wconf 89' lang='lat' dir='ltr'><strong>necesse</strong></span> <span class='ocrx_word' id='word_1_329' title='bbox 1238 2158 1339 2204; x_wconf 89' lang='lat' dir='ltr'><strong>puto</strong></span> <span class='ocrx_word' id='word_1_330' title='bbox 1369 2149 1499 2189; x_wconf 83' lang='lat' dir='ltr'><strong>allatis</strong></span> <span class='ocrx_word' id='word_1_331' title='bbox 1531 2150 1608 2189; x_wconf 89' lang='lat' dir='ltr'><strong>ali-</strong></span> 
     </span>
     <span class='ocr_line' id='line_1_38' title="bbox 159 2202 1608 2261; baseline 0.002 -22"><span class='ocrx_word' id='word_1_332' title='bbox 159 2209 260 2254; x_wconf 88' lang='lat' dir='ltr'><strong>quot</strong></span> <span class='ocrx_word' id='word_1_333' title='bbox 287 2202 476 2254; x_wconf 84' lang='lat' dir='ltr'><strong>exemplis</strong></span> <span class='ocrx_word' id='word_1_334' title='bbox 503 2218 591 2243; x_wconf 88' lang='lat' dir='ltr'><strong>eam</strong></span> <span class='ocrx_word' id='word_1_335' title='bbox 622 2205 842 2246; x_wconf 87' lang='lat' dir='ltr'><strong>adstruere.</strong></span> <span class='ocrx_word' id='word_1_336' title='bbox 902 2207 1130 2260; x_wconf 90' lang='lat' dir='ltr'><strong>Polyaenus</strong></span> <span class='ocrx_word' id='word_1_337' title='bbox 1159 2222 1201 2261; x_wconf 89' lang='lat' dir='ltr'><strong>p.</strong></span> <span class='ocrx_word' id='word_1_338' title='bbox 1224 2209 1291 2260; x_wconf 85' lang='lat'><strong>57.</strong></span> <span class='ocrx_word' id='word_1_339' title='bbox 1323 2207 1428 2244; x_wconf 90' lang='lat' dir='ltr'><strong>inter</strong></span> <span class='ocrx_word' id='word_1_340' title='bbox 1454 2207 1608 2243; x_wconf 86' lang='lat' dir='ltr'><strong>instru-</strong></span> 
     </span>
     <span class='ocr_line' id='line_1_39' title="bbox 159 2258 1605 2314; baseline 0.003 -20"><span class='ocrx_word' id='word_1_341' title='bbox 159 2263 294 2296; x_wconf 87' lang='lat' dir='ltr'><strong>menta</strong></span> <span class='ocrx_word' id='word_1_342' title='bbox 321 2258 532 2298; x_wconf 90' lang='lat' dir='ltr'><strong>caedendis</strong></span> <span class='ocrx_word' id='word_1_343' title='bbox 566 2259 683 2312; x_wconf 82' lang='lat' dir='ltr'><strong>lignis</strong></span> <span class='ocrx_word' id='word_1_344' title='bbox 717 2269 902 2300; x_wconf 85' lang='lat' dir='ltr'><strong>numerat</strong></span> <span class='ocrx_word' id='word_1_345' title='bbox 931 2259 1116 2313; x_wconf 78' lang='grc' dir='ltr'>δρέπανα</span> <span class='ocrx_word' id='word_1_346' title='bbox 1138 2290 1149 2310; x_wconf 84' lang='lat'>‚</span> <span class='ocrx_word' id='word_1_347' title='bbox 1171 2262 1310 2314; x_wconf 81' lang='lat' dir='ltr'><strong>falces</strong></span> <span class='ocrx_word' id='word_1_348' title='bbox 1329 2291 1340 2311; x_wconf 89' lang='lat'>‚</span> <span class='ocrx_word' id='word_1_349' title='bbox 1374 2260 1605 2299; x_wconf 88' lang='lat' dir='ltr'><strong>rescinden-</strong></span> 
     </span>
     <span class='ocr_line' id='line_1_40' title="bbox 158 2310 1601 2372; baseline 0.003 -23"><span class='ocrx_word' id='word_1_350' title='bbox 158 2310 221 2372; x_wconf 56' lang='lat' dir='ltr'><strong>djs</strong></span> <span class='ocrx_word' id='word_1_351' title='bbox 255 2314 376 2351; x_wconf 88' lang='lat' dir='ltr'><strong>ramis</strong></span> <span class='ocrx_word' id='word_1_352' title='bbox 403 2327 484 2351; x_wconf 88' lang='lat' dir='ltr'><strong>non</strong></span> <span class='ocrx_word' id='word_1_353' title='bbox 514 2315 633 2353; x_wconf 86' lang='lat' dir='ltr'><strong>nimis</strong></span> <span class='ocrx_word' id='word_1_354' title='bbox 660 2315 860 2363; x_wconf 87' lang='lat' dir='ltr'><strong>robustis,</strong></span> <span class='ocrx_word' id='word_1_355' title='bbox 902 2315 1086 2361; x_wconf 69' lang='grc' dir='ltr'><strong>πελέκεις</strong></span> <span class='ocrx_word' id='word_1_356' title='bbox 1111 2316 1333 2355; x_wconf 85' lang='lat' dir='ltr'><strong>sternendis</strong></span> <span class='ocrx_word' id='word_1_357' title='bbox 1360 2315 1572 2353; x_wconf 88' lang='lat' dir='ltr'><strong>arboribus</strong></span> <span class='ocrx_word' id='word_1_358' title='bbox 1590 2345 1601 2363; x_wconf 93' lang='lat'><strong><em>‚</em></strong></span> 
     </span>
     <span class='ocr_line' id='line_1_41' title="bbox 159 2361 1605 2414; baseline 0.003 -11"><span class='ocrx_word' id='word_1_359' title='bbox 159 2361 301 2414; x_wconf 67' lang='grc' dir='ltr'>αξίνας</span> <span class='ocrx_word' id='word_1_360' title='bbox 333 2367 535 2408; x_wconf 89' lang='lat' dir='ltr'><strong>radicibus</strong></span> <span class='ocrx_word' id='word_1_361' title='bbox 563 2369 754 2408; x_wconf 84' lang='lat' dir='ltr'><strong>arborum</strong></span> <span class='ocrx_word' id='word_1_362' title='bbox 782 2385 804 2410; x_wconf 92' lang='lat' dir='ltr'><strong>e</strong></span> <span class='ocrx_word' id='word_1_363' title='bbox 841 2379 947 2410; x_wconf 89' lang='lat' dir='ltr'><strong>terra</strong></span> <span class='ocrx_word' id='word_1_364' title='bbox 989 2370 1187 2409; x_wconf 84' lang='lat' dir='ltr'><strong>eruendis.</strong></span> <span class='ocrx_word' id='word_1_365' title='bbox 1243 2369 1504 2409; x_wconf 88' lang='lat' dir='ltr'><strong>Luculentius</strong></span> <span class='ocrx_word' id='word_1_366' title='bbox 1531 2369 1605 2408; x_wconf 89' lang='lat' dir='ltr'><strong>ad·-</strong></span> 
     </span>
     <span class='ocr_line' id='line_1_42' title="bbox 157 2419 1600 2478; baseline 0.003 -19"><span class='ocrx_word' id='word_1_367' title='bbox 157 2419 240 2459; x_wconf 84' lang='lat' dir='ltr'><strong>huc</strong></span> <span class='ocrx_word' id='word_1_368' title='bbox 267 2421 517 2462; x_wconf 82' lang='lat' dir='ltr'><strong>demonstrat</strong></span> <span class='ocrx_word' id='word_1_369' title='bbox 545 2423 655 2463; x_wconf 91' lang='lat' dir='ltr'><strong>locus</strong></span> <span class='ocrx_word' id='word_1_370' title='bbox 675 2423 920 2464; x_wconf 85' lang='lat' dir='ltr'><strong>Artemidori</strong></span> <span class='ocrx_word' id='word_1_371' title='bbox 950 2440 987 2478; x_wconf 83' lang='lat' dir='ltr'><strong>p.</strong></span> <span class='ocrx_word' id='word_1_372' title='bbox 1014 2439 1027 2462; x_wconf 86' lang='lat'>1</span> <span class='ocrx_word' id='word_1_373' title='bbox 1042 2439 1054 2462; x_wconf 92' lang='lat'>1</span> <span class='ocrx_word' id='word_1_374' title='bbox 1071 2439 1103 2462; x_wconf 83' lang='grc' dir='ltr'><strong>ι.</strong></span> <span class='ocrx_word' id='word_1_375' title='bbox 1131 2424 1198 2478; x_wconf 81' lang='lat' dir='ltr'><strong>[L.</strong></span> <span class='ocrx_word' id='word_1_376' title='bbox 1221 2426 1269 2467; x_wconf 84' lang='grc' dir='ltr'><strong>ΙΙ,</strong></span> <span class='ocrx_word' id='word_1_377' title='bbox 1291 2440 1327 2463; x_wconf 91' lang='lat' dir='ltr'><strong>c.</strong></span> <span class='ocrx_word' id='word_1_378' title='bbox 1351 2423 1418 2476; x_wconf 67' lang='lat'><strong>24.</strong></span> <span class='ocrx_word' id='word_1_379' title='bbox 1439 2424 1508 2463; x_wconf 90' lang='lat' dir='ltr'><strong>fol.</strong></span> <span class='ocrx_word' id='word_1_380' title='bbox 1529 2423 1600 2464; x_wconf 83' lang='lat'><strong>65.</strong></span> 
     </span>
     <span class='ocr_line' id='line_1_43' title="bbox 157 2474 1603 2533; baseline 0.003 -20"><span class='ocrx_word' id='word_1_381' title='bbox 157 2488 289 2515; x_wconf 88' lang='lat' dir='ltr'><strong>avers.</strong></span> <span class='ocrx_word' id='word_1_382' title='bbox 309 2476 339 2516; x_wconf 92' lang='lat' dir='ltr'><strong>l.</strong></span> <span class='ocrx_word' id='word_1_383' title='bbox 364 2491 423 2517; x_wconf 83' lang='lat'><strong>10.</strong></span> <span class='ocrx_word' id='word_1_384' title='bbox 447 2479 511 2517; x_wconf 91' lang='lat' dir='ltr'><strong>ed.</strong></span> <span class='ocrx_word' id='word_1_385' title='bbox 534 2478 628 2519; x_wconf 88' lang='lat' dir='ltr'><strong>Ald.</strong></span> <span class='ocrx_word' id='word_1_386' title='bbox 656 2479 792 2533; x_wconf 59' lang='lat'>1518]</span> <span class='ocrx_word' id='word_1_387' title='bbox 811 2495 822 2518; x_wconf 73' lang='grc' dir='ltr'><em>τ</em></span> <span class='ocrx_word' id='word_1_388' title='bbox 845 2478 982 2530; x_wconf 74' lang='grc' dir='ltr'>ἆξείνη</span> <span class='ocrx_word' id='word_1_389' title='bbox 1002 2477 1064 2532; x_wconf 88' lang='lat' dir='ltr'><strong>[id</strong></span> <span class='ocrx_word' id='word_1_390' title='bbox 1077 2486 1136 2518; x_wconf 84' lang='lat' dir='ltr'><strong>est</strong></span> <span class='ocrx_word' id='word_1_391' title='bbox 1165 2478 1299 2532; x_wconf 77' lang='grc' dir='ltr'>α’ξίνη]</span> <span class='ocrx_word' id='word_1_392' title='bbox 1312 2474 1489 2530; x_wconf 84' lang='grc' dir='ltr'>σημεῖόν</span> <span class='ocrx_word' id='word_1_393' title='bbox 1514 2478 1603 2518; x_wconf 86' lang='grc' dir='ltr'>ἐστι</span> 
     </span>
     <span class='ocr_line' id='line_1_44' title="bbox 162 2529 1604 2585; baseline 0.003 -18"><span class='ocrx_word' id='word_1_394' title='bbox 162 2529 364 2579; x_wconf 75' lang='grc' dir='ltr'>γυναικός</span> <span class='ocrx_word' id='word_1_395' title='bbox 391 2545 435 2572; x_wconf 85' lang='grc' dir='ltr'><strong>τε</strong></span> <span class='ocrx_word' id='word_1_396' title='bbox 463 2529 535 2572; x_wconf 83' lang='grc' dir='ltr'>καί</span> <span class='ocrx_word' id='word_1_397' title='bbox 559 2531 798 2585; x_wconf 66' lang='grc' dir='ltr'>γυναικείας</span> <span class='ocrx_word' id='word_1_398' title='bbox 825 2533 1037 2585; x_wconf 65' lang='grc' dir='ltr'>ἐργασίας.</span> <span class='ocrx_word' id='word_1_399' title='bbox 1070 2530 1143 2572; x_wconf 84' lang='grc' dir='ltr'><em>καί</em></span> <span class='ocrx_word' id='word_1_400' title='bbox 1166 2533 1403 2584; x_wconf 77' lang='grc' dir='ltr'>γυναικείας</span> <span class='ocrx_word' id='word_1_401' title='bbox 1427 2533 1506 2583; x_wconf 83' lang='grc' dir='ltr'><strong>μὲν</strong></span> <span class='ocrx_word' id='word_1_402' title='bbox 1535 2532 1604 2584; x_wconf 76' lang='grc' dir='ltr'><strong>ἐρ·</strong></span> 
     </span>
     <span class='ocr_line' id='line_1_45' title="bbox 160 2583 1602 2643; baseline 0.002 -20"><span class='ocrx_word' id='word_1_403' title='bbox 160 2583 310 2632; x_wconf 76' lang='grc' dir='ltr'>γασίας</span> <span class='ocrx_word' id='word_1_404' title='bbox 350 2583 420 2626; x_wconf 78' lang='grc' dir='ltr'><strong>διὰ</strong></span> <span class='ocrx_word' id='word_1_405' title='bbox 458 2585 504 2626; x_wconf 83' lang='grc' dir='ltr'><strong>τὸ</strong></span> <span class='ocrx_word' id='word_1_406' title='bbox 531 2588 587 2642; x_wconf 73' lang='grc' dir='ltr'><strong>τῷ</strong></span> <span class='ocrx_word' id='word_1_407' title='bbox 625 2589 846 2640; x_wconf 78' lang='grc' dir='ltr'>κρατοῦντι</span> <span class='ocrx_word' id='word_1_408' title='bbox 861 2589 1020 2643; x_wconf 88' lang='lat' dir='ltr'><strong>[nempe</strong></span> <span class='ocrx_word' id='word_1_409' title='bbox 1063 2583 1136 2639; x_wconf 79' lang='grc' dir='ltr'><strong>τὴν</strong></span> <span class='ocrx_word' id='word_1_410' title='bbox 1167 2585 1328 2641; x_wconf 67' lang='grc' dir='ltr'>ἀξίνην]</span> <span class='ocrx_word' id='word_1_411' title='bbox 1368 2588 1602 2641; x_wconf 77' lang='grc' dir='ltr'>συμφέρειν</span> 
     </span>
     <span class='ocr_line' id='line_1_46' title="bbox 163 2635 1600 2696; baseline 0.004 -21"><span class='ocrx_word' id='word_1_412' title='bbox 163 2635 270 2689; x_wconf 83' lang='lat' dir='ltr'><strong>[scil.</strong></span> <span class='ocrx_word' id='word_1_413' title='bbox 293 2639 424 2696; x_wconf 87' lang='lat' dir='ltr'><strong>illam]</strong></span> <span class='ocrx_word' id='word_1_414' title='bbox 478 2641 552 2681; x_wconf 83' lang='grc' dir='ltr'>καί</span> <span class='ocrx_word' id='word_1_415' title='bbox 581 2642 836 2693; x_wconf 76' lang='grc' dir='ltr'>προσέλκειν.</span> <span class='ocrx_word' id='word_1_416' title='bbox 896 2644 993 2682; x_wconf 88' lang='lat' dir='ltr'><strong>Fuit</strong></span> <span class='ocrx_word' id='word_1_417' title='bbox 1021 2656 1115 2695; x_wconf 84' lang='lat' dir='ltr'><strong>ergo</strong></span> <span class='ocrx_word' id='word_1_418' title='bbox 1143 2642 1259 2695; x_wconf 74' lang='grc' dir='ltr'>α’ξίνη</span> <span class='ocrx_word' id='word_1_419' title='bbox 1288 2644 1600 2682; x_wconf 82' lang='lat' dir='ltr'><strong>instrumentum</strong></span> 
     </span>
     <span class='ocr_line' id='line_1_47' title="bbox 159 2693 1598 2752; baseline 0.003 -22"><span class='ocrx_word' id='word_1_420' title='bbox 159 2693 408 2752; x_wconf 52' lang='lat' dir='ltr'><strong>attrahendo,</strong></span> <span class='ocrx_word' id='word_1_421' title='bbox 436 2697 664 2736; x_wconf 86' lang='lat' dir='ltr'><strong>revellendo</strong></span> <span class='ocrx_word' id='word_1_422' title='bbox 692 2697 854 2739; x_wconf 85' lang='lat' dir='ltr'><strong>factum.</strong></span> <span class='ocrx_word' id='word_1_423' title='bbox 895 2698 1119 2737; x_wconf 87' lang='lat' dir='ltr'><strong>Continuat</strong></span> <span class='ocrx_word' id='word_1_424' title='bbox 1141 2713 1152 2736; x_wconf 72' lang='grc' dir='ltr'><strong><em>ε</em></strong></span> <span class='ocrx_word' id='word_1_425' title='bbox 1182 2694 1375 2748; x_wconf 81' lang='grc' dir='ltr'>γυναικὸς</span> <span class='ocrx_word' id='word_1_426' title='bbox 1402 2697 1448 2738; x_wconf 78' lang='grc' dir='ltr'><strong>δὲ</strong></span> <span class='ocrx_word' id='word_1_427' title='bbox 1463 2696 1532 2737; x_wconf 78' lang='grc' dir='ltr'><strong>διὰ</strong></span> <span class='ocrx_word' id='word_1_428' title='bbox 1552 2693 1598 2736; x_wconf 80' lang='grc' dir='ltr'><strong>τὸ</strong></span> 
     </span>
     <span class='ocr_line' id='line_1_48' title="bbox 164 2746 1602 2806; baseline 0.006 -22"><span class='ocrx_word' id='word_1_429' title='bbox 164 2759 320 2801; x_wconf 84' lang='grc' dir='ltr'>ονομα,</span> <span class='ocrx_word' id='word_1_430' title='bbox 339 2752 432 2803; x_wconf 86' lang='lat' dir='ltr'><strong>quia</strong></span> <span class='ocrx_word' id='word_1_431' title='bbox 461 2752 607 2792; x_wconf 87' lang='lat' dir='ltr'><strong>scilicet</strong></span> <span class='ocrx_word' id='word_1_432' title='bbox 637 2759 707 2792; x_wconf 86' lang='lat' dir='ltr'><strong>aut</strong></span> <span class='ocrx_word' id='word_1_433' title='bbox 731 2746 838 2805; x_wconf 69' lang='grc' dir='ltr'>ἄγει,</span> <span class='ocrx_word' id='word_1_434' title='bbox 869 2751 995 2803; x_wconf 86' lang='lat' dir='ltr'><strong>illicit,</strong></span> <span class='ocrx_word' id='word_1_435' title='bbox 1027 2754 1067 2794; x_wconf 79' lang='lat' dir='ltr'><strong>in</strong></span> <span class='ocrx_word' id='word_1_436' title='bbox 1084 2767 1259 2792; x_wconf 82' lang='lat' dir='ltr'><strong>amorem</strong></span> <span class='ocrx_word' id='word_1_437' title='bbox 1277 2753 1424 2806; x_wconf 79' lang='lat' dir='ltr'><strong>sui‚ad</strong></span> <span class='ocrx_word' id='word_1_438' title='bbox 1450 2767 1491 2793; x_wconf 89' lang='lat' dir='ltr'><strong>se</strong></span> <span class='ocrx_word' id='word_1_439' title='bbox 1519 2760 1602 2806; x_wconf 81' lang='lat' dir='ltr'><strong>tra—</strong></span> 
     </span>
    </p>
   </div>
  </div>
 </body>
</html>
