1884 3132
344 157 417 200 AD
459 137 794 199 APPEchEM
834 153 930 193 Lm
973 153 1005 191 1.
1044 150 1115 191 DE
1161 144 1418 191 CEmMON.
1507 122 1613 192 541

188 259 239 301 ad
258 260 480 299 iuncturam
501 257 658 296 humeri
681 262 722 294 et
746 252 943 306 scapulae,
972 265 1132 304 prorsus
1148 257 1193 289 ut
1221 249 1260 287 in
1276 246 1436 287 Graecis
1454 249 1619 289 vetustis

186 314 331 370 palliis.
350 315 430 353 Per
453 313 550 351 haec
575 319 656 350 tam
676 309 755 348 alte
773 312 891 347 scissa
918 306 1038 359 pallia
1056 304 1120 345 vel
1144 303 1294 343 casulas
1319 301 1526 342 commode
1542 303 1619 343 hu-

185 370 285 409 meri
311 367 612 415 exserebantur3
637 379 708 419 per
727 363 793 402 illa
815 362 937 401 altera
956 374 1053 400 vero
1083 362 1213 398 minus
1239 357 1318 397 alte
1344 359 1460 397 scissa
1487 357 1620 398 minus

189 423 420 474 commode,
451 421 620 461 debebat
675 421 781 458 enim
830 420 898 470 qui
941 429 1079 454 manus
1101 427 1276 453 exserere
1309 412 1428 451 vellet
1451 412 1619 465 pallium

187 478 367 518 attollere
404 484 443 516 et
477 477 622 515 librare
656 488 791 512 manu.
864 469 1039 509 Pallium
1079 468 1158 507 talc
1191 468 1432 522 quadratum
1487 470 1621 508 minus

185 533 264 573 alte
298 534 462 572 scissum
498 529 684 570 describit
729 529 895 567 Ioannes
943 527 1100 564 Mussus
1138 525 1217 562 ita:
1247 523 1354 561 dicta
1393 522 1620 562 indmnenta

184 590 240 627 sic
278 597 388 626 curta
424 586 484 638 [id
524 593 582 624 est
620 583 737 622 valde
782 579 909 634 curta]
952 589 1038 619 sunt
1074 579 1316 633 aliquantum
1358 577 1451 631 plus
1499 579 1619 631 longa

185 643 236 683 de
258 651 362 681 retro
393 650 433 680 et
460 640 510 679 de
538 649 671 689 antea,
700 652 816 693 quam
843 637 893 675 de
915 635 1072 687 galeno.
1130 633 1286 672 Clarius
1318 632 1450 671 adhuc
1475 634 1618 672 Mona-

185 698 284 736 chus
315 695 580 750 Sangallensis
609 693 660 732 de
702 693 820 731 rebus
856 691 972 744 gestis
1014 687 1145 727 Caroli
1178 689 1235 731 M.
1263 687 1296 726 Ι.
1329 685 1397 726 56.
1414 701 1426 725 z
1465 689 1618 727 ultimas

184 753 332 791 habitus
358 764 488 790 eorum
523 746 812 802 [Francorum]
852 754 936 784 erat
955 745 1127 799 pallium
1154 758 1290 782 canum
1319 741 1479 796 [cinerei
1508 743 1616 783 colo-

185 805 256 860 ris]
283 807 351 844 vel
376 819 420 843 sa
444 806 644 858 plait-inum
657 833 667 850 ,
698 801 1010 857 quadrangulemz
1023 830 1034 847 ,
1080 800 1134 838 du
1162 799 1242 847 lex,
1271 797 1332 852 [id
1374 803 1433 836 est
1461 796 1618 837 διπλω-

188 857 290 911 τὸν,
318 820 487 914 ρεΠίζυε
520 866 590 897 aut
633 857 719 896 aliis
750 857 867 895 rebus
895 855 1128 901 ruderatum,
1185 855 1240 892 sic
1276 854 1500 905 sot-matum
1516 882 1528 900 ,
1557 862 1612 899 ut,

211 930 300 954 uum
338 917 600 969 imponeretur
636 914 815 959 humeris,
852 920 941 950 ante
965 920 1002 949 et
1038 919 1141 950 retro
1175 908 1295 964 pedes
1326 916 1521 961 tangeret,
1566 908 1617 947 de

182 930 364 1009 zueribus
390 982 485 1007 vero
519 970 596 1007 vix
628 981 754 1020 genua
780 974 1005 1019 contegeret.
1071 966 1132 1004 De
1162 965 1224 1004 his
1259 963 1461 1018 quadratis
1483 961 1614 1017 palliis

183 1037 235 1063 v..
246 1025 313 1063 Du
342 1024 476 1076 Gange
503 1023 552 1061 ad
580 1021 752 1061 loinvill.
786 1036 828 1074 p.
867 1019 955 1061 158.
978 1050 990 1072 ,
1015 1019 1086 1059 ubi
1114 1022 1268 1074 saepius
1297 1021 1337 1058 in
1360 1018 1506 1059 chartis
1526 1019 1616 1059 Ste-

180 1079 303 1132 phani
323 1079 371 1117 de
401 1078 440 1117 la
469 1078 665 1117 Fontaine
691 1083 935 1116 memoratur
974 1090 1025 1114 un
1054 1076 1147 1129 long
1187 1075 1334 1114 mantel
1366 1075 1487 1119 fendu
1518 1076 1544 1113 ῖι
1562 1090 1616 1115 un

180 1133 275 1176 cote'.
328 1133 427 1172 Tale
450 1133 614 1185 pallium
646 1139 706 1171 est
733 1131 1067 1178 monoschistum‚
1120 1138 1159 1170 et
1196 1130 1347 1169 accedit
1373 1132 1536 1183 propius
1562 1131 1616 1170 ad

181 1189 351 1228 sormam
372 1187 591 1241 chlamydis
610 1187 796 1225 Graecae.
830 1188 877 1225 In
895 1200 942 1224 eo
961 1192 1114 1224 tantum
1132 1185 1308 1238 chlamys
1328 1191 1368 1223 et
1387 1185 1615 1224 monoschi-

181 1251 288 1282 stum
325 1243 564 1282 Francicum
612 1242 828 1291 differunt,
866 1240 975 1294 quod
1011 1240 1150 1279 fissura
1191 1240 1316 1278 dextri
1347 1239 1478 1279 lateris
1508 1239 1614 1280 ultra

180 1297 393 1336 humerum
420 1297 668 1350 procederet,
697 1304 735 1335 et
761 1311 879 1349 super
906 1295 1072 1333 humero
1104 1309 1178 1348 ope
1200 1294 1348 1333 fibulae
1370 1295 1420 1333 ad
1448 1294 1614 1335 alteram

183 1352 427 1405 chlamydis,
473 1354 663 1404 posticam
698 1359 794 1403 puta
813 1380 824 1401 ,
871 1357 1023 1402 partem
1067 1350 1402 1402 adstringeretur,
1433 1350 1464 1388 si
1492 1350 1613 1389 modo

182 1407 322 1446 fissura
349 1407 390 1445 in
418 1406 624 1459 chlamyde
649 1405 781 1444 locum
807 1405 950 1444 habet:
1007 1419 1100 1443 nam
1131 1404 1309 1456 chlamys
1348 1404 1474 1442 solida
1501 1411 1613 1444 erat:

181 1461 251 1501 sed
277 1463 398 1500 simus
426 1463 467 1499 in
494 1461 626 1500 verbis
653 1460 814 1511 faciles,
868 1461 911 1498 in
938 1459 1060 1512 pallio
1089 1466 1222 1497 autem
1251 1459 1444 1497 Francico
1472 1472 1613 1498 mono-

182 1516 328 1555 schisto
350 1515 454 1554 ultra
472 1530 575 1568 genu
601 1515 783 1554 dextrum
801 1528 882 1553 non
902 1514 1146 1564 ascenderet,
1173 1514 1272 1552 adeo
1303 1521 1348 1551 ut
1361 1513 1613 1567 chlamydem

181 1585 320 1624 gerens
338 1570 462 1609 libere
477 1577 516 1609 et
532 1570 708 1623 expedite
726 1570 904 1608 dextram
923 1576 1132 1617 exsereret,
1152 1571 1219 1621 qui
1239 1582 1335 1607 vero
1351 1568 1431 1608 tale
1446 1568 1612 1621 pallium

181 1632 334 1678 gereret
349 1655 361 1673 ‚
403 1625 563 1664 deberet
587 1624 712 1671 illud,
750 1625 782 1663 si
817 1637 980 1662 manum
1014 1637 1189 1662 exserere
1227 1623 1368 1670 vellet,
1413 1622 1608 1664 attollere.

179 1680 490 1728 Monoschiston,
523 1694 575 1718 an
594 1679 809 1719 dischiston
837 1681 887 1717 sit
922 1678 1087 1731 pallium
1100 1678 1230 1717 Caroli
1250 1679 1324 1725 M„
1356 1678 1406 1716 de
1433 1692 1513 1731 quo
1542 1679 1611 1718 Du

182 1734 369 1788 Cangel
398 1749 434 1773 c.
477 1735 681 1787 loquitur,
717 1734 980 1773 aestimabunt
1020 1736 1123 1779 iam,
1163 1733 1308 1786 quibus
1348 1733 1399 1772 Τ.
1420 1733 1474 1771 11.
1506 1733 1610 1772 Iunii

181 1789 375 1828 Actorum
390 1790 627 1828 Sanctorum
654 1789 704 1828 ad
733 1803 872 1827 manus
897 1796 969 1827 est.
1002 1789 1061 1827 lbi
1090 1788 1196 1827 enim
1227 1794 1350 1827 exstat
1378 1787 1446 1826 illa
1463 1788 1607 1841 imago,

181 1858 301 1896 quam
328 1845 395 1882 Du
423 1844 561 1898 Gange,
587 1844 735 1882 laudat.
768 1844 930 1896 Neglexi
956 1844 1182 1893 observare,
1218 1856 1343 1896 quum
1371 1857 1459 1880 eam
1486 1843 1611 1895 inspi-
1662 1867 1666 1870 -

182 1912 337 1947 cerem,
381 1898 507 1951 qualis
543 1899 652 1951 pallii
680 1899 808 1937 forma
834 1906 958 1945 esset,
989 1906 1028 1937 et
1055 1900 1097 1936 in
1124 1897 1318 1950 praesenti
1345 1896 1532 1935 volumen
1560 1897 1611 1936 il-

182 1952 252 1990 lud
281 1959 460 1991 actomm
487 1955 529 1992 in
571 1961 731 2006 promtu
760 1968 842 1992 non
869 1961 942 1992 est.
1001 1954 1155 1991 Interea
1182 1960 1226 1991 ut
1253 1951 1377 1991 oculis
1402 1953 1610 1990 aestimare

182 2005 348 2045 lectores
386 2008 463 2045 mei
501 2007 667 2060 pallium
706 2009 944 2046 Francicum
986 2015 1236 2061 tetragonum
1274 2021 1343 2046 seu
1372 2006 1433 2044 bis
1474 2006 1610 2044 fissum

182 2064 356 2114 possint,
387 2075 583 2114 apponam
610 2064 712 2115 regis
739 2063 774 2101 F
776 2063 922 2101 rancici
955 2063 1164 2116 imaginem
1185 2076 1229 2100 ex
1255 2061 1323 2099 illa
1352 2068 1452 2099 msta
1478 2061 1609 2099 Fran-

182 2119 265 2154 cica
291 2115 442 2154 Valerii
471 2118 631 2154 Maximi
660 2118 986 2169 interpretatione
1011 2131 1129 2169 supra
1160 2118 1239 2154 iam
1271 2116 1456 2162 laudata,
1487 2129 1611 2167 quam

181 2173 222 2206 in
242 2170 480 2208 membranis
495 2171 614 2208 habet
626 2171 870 2209 Bibliotheca
883 2172 1048 2210 Senatus
1068 2170 1295 2223 Lipsiensis.
1328 2171 1432 2208 Hinc
1449 2183 1609 2222 quoque

181 2229 358 2274 apparet,
380 2224 612 2262 Francicam
640 2239 720 2263 esse
746 2227 935 2278 reginam,
959 2240 1035 2263 non
1055 2225 1350 2277 Imperatricem
1378 2224 1581 2262 CPtanam
1596 2253 1608 2274 ,

182 2277 289 2315 illam
335 2277 544 2316 foeminam
562 2307 574 2327 ,
610 2293 730 2331 quam
767 2293 811 2317 ex
857 2280 1044 2332 diptycho
1081 2280 1251 2317 Bosiano
1291 2278 1609 2317 Montfauconius

181 2331 349 2382 Antiqu.
379 2328 574 2380 Explicat.
611 2334 658 2371 T.
690 2333 766 2371 111.
795 2333 878 2371 tab.
901 2333 968 2372 26.
995 2335 1035 2371 in
1069 2347 1159 2371 aere
1188 2333 1510 2385 repraesentavit.
1531 2333 1611 2369 Ca-

181 2384 268 2424 sula
311 2398 391 2422 non
422 2384 620 2428 Graecus,
649 2387 718 2420 sed
754 2387 1005 2427 occidentalis
1041 2394 1125 2425 erat
1162 2387 1335 2425 habitus.
1389 2383 1610 2424 Luculenta

182 2438 249 2477 illa
278 2440 320 2476 in
356 2438 524 2490 imagine
555 2437 812 2488 conspicuum
839 2444 896 2474 est
931 2436 1096 2488 pallium
1140 2440 1377 2489 quadratum
1404 2452 1428 2476 a
1473 2439 1610 2478 dextra

185 2506 309 2545 paene
335 2499 463 2530 totum
491 2499 651 2543 patens,
682 2504 705 2528 a
727 2491 882 2528 sinistra
901 2505 981 2529 non
1006 2499 1088 2529 tam
1110 2490 1188 2530 alte
1213 2491 1399 2539 scissum,
1430 2493 1471 2531 in
1500 2495 1609 2533 ornis

181 2561 248 2586 seu
279 2547 358 2584 oris
384 2546 539 2598 gemina
574 2547 674 2583 serie
701 2543 882 2582 albarum
909 2559 979 2583 seu
999 2546 1300 2598 margaritarum
1322 2545 1514 2586 clausum.
1541 2549 1610 2587 ln-

182 2601 290 2652 signe
308 2614 467 2652 quoque
486 2600 524 2637 in
544 2599 680 2639 codem
708 2597 826 2650 pallio
849 2606 905 2637 est
920 2597 1102 2649 tablium,
1121 2601 1213 2638 item
1232 2600 1527 2653 praependulia,
1559 2603 1608 2642 de

184 2654 325 2706 quibus
351 2667 423 2692 suo
451 2653 554 2692 loco.
631 2653 859 2704 Antequam
884 2667 908 2691 a
934 2653 1071 2692 fissura
1100 2653 1311 2706 palliorum
1350 2655 1400 2693 ad
1428 2655 1607 2695 fissuram

187 2707 390 2746 chitonum
413 2715 607 2747 transeam
629 2737 642 2759 ,
684 2706 851 2746 verbulo
893 2708 1135 2747 monendum
1163 2709 1266 2748 duco
1293 2709 1342 2748 de
1371 2710 1607 2764 etymologia
