1832 3126
319 173 426 243 148
584 189 1044 234 10.1AC.REISK11
1083 189 1462 234 οοΜΜΕΝΤΑιιιι

313 293 388 334 καί
414 288 492 344 τήν
522 291 596 332 ἐπι
627 291 687 347 ‘ccii'
708 288 830 356 ἁγίῳ
848 287 1127 357 βαπτίσματι
1155 290 1396 361 προσευχὴν
1427 294 1655 334 ποιεῖσθαι.
1685 318 1706 328 -
1729 315 1756 328 ‹-

314 345 386 388 διὰ
421 346 556 386 ταῦτα
583 331 781 411 προσήκει
797 343 886 412 τήν
912 343 984 387 ἐπι
1004 347 1057 402 τῇ
1089 345 1188 412 ἁγία
1219 347 1481 414 προσκομιδῇ
1500 363 1571 388 και
1595 345 1670 396 τὰς
1689 343 1758 389 ἄλ·

312 407 390 450 λας
425 399 666 455 προσευχὰς
704 398 808 452 μετὰ
842 402 992 470 φωνῆς
1023 399 1142 455 παρὰ
1183 403 1266 442 τῶν
1307 399 1550 443 ὅσιωτάτων
1585 400 1759 445 bummi-

313 472 404 498 πων
447 471 493 496 τε
534 457 608 496 καί
643 456 936 510 πρεσβυτέρων
972 457 1295 522 προσφέρεσθαι
1323 457 1382 514 τῷ
1414 457 1564 524 μυρίῳ.
1619 459 1757 525 Neque

315 512 583 568 scrupulum
572 513 734 552 iniicere
766 513 907 560 debet,
936 512 1046 565 quod
1079 513 1240 554 additur
1267 529 1292 565 η
1294 526 1357 568 ym
1387 509 1441 553 α’.
1495 513 1620 553 Nulla
1646 518 1765 555 enim.

313 584 416 618 vox,
461 571 545 608 sive
571 582 682 616 assa,
728 568 812 607 sive
845 567 1049 606 modulata
1074 570 1152 616 sit,
1199 575 1330 621 potest
1354 569 1505 623 absque
1528 576 1626 609 tono
1654 584 1764 623 quo··.

313 623 408 665 dam
433 624 620 678 proserii.
677 624 732 662 Et
763 624 1006 676 significatur
1030 622 1096 661 hic
1123 623 1429 672 tantummodo,
1469 623 1607 673 illam,
1630 639 1757 679 quae

315 681 548 728 subiicitur,
584 679 719 718 rhesin
752 692 836 718 esse
863 678 974 717 nuda
999 678 1163 731 quidem
1187 693 1310 727 voce,
1341 686 1384 718 at
1409 681 1453 718 in
1484 680 1624 719 eodem
1648 694 1762 721 sem-.

313 750 386 789 per
411 742 509 774 tono
532 735 664 787 primo
697 734 969 781 recitandam,
1001 733 1110 786 quod
1134 735 1266 773 Latini
1294 735 1495 788 sequiores
1523 735 1664 775 dicunt
1687 735 1755 774 di-

313 801 475 830 rectare.
534 790 717 828 Psalmus
746 789 1013 838 directaneus,
1045 788 1165 828 unico
1190 796 1313 838 tono,
1343 789 1456 830 nullo
1481 788 1612 842 flexu,
1641 790 1756 831 nulla

313 845 587 886 modulatione
617 843 837 883 absolutus.
892 843 946 882 V.
980 845 1048 908 Du
1075 843 1208 898 Gange
1236 843 1520 885 v.Di1·ecta1-e
1553 853 1592 884 et
1623 841 1756 898 φωνή.

312 901 478 941 Veteres
511 914 670 954 quoque
699 899 885 938 dicebant
917 894 999 937 ἀπὸ
1031 899 1197 952 φωνῆς,
1236 900 1425 951 oranter,
1470 906 1518 939 ut
1539 900 1663 954 vulgo
1690 900 1758 940 di-

313 963 435 1005 cunt,
476 956 594 995 alicui
625 954 776 1008 aliquid
801 953 991 993 mandare
1020 955 1338 994 renunciandum
1370 955 1483 995 alteri
1497 984 1510 1003 ‚
1555 957 1757 1009 imperare

313 1012 536 1074 agendum,
571 1010 635 1050 vel
664 1017 815 1049 vetare.
874 1010 935 1048 Ita
963 1016 1101 1048 narrat
1131 1009 1339 1063 Appianus
1363 1009 1647 1050 Parthicorum
1674 1011 1756 1050 ini-

312 1070 385 1115 tio,
418 1066 582 1106 Ateium
602 1066 698 1104 trib.
719 1064 847 1118 plebis
880 1065 1012 1103 Crassi
1036 1065 1274 1117 expeditioni
1300 1066 1612 1106 intercedentem
1638 1065 1755 1132 πρῶ-

313 1136 386 1162 τον
417 1121 494 1172 μὲν
523 1117 602 1159 α’πό
637 1120 778 1174 φωνῆς
813 1119 1002 1158 κωλῦσαι
1039 1118 1112 1157 καί
1139 1115 1516 1184 διαμαρτύρασθαι
1541 1117 1602 1173 μὴ
1631 1116 1755 1184 βαδί-

315 1176 400 1228 ζειν
428 1185 523 1227 etc„
553 1177 665 1214 clara
694 1189 817 1221 voce,
849 1175 1049 1238 conceptis
1064 1171 1548 1243 verbis‚exped1tionem
1572 1177 1750 1215 vetuisse.

367 1233 436 1272 30.
453 1233 498 1270 B.
521 1246 555 1269 ι
579 1229 669 1285 [49‚
689 1229 752 1283 4.]
787 1227 809 1267 ὁ
840 1224 1083 1281 α’ρτοκλίνης
1111 1226 1164 1269 τὰ
1193 1224 1272 1269 δυο
1299 1228 1422 1282 μέρη.
1476 1231 1517 1271 Si
1544 1238 1651 1271 recte
1679 1230 1754 1270 ha·-

317 1289 386 1329 bet
410 1287 507 1325 haec
536 1286 651 1324 lectio
691 1287 757 1349 (et.
777 1299 893 1349 saepe
920 1285 976 1323 sic
1003 1291 1062 1323 est
1088 1286 1130 1323 in
1159 1286 1319 1338 codice)
1357 1285 1476 1325 debet
1505 1288 1758 1326 aecusativus

313 1357 387 1397 p1o
419 1342 555 1381 dativo
585 1340 649 1379 hic
678 1341 818 1393 accipi.
879 1338 992 1379 Alias
1018 1346 1150 1395 posset
1176 1339 1236 1387 εἰς
1263 1341 1316 1379 ob
1337 1342 1642 1395 praecedentem
1669 1340 1758 1395 syl-

313 1399 446 1438 labam
470 1396 656 1436 excidisse
682 1396 826 1434 videri.

424 1452 470 1492 B.
492 1450 533 1503 4
555 1450 643 1505 [49‚
665 1450 729 1504 6.]
765 1449 915 1502 δείλης.
968 1449 1028 1489 Μ.
1054 1447 1206 1503 δήλης,
1236 1449 1345 1504 quod
1369 1464 1416 1490 eo
1440 1451 1595 1499 indico,
1625 1458 1672 1491 ut
1697 1453 1758 1491 in·

315 1507 518 1561 telligatur
546 1521 633 1545 mos
663 1505 798 1544 librai
789 1520 816 1544 ιι
844 1520 870 1556 η
903 1511 942 1543 et
970 1518 1007 1543 ει
1035 1506 1319 1569 permutandi,
1359 1520 1441 1545 non
1467 1513 1660 1560 tanquam
1689 1520 1756 1545 re-

315 1571 425 1602 ctum
445 1564 509 1602 sit.
561 1556 670 1602 Ἀπὸ
699 1573 799 1608 τους
837 1557 981 1613 ἁγίους
997 1557 1256 1608 αποστόλους
1285 1568 1345 1601 est
1377 1562 1602 1602 idiotismus
1625 1575 1757 1603 novae

317 1620 522 1660 Graeciae.

425 1720 471 1760 B.
491 1735 552 1759 ιο.
565 1718 649 1774 [49,
670 1716 751 1773 12.]
791 1710 933 1770 ἦλθεν,
985 1718 1045 1757 Μ.
1095 1715 1171 1771 ἤλ,
1212 1719 1321 1760 unde
1351 1717 1451 1759 effici
1483 1717 1601 1758 debet
1627 1710 1757 1771 ηλθῖς

317 1782 387 1816 aut
421 1770 584 1828 ἤλθετε.
639 1775 749 1814 Idem
779 1788 938 1827 quoque
969 1773 1122 1813 dictum
1159 1773 1211 1813 ad
1242 1775 1363 1815 huius
1395 1773 1563 1828 paginae
1593 1787 1758 1814 versum

315 1833 504 1872 ultimum
529 1838 567 1869 et
589 1831 640 1870 ad
669 1845 711 1883 p.
740 1830 806 1868 31.
835 1829 881 1867 C
909 1828 951 1868 8.
977 1829 1113 1867 velim.

429 1887 475 1925 C.
505 1890 539 1925 ι’.
559 1885 650 1941 [49,
675 1884 765 1939 13.]
805 1879 949 1928 καθώς
987 1882 1046 1922 ἐν.
1099 1883 1158 1922 Μ.
1193 1879 1338 1930 καθώς
1365 1897 1438 1923 και
1463 1882 1523 1925 ἒν.
1575 1880 1674 1924 vid.
1707 1897 1750 1939 Ρ.

316 1943 386 1983 51.
416 1942 469 1981 A.
493 1955 533 1979 α.
563 1943 677 1980 etB.
705 1939 766 1991 4.
787 1939 955 1979 itemC.
976 1937 1016 1977 6.
1049 1939 1103 1976 D.
1137 1953 1170 1977 1.
1199 1938 1368 1978 etalibi.

426 1998 472 2035 C.
495 1997 537 2036 5.
558 1995 647 2050 [49‚
675 1995 760 2049 15.]
791 2009 844 2034 τα
873 1988 1066 2045 δρομικα.
1121 1993 1293 2032 Videtur
1314 1994 1500 2032 carminis
1529 1983 1754 2033 concitatio-

314 2055 391 2100 ris,
425 2051 634 2105 dactylici,
665 2050 780 2090 celei
771 2058 844 2088 iter
860 2049 1054 2087 cuxrentis
1076 2061 1159 2086 esse
1177 2077 1188 2096 ‚
1220 2048 1339 2102 quale
1360 2049 1524 2088 abeunti
1542 2049 1754 2101 accinitur,

316 2115 513 2150 nostrates
542 2107 719 2146 dicerent
744 2120 808 2144 ειη
835 2104 1009 2142 Marsch.
1068 2103 1186 2142 Conf.
1214 2117 1254 2156 p.
1282 2104 1351 2152 54.
1371 2105 1425 2142 D.
1449 2111 1583 2156 antep-

428 2160 761 2215 C.8.[49‚19.]
794 2151 893 2197 ωδε.
947 2159 1006 2196 Ita
1030 2158 1088 2195 M.
1119 2159 1179 2196 uti
1207 2166 1245 2197 et
1265 2158 1399 2211 paullo
1422 2166 1513 2212 post
1533 2160 1586 2197 D.
1614 2171 1651 2197 ι.
1681 2156 1757 2196 καί

316 2218 361 2258 ἐν
390 2216 445 2257 αὖ
448 2218 517 2270 τῷ.
574 2216 693 2266 Quod
715 2228 883 2262 monce,
919 2227 970 2251 ne
990 2213 1104 2265 quiS‚
1137 2214 1245 2265 quod
1274 2213 1374 2252 mihi
1403 2214 1592 2268 contigit,
1622 2225 1754 2266 suspe-

317 2282 400 2315 ctas
430 2274 576 2312 habeat
601 2270 861 2324 negligentiae
887 2268 1192 2333 typoglaphicas
1212 2283 1369 2333 opeias.

426 2326 543 2379 D.4.
564 2325 654 2390 [5o‚
677 2325 740 2379 5.]
770 2319 1093 2385 συναγάλλεσθε.
1147 2323 1208 2362 M.
1235 2324 1340 2374 ε’παγ
1343 2319 1536 2362 sinevae.

372 2378 782 2435 51.A.6.[50‚15.]
828 2373 1021 2430 δρομικὰ.
1079 2377 1225 2416 Putem
1271 2338 1480 2431 δρομικὸν,
1537 2376 1598 2420 In
1626 2389 1754 2423 mem-

319 2438 454 2476 branis
480 2439 654 2499 scripta
647 2443 731 2474 erat
755 2448 830 2474 vox
850 2448 921 2486 per
942 2433 1221 2484 compendium
1246 2432 1407 2487 δρομιξ.
1461 2433 1557 2472 Lin.
1587 2444 1649 2470 ιι.
1678 2430 1755 2472 ha-.

317 2492 414 2531 bent
442 2493 602 2531 eaedem
627 2484 755 2543 ἤγουν
784 2486 805 2528 ὅ
838 2487 1097 2538 ὸομέστικος
1749 2517 1753 2531 ¹

430 2548 476 2584 B.
498 2547 536 2586 6.
562 2546 649 2600 [31‚
678 2545 736 2599 1.]
768 2539 1030 2596 αρτοπωλῶν.
1060 2542 1120 2580 M.
1147 2540 1430 2593 α’ρτοποιὶῶν,
1461 2547 1650 2580 neutrum
1669 2529 1757 2579 ma-

321 2601 383 2647 le,
427 2600 503 2639 hoc
539 2615 667 2641 novae
707 2599 970 2648 Graecitatis,
1008 2595 1110 2635 illud
1140 2598 1503 2636 Grammaticorum
1541 2595 1756 2636 sanctioni-
1822 2641 1828 2648 1

319 2656 396 2695 bus
420 2669 442 2694 a
472 2663 573 2694 tum.

429 2671 477 2749 Ji).
501 2726 538 2764 7.
563 2710 651 2764 [51‚
672 2709 735 2764 2.]
766 2714 968 2750 ποιοῦσιν.
1026 2706 1085 2745 Μ.
1114 2705 1302 2746 ποιῶσιν.
1327 2705 1664 2759 Frequentissime
1686 2710 1757 2743 aut

323 2747 516 2806 librarius
531 2774 691 2817 noster,
719 2772 791 2806 aut
818 2771 958 2804 auctor
985 2763 1067 2817 ipse
1089 2776 1135 2802 ex
1154 2775 1265 2801 more
1284 2761 1430 2802 saeculi
1458 2760 1756 2800 subiunctivum
1821 2804 1826 2809 1
