1884 3132
355 129 465 190 364
662 147 735 188 10.
777 146 883 188 IAC.
903 164 905 168 ·
927 148 1122 189 RmsKn
1151 147 1524 191 COMMENTARH

352 249 430 299 μὲν
457 250 549 295 ταῖς
576 243 770 301 προόὸοις
787 244 980 302 κατηφής
998 245 1071 287 καὶ
1088 245 1339 300 σκυθρωπὸς
1359 272 1378 280 ·
1396 272 1437 298 -,
1469 248 1522 290 ἐν’
1538 249 1583 289 δὲ
1609 249 1787 298 δείπνοις

351 299 425 341 καὶ
451 303 697 352 συμποσίοις
724 299 904 357 τερπνὸςΥ
924 302 997 342 καί
1023 298 1230 350 πολιτικὸς
1249 303 1477 370 [urbanus‚
1506 304 1688 358 lepidus,
1717 321 1784 345 co—

353 357 459 411 mis]‚
491 354 548 403 ὥς
575 354 647 396 καί
672 357 823 411 ἐρίζειν
853 362 938 404 τοῖς
963 357 1106 408 μίμοις
1137 360 1332 406 πολλακις
1369 358 1564 408 παίζουσι
1603 357 1682 412 πρὸ
1711 362 1785 413 τῆς

352 411 571 465 τραπέζης.
626 413 768 461 Mami,
799 413 1029 467 thymelici,
1062 413 1320 464 ioculatores,
1361 415 1503 453 musici
1529 414 1648 453 iidem
1677 423 1782 455 sunt.

329 485 332 488 ’
357 467 488 507 Gloss.
528 474 619 506 mst.
658 468 827 508 Concilii
862 469 1074 507 Laodiceni
1103 482 1138 507 c.
1169 467 1235 519 54.
1259 483 1269 508 :
1306 470 1491 508 Temelici
1506 499 1516 518 ,
1545 471 1785 510 ioculatores.

354 523 508 562 Verum
539 523 617 562 iam
645 524 686 561 in
716 522 944 563 Alexandro
976 524 1121 562 Severo
1149 523 1286 563 laudat
1325 523 1578 578 Lampridius
1615 539 1656 577 p.
1690 525 1784 580 985.

353 593 443 631 cap.
473 579 599 630 XLI.,
627 579 736 632 quod
762 580 976 632 voluptates
1002 581 1169 618 scenicas
1197 593 1395 635 nunquam
1426 581 1469 618 in
1504 581 1685 619 convivio
1711 582 1787 619 ha-

354 633 489 673 buerit.
544 633 722 673 Iulianus
751 635 793 674 in
825 636 1084 688 Misopogone
1108 648 1147 687 p.
1167 635 1261 688 539.
1281 635 1328 673 C.
1349 634 1413 674 ed.
1433 634 1585 688 Spanh.
1607 649 1619 673 z
1661 633 1785 688 εἴργω

294 721 301 729 .,
353 689 438 728 τῶν
465 684 659 741 θεάτρων
687 685 868 740 ἐμαυτόν
897 687 968 728 ὑπ’
996 687 1244 742 ἅβελτηρίας
1260 719 1271 740 ,
1294 691 1349 728 ait
1364 719 1375 740 ,
1397 690 1663 729 Antiochenos
1688 691 1787 730 sub-

353 758 549 793 sannans,
594 741 683 782 οὐδ’
726 741 823 784 εἴσω
866 743 940 809 τῆς
979 742 1111 796 αὔλῆς
1150 743 1444 797 παραδέχομαι
1472 741 1549 798 τήν
1575 742 1782 798 θυμέλην,

351 795 432 846 ἔξω
457 798 527 851 τῆς
554 799 770 851 νεομηνίας
797 798 871 839 τοῦ
900 798 1042 849 ε’τους,
1072 797 1142 837 ὑπ’
1180 798 1470 852 α’ναισθησίας.
1530 799 1699 853 Insignis
1726 800 1787 839 lo·-

355 868 426 893 cus
454 861 493 893 et
521 855 578 894 rei
606 862 767 894 nostrae
795 856 972 908 apprime
1000 868 1214 907 congruus.
1258 854 1386 894 Arceo
1408 869 1470 894 me
1493 870 1519 894 a
1541 856 1699 894 theatris
1711 870 1790 910 pet·

353 923 541 948 summam
574 910 774 948 stultitiam
786 939 798 960 ,
837 925 957 965 neque
987 912 1030 949 in
1071 910 1204 949 aulam
1238 909 1402 949 admitto
1436 924 1589 950 scenam
1628 910 1689 964 [id
1726 918 1786 949 est

353 964 563 1004 histriones
591 971 629 1003 et
650 964 920 1018 panduristas]
954 966 1032 1003 nisi
1057 966 1156 1003 anni
1176 964 1358 1004 Calendis
1376 994 1388 1014 ,
1420 979 1521 1020 prae
1554 966 1684 1004 animi
1708 967 1789 1004 mei

354 1028 520 1075 stupore.
577 1019 689 1059 Idem
713 1021 756 1059 in
785 1020 991 1067 Ludovico
1014 1019 1090 1059 Pio
1117 1018 1283 1058 laudant
1312 1019 1490 1059 Annales
1517 1022 1714 1059 Metenses
1732 1019 1787 1059 A.

354 1073 477 1128 873.:
509 1074 722 1129 Nunquam
752 1077 793 1114 in
812 1077 893 1114 risu
911 1075 1111 1114 exaltavit
1136 1088 1269 1114 vocem
1299 1089 1432 1124 suam,
1467 1089 1536 1114 nec
1560 1075 1717 1130 quando
1744 1076 1787 1114 in

353 1131 807 1182 summisfestivitatibus
828 1131 887 1169 ad
911 1130 1103 1170 laetitiam
1123 1130 1267 1184 populi
1284 1130 1547 1184 procedebant
1569 1131 1783 1182 thymelici,

355 1199 509 1223 scurrae
541 1194 580 1225 ec
603 1186 720 1224 mimi
746 1200 832 1225 cum
859 1185 1027 1224 comatis
1056 1195 1093 1224 et
1122 1186 1302 1224 citaristis
1347 1199 1482 1226 comm
1519 1199 1579 1224 eo.
1637 1185 1786 1224 Contra

354 1254 452 1282 veno
484 1240 749 1293 Theophanes
776 1255 817 1294 p.
839 1239 930 1280 368.
951 1242 1055 1280 inter
1085 1239 1162 1280 alia
1189 1241 1321 1294 turpia
1346 1248 1386 1279 et
1413 1240 1612 1291 nefanda,
1642 1240 1788 1292 quibus

356 1295 526 1335 obruere
564 1295 872 1335 Constantinum
900 1295 1198 1350 Copronymum
1229 1302 1268 1335 et
1307 1294 1499 1334 invidiam
1526 1295 1609 1334 eius
1635 1309 1787 1334 memo-

353 1352 438 1390 riae
455 1351 582 1390 facere
602 1351 758 1400 studet,
790 1351 866 1390 hoc
894 1365 1055 1405 quoque
1083 1352 1197 1405 ponit
1215 1381 1224 1399 ‚
1256 1349 1366 1404 quod
1394 1349 1644 1391 citharoedos
1661 1350 1787 1402 epulis

356 1406 437 1445 suis
465 1405 693 1445 adhibuerit
713 1436 725 1457 ,
755 1413 794 1445 et
823 1408 926 1445 inter
955 1405 1228 1459 patriarchae,
1270 1406 1342 1459 ipsi
1372 1404 1546 1459 aequalis
1573 1412 1692 1458 atque
1719 1419 1788 1443 co-

356 1461 553 1514 gnominis
589 1468 629 1499 et
663 1475 826 1515 prorsus
864 1460 1010 1500 addicti
1048 1461 1195 1514 flagitia
1237 1468 1449 1512 numerat,
1493 1459 1601 1513 quod
1640 1459 1788 1500 talibus

354 1518 548 1556 conviviis
560 1517 746 1557 interesse
760 1524 799 1556 et
817 1517 988 1556 musicos
1006 1517 1144 1555 audire
1169 1517 1414 1557 sustinuerit.
1444 1515 1529 1558 Ubi
1558 1516 1665 1555 enim
1684 1515 1779 1569 thy-

354 1571 485 1610 melici
526 1580 679 1620 essent,
723 1586 852 1625 neque
889 1572 1136 1625 patriarchae
1156 1601 1168 1623 ,
1206 1586 1336 1624 neque
1378 1571 1521 1610 elerico
1567 1569 1640 1608 ulli
1678 1569 1790 1609 locus

357 1634 455 1666 erat.
500 1620 690 1666 ”Enetum
718 1623 849 1666 αὐτὸν
887 1626 1133 1682 κιθαρῳδῶν
1176 1623 1406 1677 ἐνέχεσθαι
1444 1625 1489 1666 ἐν
1515 1625 1564 1679 τῇ
1591 1625 1787 1678 βασιλικῇ

343 1681 548 1736 τραπέζῃ.
606 1682 687 1721 Leo
705 1683 873 1734 Magnus
892 1682 1019 1721 edicto
1035 1683 1176 1731 sanxit,
1200 1689 1246 1719 ut
1258 1681 1397 1720 diebus
1412 1681 1618 1719 dominicis
1637 1681 1787 1718 musica

355 1737 484 1776 omnis
521 1737 834 1777 instrumentalis
882 1738 1105 1776 feriaretur.
1163 1736 1392 1775 Chronicon
1431 1734 1647 1774 Alexandr.
1680 1748 1786 1773 anno

355 1793 440 1831 eius
465 1793 619 1832 decimo
646 1792 744 1832 haec
771 1792 921 1831 habet:
954 1786 1079 1838 αὐτὸς
1108 1786 1319 1836 θειότατος
1345 1785 1542 1841 βασιλεὺς
1554 1785 1626 1834 τοὶς
1642 1803 1787 1840 κυρια-

354 1843 430 1893 mig
459 1845 699 1898 α’πράκτους
740 1847 932 1888 ἐκέλευσε
958 1847 1152 1898 γενέσθαι
1173 1875 1184 1896 ,
1230 1842 1472 1898 ἑκφωνήσας
1513 1843 1612 1896 περὶ
1635 1843 1784 1883 τούτου

354 1902 471 1942 θεῖον
488 1901 619 1942 αὐτοῦ
638 1900 777 1953 νόμον,
795 1899 862 1941 ἵνα
878 1898 936 1953 ,ιιὴ
968 1897 1094 1947 αὐλὸς
1122 1895 1149 1953 ἢ
1177 1898 1336 1952 κιθάρα
1378 1894 1406 1951 ἢ
1446 1892 1545 1937 ἄλλο
1574 1912 1615 1937 τι
1637 1912 1786 1949 μουσι-

356 1953 429 1996 κὸν
457 1957 551 2011 λέγῃ
577 1956 621 1996 ἐν
648 1957 848 2011 κυριακῇ,
879 1951 982 1995 ἀλλὰ
1009 1952 1146 1996 πάντα
1175 1949 1327 2005 ἀργεῖν.
1369 1955 1484 1994 Conf.
1506 1953 1641 1992 Malal.
1657 1955 1705 1992 T.
1726 1954 1781 1991 ΙΙ.

388 2040 398 2050 .
421 2011 487 2066 78.
543 2013 606 2051 De
631 2014 812 2052 versione
843 2026 932 2050 mea
959 2011 1078 2050 huius
1106 2010 1182 2049 loci
1210 2011 1353 2050 Latina
1379 2010 1547 2048 verbum
1564 2009 1695 2047 adhuc
1714 2008 1785 2046 ad-

356 2066 549 2107 dendum.
602 2067 774 2106 Reddidi
802 2081 942 2106 vocem
969 2065 1180 2117 θυμέλης,
1226 2080 1359 2104 scenae
1388 2065 1642 2119 tzaloranzqzae
1677 2065 1785 2102 thea-

356 2118 516 2161 tralium
539 2138 551 2163 :
610 2122 718 2175 quod
744 2124 944 2161 neminem
965 2121 1086 2159 velim
1110 2120 1160 2159 ad
1177 2123 1312 2173 poe'sin
1332 2120 1586 2158 dramaticam
1606 2118 1784 2167 trahere3

357 2179 541 2230 quamvis
568 2177 664 2217 olim
691 2175 716 2230 ἢ
746 2175 908 2228 θυμέλη
939 2183 977 2215 et
1004 2173 1027 2227 ἦ
1057 2172 1182 2227 σκηνὴ
1199 2205 1210 2226 ,
1254 2176 1348 2214 item
1387 2189 1530 2228 agones
1566 2171 1788 2223 θυμελικοί

357 2239 397 2271 et
423 2232 608 2285 σκηνικοί
632 2231 840 2286 diligenter
869 2232 1203 2283 distinguerentur
1231 2232 1310 2282 sic,
1348 2237 1393 2268 ut
1419 2228 1632 2283 thymelica
1659 2225 1784 2277 ἄκρο-

357 2282 500 2336 άματα
539 2295 666 2327 essent
703 2288 884 2337 musica,
929 2285 1096 2332 fidibus,
1137 2286 1244 2325 tibiis
1264 2315 1275 2335 ,
1317 2299 1442 2335 voce,
1489 2284 1639 2322 scenica
1685 2294 1783 2319 vero

358 2341 516 2381 fabulae
543 2357 725 2382 sermone
752 2349 791 2382 et
818 2341 990 2396 gestibus
1030 2340 1252 2391 exhibitae,
1281 2347 1326 2379 ut
1345 2339 1449 2378 clare
1467 2345 1574 2392 patet
1593 2351 1638 2376 ex
1659 2334 1783 2374 Athe-

358 2410 459 2435 naeo
487 2412 528 2449 p.
549 2396 642 2438 550.
664 2398 709 2436 C.
733 2412 772 2436 2.
828 2398 981 2436 Verum
1008 2397 1135 2449 poe'sis
1163 2395 1378 2434 dramatica
1406 2408 1453 2433 eo
1494 2405 1591 2431 aevo
1626 2389 1784 2428 iamdu-

359 2450 456 2489 dum
484 2452 678 2504 desierat,
699 2467 828 2505 neque
854 2453 931 2490 nisi
959 2450 1115 2490 saeculo
1142 2450 1252 2490 XVI.
1290 2450 1450 2488 demum
1478 2448 1518 2486 in
1546 2459 1662 2509 usum
1690 2444 1783 2483 red-

358 2505 434 2554 iit3
473 2514 511 2544 et
541 2522 675 2547 scenae
701 2508 861 2546 nomine
891 2505 1144 2560 appellabant
1171 2505 1301 2544 medio
1328 2518 1427 2542 aevo
1466 2498 1519 2540 τὰ
1553 2501 1780 2549 θαυματα,

359 2569 566 2613 pegmata,
605 2564 648 2602 in
683 2563 827 2616 quibus
862 2561 1085 2614 spectacula
1120 2560 1272 2599 ludicra
1314 2559 1364 2596 ab
1404 2555 1660 2595 histrionibus
1699 2555 1778 2592 cir-

360 2614 621 2655 cumforaneis
646 2617 709 2656 edi
735 2617 935 2662 solebant,
967 2623 1013 2655 ut
1038 2630 1060 2654 e
1092 2628 1242 2653 canone
1275 2612 1439 2651 Concilii
1481 2609 1779 2662 Aquisgranen-

360 2667 412 2706 sis
437 2668 487 2706 de
526 2684 630 2709 anno
658 2671 753 2710 816.
781 2678 944 2724 apparet
960 2701 971 2720 ‚
1013 2670 1120 2724 qnod
1152 2683 1228 2707 non
1259 2674 1433 2721 oporteat
1473 2665 1685 2703 sacerdotes
1714 2671 1782 2701 aut

360 2723 517 2763 clera-os
536 2726 813 2779 quibuscunque
844 2726 1066 2779 spectaculis
1092 2726 1131 2762 in
1169 2724 1286 2762 scenis
1306 2730 1372 2760 aut
1396 2721 1535 2773 nuptiis
1576 2721 1777 2769 mter-esse,
