1884 3132
181 147 256 190 An
295 146 829 191 CONSTANT.1>0RPH.·
868 148 941 189 m:
983 129 1535 209 cssn1M.1.113.11.761

104 253 360 308 perobscura.
416 253 668 306 Suggerunt,
700 264 787 290 ossa
818 250 959 290 Iustini
987 266 1033 291 ex
1062 251 1132 292 illo
1163 253 1403 292 monasterio
1431 253 1544 293 abla-

106 315 149 348 ta
174 308 309 349 fuisse.
366 307 490 362 Atqui
520 307 665 346 Noster
693 306 770 355 ait,
798 319 844 344 ea
872 307 913 344 in
941 307 1081 346 eodem
1109 309 1349 347 monasterio
1380 309 1545 348 mansis-

109 377 181 413 se,
227 365 410 416 quamvis
453 377 499 402 ex
549 363 714 414 antiqua
759 374 852 399 arca
898 361 939 400 in
986 362 1104 400 aliam
1150 362 1340 402 translata
1380 364 1542 402 suerint.

108 418 234 456 Forte
263 417 470 457 audiverat
512 417 574 456 vel
602 416 749 470 legerat
776 415 1016 469 Anonymus
1044 417 1111 456 ille
1138 418 1187 457 de
1217 429 1315 458 area
1345 419 1485 458 Iustini
1523 433 1546 458 e

109 474 348 512 monasterio
386 472 455 511 illo
493 473 535 510 in
570 469 964 523 SS.Apost0101um
995 472 1134 511 aedem
1164 473 1378 523 translata,
1436 473 1546 527 quod

111 527 283 580 deipsis
307 527 448 566 lustini
477 527 627 566 exuviis
664 524 731 564 ille
773 525 958 579 deinceps
994 527 1203 566 relerebat.
1269 528 1474 567 Cedrenus
1502 544 1544 581 p.

113 582 237 622 566.:
269 578 528 647 ἐτελεύτησεν
555 580 771 626 Ἰουστῖνος
809 594 877 619 και
919 578 1043 633 ε’τέθν
1083 579 1128 620 τό
1172 581 1293 632 σῶμα
1333 580 1469 622 αυτοῦ
1504 585 1550 622 ὲν

111 637 165 700 τῇ
189 636 296 689 μονῇ
321 635 392 688 τῆς
414 631 662 687 Αὕγούστης
692 634 738 674 ἐν
766 632 939 686 λάρνακι
968 636 1146 699 ποασιίῃ
1172 651 1278 686 μετα
1307 638 1379 690 τῆς
1403 652 1548 689 γυναι-

108 704 183 738 κος
214 690 455 744 Εὗφημίας.
512 691 676 743 Egestas
712 697 845 728 autem
884 691 1045 730 exuvias
1077 679 1329 744 lniperatoris
1371 707 1416 732 ex
1457 708 1550 732 anca

113 761 187 786 sua
213 753 253 785 et
279 748 320 784 in
361 745 490 785 aliena
526 745 738 784 translatas
774 745 918 796 fuisse,
947 760 1026 784 non
1055 749 1149 786 satis
1191 762 1351 799 possum
1395 762 1471 787 mu
1472 749 1546 787 iri.

114 802 258 847 Certe,
289 807 335 839 ut
373 801 564 840 haberent
602 815 690 840 ossa
718 800 925 839 Michaelis
956 802 1139 850 libi-iusi,
1169 803 1238 841 ubi
1266 804 1516 855 quiescerent
1534 833 1546 851 ,

118 870 201 895 non
229 856 322 894 satis
349 863 434 894 erat
471 870 635 905 causae,
674 855 728 894 ob
756 869 877 908 quam
908 856 1167 896 turbarentur
1205 864 1244 896 et
1283 858 1436 897 honore
1474 873 1549 898 suo

116 911 380 965 spoliaientur
406 910 549 963 sepulti
578 925 729 949 manes.

226 966 272 1005 B.
296 980 336 1004 2.
366 964 483 1019 [642.
510 967 590 1017 20.}
622 965 698 1004 τοῦ
726 960 845 1016 ἇγιόυ
863 961 1119 1004 Ἀποστόλου
1143 964 1290 1015 Θωμᾶ.
1350 967 1457 1016 Ergo
1490 969 1551 1007 in-

114 1027 179 1060 tra
206 1020 401 1060 ambitum
430 1022 656 1059 monasterii
673 1019 876 1072 Augustae
902 1028 986 1059 erat
1014 1021 1128 1060 aedes
1149 1021 1331 1074 Apostoli
1352 1023 1550 1069 Diuinae,

117 1076 284 1125 mdem,
314 1082 361 1114 ut
389 1076 571 1126 videtur,
599 1090 692 1114 cum
720 1076 762 1114 S.
784 1077 942 1115 'llioma
968 1075 1207 1115 Anthemii·
1197 1091 1208 1126 ς
1238 1091 1278 1115 ν.
1316 1078 1383 1115 Du
1413 1079 1550 1131 Cauge

119 1131 202 1169 CP.
243 1130 340 1170 Chr.
387 1131 431 1169 L.
463 1131 534 1169 lV.
564 1145 602 1183 p.
639 1144 727 1184 ¹¹7·
783 1131 892 1185 Ergo
922 1133 1000 1170 iam
1029 1133 1171 1183 quinto
1198 1146 1357 1185 quoque
1395 1134 1554 1173 saeculo

118 1184 356 1224 affectabant
384 1186 598 1224 morientes
627 1162 865 1225 ChristianiD
879 1187 1065 1225 viciniam
1108 1187 1258 1226 ossium
1297 1202 1370 1240 pro
1407 1189 1555 1227 sanctis

116 1248 412 1293 reputaturum,
437 1254 484 1279 ea
511 1254 605 1292 spe,
635 1240 749 1291 foie,
779 1249 823 1279 ut
847 1255 893 1279 ex
920 1241 1183 1280 contubernio
1209 1244 1356 1280 ossium
1387 1243 1554 1295 prosun-

119 1295 214 1334 dam
252 1297 544 1348 superstitiosae
592 1269 715 1346 plebis
760 1299 1059 1335 venerationem
1103 1298 1340 1336 merentium
1386 1298 1436 1336 ad
1482 1313 1555 1337 sua

121 1363 283 1402 quoque
309 1352 340 1389 si
370 1364 448 1388 non
488 1351 802 1398 sanctimoniae,
841 1351 989 1403 gloriae
1015 1358 1054 1390 et
1076 1354 1342 1390 venerationis
1370 1352 1554 1391 nonnihil

97 1412 250 1454 certe,
279 1405 523 1444 demanaret.
579 1405 694 1455 Quae
732 1412 864 1443 autem
896 1405 986 1444 illae
1012 1407 1091 1444 sint
1120 1406 1184 1445 hic
1213 1415 1455 1445 memoratae
1481 1408 1552 1446 SS.

123 1459 408 1511 Apostolorum
440 1459 578 1505 stolae,
610 1473 689 1497 non
719 1461 828 1498 novi.
889 1461 989 1510 Quis
1018 1474 1158 1499 omn&
1180 1468 1312 1500 teneat
1339 1461 1553 1514 reliquias,

121 1528 227 1566 quae
255 1514 354 1554 CPli
372 1544 383 1561 ‚
413 1514 521 1553 haud
556 1515 687 1553 minus
716 1514 831 1553 uberi
859 1529 998 1553 earum
1026 1515 1112 1554 solo
1131 1544 1142 1565 ,
1172 1530 1293 1568 quain
1327 1516 1556 1556 Romanum

122 1570 225 1617 fuit,
261 1584 387 1622 aeque
414 1571 571 1621 copiose
608 1576 728 1622 atque
759 1570 868 1620 fungi
897 1568 1051 1619 solent,
1079 1574 1391 1609 succreverunt?

301 1623 486 1679 8.[643‚
507 1623 815 1677 4.]Βασί).ειος
834 1631 909 1663 etc.
967 1625 1020 1663 V.
1042 1625 1212 1664 Cedren.
1232 1640 1275 1678 p.
1297 1625 1392 1666 608.
1414 1626 1553 1666 D.ult.

123 1678 237 1732 Sci-ip
239 1653 279 1717 t..
300 1687 390 1733 post
416 1680 601 1732 Theoph.
633 1694 671 1732 p.
692 1679 789 1727 234.

211 1694 366 1774 pB.1o.
398 1734 515 1788 [643‚
537 1733 593 1787 6.]
624 1729 853 1784 Σαγαρινὸς
883 1749 905 1784 η
938 1747 1276 1782 πιευμονουσιος.
1345 1735 1468 1775 Forte
1502 1737 1559 1775 sic

125 1788 257 1828 dictus
282 1797 341 1828 est
371 1804 394 1827 a
427 1790 576 1836 colore,
607 1788 805 1841 pulmonis
833 1787 1007 1826 colorem
1034 1790 1228 1829 imitante.
1282 1789 1472 1844 Sagarias
1488 1799 1560 1831 aut

124 1843 342 1895 Sagra-inus
368 1844 496 1882 dictus
525 1852 582 1882 est
609 1844 661 1882 ab
689 1844 790 1882 ulbe
818 1844 1027 1882 Bitia-niae
1046 1844 1202 1896 Sagara
1238 1844 1304 1883 vel
1337 1846 1557 1899 Sangarm,

128 1897 178 1935 de
197 1913 302 1960 qua
309 1899 401 1938 dico
429 1899 479 1937 ad
510 1914 549 1951 p.
573 1897 668 1952 417.
693 1900 743 1937 D.
768 1913 800 1941 ι,
858 1888 1111 1963 *[Constaut.
1141 1900 1226 1937 Vit.
1251 1900 1368 1939 Basil.
1399 1915 1447 1967 p.
1464 1915 1555 1940 201.

127 1951 174 1990 C.
192 1966 248 2006 9.:
283 1948 304 1990 ὃ
334 1949 548 2003 λεγόμενος
565 1950 771 2004 Σαγάοιος
800 1953 933 2002 λίθος,
965 1949 1012 2000 ὃς
1039 1954 1096 1991 τῶ
1123 1951 1238 2007 nauci
1267 1969 1391 1994 τινων
1421 1954 1561 2009 ὀστρί-

126 2020 178 2061 τῃ
206 2007 445 2061 καλουμένῳ
473 2005 576 2063 λίθῳ
606 2006 859 2073 καθέστηκεν
884 2005 1080 2059 ἐμφεοής.
1084 2007 1122 2062 ]*

237 2062 280 2099 Β.
311 2076 370 2100 ιι.
380 2047 520 2125 [645,
541 2047 602 2115 6.]
634 2062 758 2102 Λέων
800 2059 822 2100 ὃ
867 2060 1069 2113 (ἰοίόημος
1110 2058 1190 2101 miv
1230 2063 1287 2116 τῷ
1322 2059 1403 2117 υἱῷ
1437 2064 1563 2103 Κωι-

129 2115 327 2170 σταντίνῳ
357 2111 532 2166 ὕστερον
558 2113 866 2168 τελευτήσαντι.
923 2116 1111 2170 *[Posset
1141 2132 1186 2156 ex
1215 2103 1400 2158 hocloco
1421 2118 1564 2172 aliquis

129 2184 242 2208 conc.
231 2155 396 2215 ‘udere,
429 2185 509 2210 non
539 2173 591 2210 ab
621 2174 706 2224 ipso
735 2172 994 2211 Constantino
1020 2172 1117 2211 haec
1144 2172 1350 2224 profecta,
1379 2174 1447 2212 sed

129 2225 286 2263 obitum
315 2227 398 2264 eius
439 2226 491 2264 ab
525 2227 603 2265 alia
643 2241 762 2264 manu
804 2227 938 2265 addita
977 2241 1070 2266 esse.
1138 2228 1274 2277 Quum
1312 2243 1406 2267 vero
1433 2229 1565 2282 Impe-

128 2286 337 2328 rator,um
371 2283 439 2332 qui
469 2289 558 2333 post
586 2283 715 2333 ipsum
743 2288 987 2333 regnarunt,
1031 2281 1141 2320 nulla
1170 2284 1319 2322 mentio
1347 2291 1563 2336 appan-,eat

93 2369 102 2377 ,
130 2335 256 2387 magis
285 2334 448 2374 inclinat
475 2350 656 2383 animus,
684 2343 729 2374 ut
757 2336 942 2384 credam,
984 2336 1287 2375 Constantinum
1319 2338 1566 2378 voluntatem

131 2403 178 2428 ac
206 2389 444 2428 desiderium
473 2391 524 2428 ad
552 2365 676 2442 patris
701 2390 805 2429 latus
833 2391 1046 2443 aliquando
1075 2392 1303 2445 quiescendi
1332 2392 1394 2432 his
1433 2394 1566 2434 verbis

132 2444 383 2496 significasse.
441 2445 651 2483 Praeterea
680 2453 832 2484 ceitum
860 2453 944 2493 est,
976 2447 1107 2498 ipsum
1135 2446 1297 2494 eodem,
1328 2462 1409 2501 quo
1437 2456 1566 2512 pater,

132 2499 288 2560 tuinulo
317 2499 521 2538 conditum
548 2500 943 2539 fuisse.Ced1·enus
973 2515 1010 2553 p.
1031 2500 1152 2551 64ι.;
1191 2498 1395 2541 θάπτεται
1421 2500 1567 2542 θανών

131 2565 216 2590 ηυν
242 2553 297 2591 τῶ
335 2552 468 2607 οἰκείῳ
499 2553 651 2602 πατρί,
708 2555 842 2607 sepult
837 2570 877 2592 ’.ιε’
913 2564 968 2593 est
996 2565 1109 2594 iuxta
1132 2565 1287 2620 patrem
1308 2572 1434 2596 sumn.
1490 2558 1566 2612 Sy.-

138 2619 252 2644 meon
264 2592 387 2670 “,Mag
419 2610 459 2646 in
490 2609 749 2646 Constantino
779 2623 818 2672 p.
834 2608 955 2662 49(3.:
987 2624 1055 2648 και
1086 2607 1292 2650 θάπτεται
1326 2611 1371 2651 ὲν
1397 2611 1455 2667 τῶ
1482 2613 1570 2675 uugi

139 2673 223 2698 των
252 2656 379 2712 ἁγίων
419 2660 678 2702 Ἀποστόλων
706 2660 810 2712 μετὰ
842 2664 1023 2710 Λέοντος
1064 2665 1267 2713 βασιλέως
1305 2666 1380 2706 τοῦ
1413 2651 1570 2719 πατρὸς

140 2711 198 2755 αὖ
201 2714 274 2755 τοῦ
290 2745 301 2764 ,
351 2718 536 2771 sepelitur
569 2732 611 2757 m
639 2718 784 2772 templo
810 2718 884 2758 SS-
917 2719 1192 2773 Apostolorum
1229 2734 1317 2761 cum
1350 2731 1468 2776 pacm
1505 2736 1571 2763 suo
