1826 3126
282 149 354 215 34
563 165 636 207 10.
669 163 772 206 1Ac.
812 164 1007 204 amsxu
1040 162 1417 206 COMMENTARu

281 285 346 309 ma
375 268 481 323 apud
507 268 705 307 Murator.
733 267 787 306 T.
819 267 876 305 ΙΙ.
904 266 1107 320 Antiquit.
1139 266 1233 306 Ital.
1266 265 1440 321 p.833.,
1464 266 1535 306 ubi
1565 270 1722 324 egregia

251 340 254 342 ·
280 326 330 364 de
355 325 416 363 his
450 323 554 363 ludis
581 323 731 372 tradit,
772 329 812 361 et
838 321 970 360 locum
1002 322 1220 375 Augustini
1247 336 1408 376 quoque
1434 322 1594 363 exhibet
1610 354 1622 374 ‚
1651 325 1721 378 qui

281 379 518 419 illustrando
560 378 810 431 Procopiano
854 378 1034 431 superius
1071 377 1193 416 allato
1227 379 1384 431 egregie
1424 377 1534 418 sacit.
1593 381 1721 434 Quum

280 436 390 490 apud
406 436 638 472 Caesaream
655 434 946 482 Mauritaniae,
985 434 1040 471 ait
1055 463 1066 484 ‚
1096 433 1244 488 populo
1259 433 1525 472 dissuaderem
1545 448 1723 489 pugnam

279 491 433 528 civilem
449 519 461 539 ,
500 490 567 528 vel
584 490 715 544 potius
735 490 826 544 plus
853 503 971 544 quam
994 489 1148 527 civilem
1162 518 1175 538 ,
1208 502 1327 544 quam
1341 486 1345 489 ”
1361 488 1573 528 Catervam
1602 505 1723 530 voca-

279 546 392 594 bant,
443 560 564 600 neque
598 546 701 583 enim
734 546 839 583 cives
875 544 1137 583 tantummodo
1150 573 1162 593 ,
1215 544 1287 583 sed
1323 546 1443 584 etiam
1480 546 1722 602 propinqui,

261 602 421 652 fratres
437 630 449 649 ,
481 609 677 654 postremo
703 609 888 655 parentes
920 613 968 638 ac
983 599 1080 655 filii
1112 599 1310 654 lapidibus
1342 601 1446 639 inter
1474 615 1516 639 se
1547 602 1590 640 in

273 666 408 710 parles
438 656 561 694 divisi
587 671 664 710 per
694 657 844 711 aliquot
872 655 956 694 dies
989 656 1188 694 continuos
1220 664 1323 694 certo
1351 657 1452 695 anni
1474 664 1645 710 tempore
1669 671 1725 695 so-

277 713 458 750 lemniter
487 711 740 750 dimicabant.
799 710 986 764 Appellat
1019 710 1086 749 hic
1116 709 1367 764 Augustinus
1387 718 1518 765 partes
1546 710 1635 750 illas
1657 726 1727 765 pu-

278 774 444 820 gnantes
472 776 665 805 caremus.
724 767 834 815 Quid
863 766 940 805 hoc
969 765 1079 804 aliud
1095 796 1107 817 ,
1151 780 1273 819 quam
1302 762 1462 819 δήμους
1494 765 1726 820 appellare?

100 827 163 862 Ed.
175 823 441 862 L.11Graecis
478 830 535 861 est
572 821 703 873 δῆμος
745 819 928 874 domam
961 821 1132 874 populus
1169 821 1330 873 avium,
1373 828 1535 862 caterva
1570 823 1723 862 avium.

281 877 539 917 Conveniunt
554 877 681 915 Italici
698 892 827 920 mores
843 891 935 915 cum
949 877 1111 915 Graecis
1128 877 1166 915 in
1180 877 1312 916 studio
1323 877 1499 931 partium
1514 884 1555 917 et
1566 890 1724 917 exacer-

279 933 440 972 batione
475 934 700 971 animorum
730 933 850 971 unius
882 932 1005 986 partis
1039 945 1133 986 erga
1170 932 1367 984 alteram3
1412 933 1454 972 in
1481 947 1623 988 genere
1648 947 1725 987 pu—

281 1003 381 1042 gnae
405 987 658 1027 differebant.
719 988 842 1042 Apud
865 987 986 1027 Italos
1015 994 1123 1026 totae
1142 1002 1267 1041 paene
1293 988 1489 1042 civitates,
1519 989 1632 1042 pueri
1664 1003 1725 1028 se-

281 1058 446 1097 nesque,
481 1043 859 1095 committebantur,
890 1051 929 1082 ct
945 1043 1140 1096 rudibus,
1173 1057 1242 1082 seu
1270 1043 1449 1097 baculis,
1477 1043 1529 1083 ad
1556 1044 1726 1098 speciem

281 1098 451 1149 ludicri,
482 1100 550 1138 sed
572 1114 686 1153 saepe
713 1113 795 1138 non
817 1100 902 1138 sine
920 1099 1131 1152 caedibus,
1159 1099 1408 1153 pugnabant.
1466 1099 1588 1153 Apud
1609 1101 1727 1139 Grae-

281 1169 348 1193 cos
368 1154 573 1193 certabant
591 1155 702 1208 equis
729 1155 975 1207 potissimum
1000 1155 1228 1193 commissae
1244 1155 1460 1208 quadrigae
1474 1185 1485 1205 ‚
1525 1155 1727 1194 interdum

282 1224 442 1263 quoque
475 1224 594 1248 cursu
632 1210 803 1262 pedestri
843 1224 1022 1249 cursores
1061 1211 1204 1264 cuique
1233 1211 1342 1264 gregi
1370 1210 1548 1264 proprii;
1587 1225 1727 1264 grega—

282 1263 388 1303 libus
432 1265 595 1318 reliquis
629 1265 899 1318 spectantibus
931 1280 952 1304 e
985 1265 1174 1318 gradibus
1207 1266 1326 1316 circi,
1365 1272 1404 1304 et
1443 1266 1726 1316 hortantibus,

281 1319 566 1373 plaudentibus
582 1350 594 1370 ‚
634 1320 805 1359 clamore
838 1322 978 1360 insano
1009 1321 1186 1359 favorem
1213 1328 1285 1359 aut
1305 1321 1587 1360 contumeliam
1611 1321 1727 1374 signi·

283 1375 520 1427 ficantibus,
564 1376 658 1415 item
685 1376 870 1429 precibus
900 1390 946 1415 ea
973 1374 1026 1414 ab
1054 1377 1298 1430 Imperatore
1315 1406 1326 1428 ‚
1363 1391 1467 1430 quae
1492 1376 1567 1415 sibi
1590 1376 1726 1416 indul—

284 1431 366 1483 geri
406 1438 595 1484 cuperent
610 1461 621 1482 ‚
667 1431 937 1484 flagitantibus
952 1462 962 1482 ,
1010 1445 1181 1485 eumque
1221 1439 1292 1471 aut
1324 1431 1581 1471 laudantibus
1596 1461 1608 1482 ‚
1658 1438 1729 1471 aut

285 1484 437 1524 acerbis
468 1501 582 1540 saepe
608 1487 791 1526 convitiis
817 1487 1068 1540 impudenter
1095 1486 1455 1540 proscindentibus.
1512 1487 1636 1541 Apud
1655 1488 1729 1527 Ita·
1771 1520 1775 1524 .

286 1540 346 1579 los
375 1555 534 1594 quoque
562 1542 681 1581 credo
720 1549 851 1595 partes
877 1557 947 1582 seu
987 1549 1166 1581 catervas
1191 1542 1348 1582 diverso
1377 1557 1460 1582 sese
1491 1543 1638 1582 vestitu
1664 1542 1727 1582 di—

286 1597 493 1646 stinxisse,
530 1597 650 1650 idque
678 1597 913 1651 intelligitur
940 1612 961 1637 e
986 1597 1204 1637 Rolandini
1235 1598 1419 1647 Patavini
1449 1598 1649 1638 Chronico
1677 1599 1727 1637 L.

286 1651 322 1689 Ι.
354 1666 390 1690 c.
427 1667 489 1691 10.
522 1653 631 1706 quod
663 1653 800 1692 ludum
820 1655 1008 1705 sactum,
1054 1654 1110 1692 ait
1128 1683 1139 1705 ,
1191 1654 1233 1692 in
1261 1662 1382 1709 prato
1413 1654 1563 1703 vallis,
1611 1652 1730 1708 [alias

280 1716 400 1759 prato
435 1707 657 1746 Communis
694 1708 801 1747 dicto
818 1708 864 1762 ‚]
900 1718 938 1747 et
969 1724 1101 1748 omnes
1131 1717 1330 1748 contr-atae
1366 1707 1548 1763 [δῆμοι,
1600 1715 1728 1747 cater-

286 1761 380 1815 vae]
418 1763 467 1800 de
499 1764 648 1802 Padua
661 1793 673 1812 ,
722 1766 898 1816 singulae
932 1765 1118 1803 videlicet
1149 1764 1208 1802 ad
1244 1778 1362 1803 unum
1385 1771 1424 1802 et
1448 1764 1553 1803 idem
1577 1765 1729 1817 signum

284 1819 595 1871 vestimentorum
633 1818 678 1872 [a
696 1831 776 1858 una
802 1827 923 1858 stessa
941 1819 1067 1859 divisa
1094 1819 1253 1872 exponit
1282 1820 1530 1858 Muratorius
1546 1848 1558 1870 ‚
1596 1819 1637 1858 id
1672 1827 1731 1859 est

286 1884 368 1910 una
401 1881 560 1917 caterva
595 1873 711 1926 alba,
748 1874 825 1913 alia
859 1874 983 1914 rubra
1002 1904 1014 1926 ‚
1051 1874 1128 1913 alia
1158 1875 1316 1928 prasina
1332 1903 1344 1924 ‚
1381 1874 1459 1913 alia
1491 1873 1656 1928 veneta]
1690 1889 1731 1914 se

285 1929 399 1966 novis
424 1929 588 1968 vestibus
623 1931 876 1970 innovarunt.
933 1930 991 1969 Et
1011 1939 1099 1969 tunc
1119 1931 1161 1968 in
1181 1930 1387 1984 praedicto
1414 1931 1498 1969 loco
1523 1930 1573 1969 de
1592 1938 1726 1984 prat03

285 1983 468 2022 dominae
496 1999 582 2023 eum
615 1985 800 2024 militibus
813 2015 826 2034 ‚
859 1985 920 2040 [id
938 1992 995 2024 est
1012 1992 1218 2024 matronae
1247 1985 1391 2024 summi
1410 1985 1486 2024 loci
1505 1999 1598 2024 cum
1615 1986 1729 2038 equi-

286 2037 415 2091 tibus]
452 2054 537 2078 cum
565 2041 755 2079 nobilibus
777 2041 1012 2095 populares,
1048 2055 1155 2080 senes
1187 2055 1272 2079 cum
1301 2041 1536 2090 iunioribus,
1574 2042 1618 2079 in
1641 2055 1730 2080 ma·-

285 2094 373 2144 gnis
403 2095 552 2133 solatiis
593 2095 655 2150 [id
696 2102 754 2134 est
782 2095 956 2150 gaudiis]
990 2097 1194 2135 existentes
1222 2097 1263 2134 in
1289 2097 1401 2148 ¹festo
1419 2097 1665 2135 Pentecostes
1694 2104 1735 2135 εἰ

287 2156 377 2186 ante
397 2158 435 2187 et
455 2160 545 2204 post
562 2165 640 2205 per
657 2151 791 2205 plures
819 2151 902 2190 dies
928 2161 1125 2190 cantantes
1146 2160 1185 2190 et
1203 2152 1414 2206 psallentes
1437 2159 1588 2190 tantam
1612 2159 1731 2190 osten-

287 2202 432 2242 debant
462 2206 668 2244 laetitiam.
724 2205 893 2245 Obtinet
920 2206 986 2245 ille
1015 2221 1100 2246 mos
1130 2207 1170 2245 in
1202 2214 1316 2259 prata
1343 2206 1626 2246 Communium
1642 2213 1733 2260 post

287 2257 433 2297 festum
463 2260 715 2300 Pentecostes
746 2261 1036 2312 conveniendi,
1073 2269 1114 2301 et
1143 2261 1325 2301 saltando
1339 2292 1350 2313 ‚
1384 2262 1585 2316 potando,
1619 2262 1731 2300 iacu-

289 2310 418 2352 landis
461 2317 610 2369 sagittis
626 2346 637 2367 ‚
673 2316 927 2370 explodendis
964 2317 1146 2370 sclopetis
1186 2331 1269 2356 sese
1297 2317 1507 2356 exercendi
1524 2347 1537 2370 ‚
1585 2317 1731 2356 nostris

288 2365 330 2404 in
362 2369 528 2409 urbibus
559 2380 598 2411 et
626 2373 750 2438 pagis.
807 2372 942 2411 Simile
967 2373 1064 2425 quid
1091 2373 1261 2412 catervis
1287 2373 1350 2412 his
1371 2373 1466 2412 olim
1493 2379 1608 2411 erant
1624 2371 1732 2425 apud

290 2419 556 2465 Athenienses
603 2442 641 2467 οι
683 2426 850 2482 ἔφηβοι,
909 2428 1013 2466 Nam
1045 2435 1092 2466 ut
1135 2436 1318 2467 catervae
1356 2427 1433 2467 hae
1466 2429 1508 2466 in
1543 2427 1732 2466 omnibus

288 2483 475 2527 πομπαῖς
489 2511 500 2529 ,
537 2483 853 2534 processionibus
887 2483 1129 2522 solemnibus
1147 2514 1159 2534 ‚
1195 2499 1287 2522 cum
1306 2484 1426 2523 sacris
1443 2483 1494 2522 ad
1523 2481 1730 2534 ecclesias,

288 2537 376 2569 tum
418 2535 591 2585 profanis
627 2539 666 2577 in
704 2539 852 2578 circum
869 2569 881 2589 ,
918 2539 1051 2577 adesse
1089 2538 1315 2590 debebant,
1353 2546 1393 2578 et
1436 2538 1732 2592 quodammodo

288 2589 539 2628 securitatem
568 2602 768 2644 praestare
794 2594 1098 2648 procedentibus
1126 2594 1318 2634 adversus
1346 2594 1620 2634 concurrentis
1645 2593 1730 2646 ple-

287 2639 453 2682 beculae
483 2646 567 2684 vim
601 2655 639 2686 et
670 2650 948 2701 insolentiam3
982 2664 1077 2689 nam
1109 2651 1228 2689 scutis
1258 2657 1434 2689 armatae
1462 2655 1578 2688 erant
1601 2654 1640 2686 et
1656 2648 1730 2687 ha-

286 2697 355 2736 stis
371 2728 382 2747 ,
419 2706 465 2738 ut
492 2715 536 2739 ex
567 2703 801 2757 Luitprandi
833 2705 990 2759 capitali
1020 2705 1108 2744 loco
1143 2712 1329 2756 constat3
1365 2705 1480 2744 cuius
1509 2703 1608 2742 haec
1638 2709 1733 2742 sunt

286 2752 439 2793 verba:
478 2755 771 2809 Negotiatorum
799 2761 1002 2801 multitudo
1034 2762 1191 2815 copiosa
1215 2761 1516 2815 ignobiliumque
1538 2772 1729 2814 persona-
