1832 3126
162 206 238 250 An
277 199 575 249 CONSTANT.
612 202 810 248 ponpa.
846 203 917 244 m:
958 200 1138 244 cmm.
1178 201 1276 242 Lm.
1318 201 1352 241 1.
1404 176 1507 253 175

70 309 315 349 Franoerum
338 316 534 363 paratura
564 307 772 362 [ornatus‚
799 303 972 358 σχῆμα]
1001 312 1086 344 erat
1111 311 1263 351 eonem,
1294 302 1345 342 de
1369 300 1511 341 arbore

71 366 179 404 malo
207 365 322 403 nodis
350 365 516 418 paribus
551 362 820 410 admirabilis,
870 361 1020 412 rigidas
1055 369 1093 399 ec
1128 359 1314 398 terribilis
1350 358 1508 410 cuspide

39 418 42 421 ’
73 420 255 458 manuali
289 419 393 473 [hoe
417 425 477 456 est
503 418 656 469 securi,
699 416 795 455 alias
818 415 1019 454 dextrario
1051 413 1182 467 dicto]
1233 428 1288 453 ex
1317 427 1415 452 auro
1442 412 1511 451 vel

72 482 232 527 argento
261 488 345 512 cum
372 474 579 512 caelatur-11⁹
603 472 816 524 insignibus
834 470 1023 525 praefixo
1036 499 1048 519 ,
1133 469 1311 508 rtahatur
1334 467 1377 508 in
1403 468 1507 507 dex-

72 537 152 568 tra.
209 528 332 568 Unde
358 534 490 581 patet,
535 526 605 566 illo
635 529 715 564 iam
745 539 845 565 aevo
870 539 1023 564 morem
1050 483 1268 563 obtinuisse
1287 553 1298 573 ‚
1338 523 1513 562 laminas⁴

72 583 298 637 gladiorum
325 595 424 621 auro
449 589 488 621 et
516 588 705 634 argento,
734 580 1142 633 inscriptionibusque
1162 586 1201 618 et
1231 579 1366 632 figuris
1396 577 1508 617 solio·

72 653 188 688 rum,
219 636 451 677 animalium
467 665 481 688 ,
509 644 579 675 aut
602 636 817 689 insignium
847 635 1135 689 gentilitiorum
1158 634 1344 673 ornandi.
1405 634 1508 673 Con-

71 702 131 732 eos
155 693 234 732 hoc
251 706 375 747 genus
401 691 575 745 appellat
589 691 741 730 Paulus
766 690 1017 731 warnefrid.
1047 691 1098 729 R.
1125 689 1306 742 Longob.
1338 689 1393 728 V.
1423 702 1505 728 10.:

76 747 187 787 Unus
203 747 254 787 de
279 748 454 787 exercitu
478 747 603 799 regis,
631 748 703 802 qui
723 747 870 800 regium
889 755 1042 786 contum
1054 746 1174 798 βΙὶίϊε
1191 745 1358 793 solebat,
1390 759 1508 783 unum

25 832 29 836 -
74 803 309 842 Graeculum
345 802 480 842 eodem
514 811 623 841 conto
652 803 819 857 utrisque
859 802 1036 841 manibus
1062 802 1233 854 fortiter·
1261 800 1504 854 percutiens,

69 857 121 897 de
147 857 268 907 sella,
308 871 426 912 super
476 871 566 896 uam
593 858 811 912 equitabat,
859 858 1029 906 sustulit,
1066 869 1224 911 memque
1250 868 1368 909 super
1391 863 1511 909 caput

69 926 179 952 snum
205 912 366 952 levavit.
426 872 639 951 l-Yabehant
665 912 798 952 medio
829 925 929 951 aevo
959 910 1233 966 spathobaclia
1261 923 1422 963 quoque
1454 908 1508 948 ab

70 981 154 1006 una
177 973 335 1006 tantum
362 974 476 1022 parte
500 974 632 1007 acuta.
689 968 873 1018 Quarum
905 966 1151 1020 praeclaram
1183 965 1395 1019 imaginem
1422 965 1507 1004 vidi

70 1023 114 1061 in
140 1023 278 1063 codice
302 1023 478 1076 quodam
507 1024 779 1076 manuscripto
806 1023 1109 1062 membranaceo
1142 1020 1407 1060 bibliothecae
1434 1020 1506 1059 Se-

69 1079 248 1117 natoriae
281 1078 497 1131 Lipsiensis
512 1108 523 1126 ‚
562 1079 729 1132 picturis
757 1077 1058 1132 elegantissimis
1086 1077 1284 1116 illustrato
1305 1077 1506 1115 continen-

69 1139 112 1171 te
141 1132 324 1186 gallicam
349 1133 715 1186 interpretationem
744 1133 895 1172 Valerii
925 1134 1116 1184 Maximi,
1146 1133 1292 1170 factam
1320 1132 1395 1170 sub
1426 1131 1505 1170 Ca-

71 1187 160 1227 rolo
182 1188 236 1227 V.
266 1189 374 1242 Rege
398 1187 621 1227 Galliarum
644 1196 845 1228 exaratam
877 1189 932 1228 A.
967 1188 1083 1240 1420.
1144 1187 1260 1226 Talia
1288 1185 1506 1240 spathoba-

71 1242 150 1281 clia
178 1243 366 1282 videntur
384 1244 483 1282 mihi
504 1243 625 1283 fuisse
651 1244 743 1284 illae
773 1244 911 1283 hastae
926 1275 937 1293 ,
977 1257 1077 1297 quas
1099 1242 1389 1293 Flandrenses‚
1433 1243 1505 1295 qui

69 1297 119 1336 iis
151 1299 365 1352 praecipue
390 1299 608 1337 utebantur
621 1329 633 1350 ‚
679 1300 903 1351 Gotendac‚
948 1299 988 1338 id
1027 1305 1087 1338 est
1129 1298 1247 1338 bonus
1280 1298 1364 1336 dies
1377 1327 1390 1346 ‚
1430 1297 1507 1336 bon

57 1354 160 1404 jour
175 1382 188 1404 ,
235 1352 491 1407 appellabant
506 1383 518 1405 ,
565 1354 688 1393 ferme
723 1362 770 1393 ut
804 1368 878 1393 nos
910 1353 1032 1393 hodie
1066 1367 1238 1392 nervum
1271 1354 1476 1392 taurinum
1491 1382 1504 1403 ,

70 1421 154 1460 quo
183 1408 400 1461 castigandi
439 1408 618 1448 scelerati
658 1409 907 1463 excipiuntur
939 1411 982 1448 in
1026 1408 1191 1447 aedibus
1230 1409 1502 1455 correctoriis,

69 1464 147 1501 den
180 1461 248 1501 W
244 1464 466 1502 illlrommen
494 1463 754 1516 appellamus.
814 1464 908 1503 Illas
928 1463 1188 1503 Godendacas
1204 1463 1392 1502 describit
1406 1476 1508 1516 poe-

71 1523 113 1556 ta
141 1516 360 1556 Francicus
384 1517 491 1570 apud
515 1520 582 1556 Du
610 1519 745 1572 Cange
770 1519 813 1557 h.
846 1532 889 1558 v.

126 1570 197 1623 44.
214 1571 267 1610 Α.
284 1586 326 1625 9.
345 1571 436 1626 [73‚
461 1571 519 1626 1.]
547 1569 599 1612 τὰ
629 1572 866 1626 ὁιστράλια.
919 1572 1154 1612 Dextralia.
1213 1572 1273 1611 Ita
1306 1571 1511 1612 vocabant.

71 1628 160 1665 aevi
186 1627 306 1665 medii
342 1626 523 1666 homines
550 1641 733 1678 secures,
777 1627 874 1667 alias
899 1627 1186 1677 μονοπελέκεις
1212 1627 1277 1667 vel
1313 1623 1507 1678 ἑτεροπε-

71 1679 202 1728 λὲκεις
238 1682 364 1720 dictas
379 1710 391 1733 ‚
431 1696 534 1735 >quas
563 1684 789 1736 principum
820 1689 1064 1736 protectores
1103 1682 1249 1721 dextris
1280 1683 1507 1736 gestabant.

71 1734 126 1774 V.
151 1736 220 1774 Du
246 1737 381 1790 Gange
406 1737 537 1777 Gloss.
566 1739 638 1776 Gr.
667 1751 709 1776 v.
732 1737 936 1790 Διστριά,
964 1744 1004 1777 et
1031 1737 1164 1776 Latin.
1198 1751 1238 1777 v.
1266 1737 1478 1777 Dextralis
1490 1765 1507 1788 ,«

70 1796 112 1829 et
134 1790 239 1829 infra
259 1792 310 1830 ad
334 1806 376 1844 p.
401 1793 495 1831 533.
520 1792 573 1831 A.
601 1807 664 1832 12.
680 1791 879 1859 pluribus.

30 1879 32 1881 .
181 1845 228 1884 B.
252 1861 292 1900 7.
315 1846 405 1901 [73,
433 1846 514 1902 ια]
543 1843 624 1887 ὑπὸ
654 1862 701 1888 το
729 1842 994 1899 καμελαύκιν.
1049 1846 1216 1900 Explico
1241 1846 1350 1887 hunc
1370 1846 1503 1887 locum

71 1899 124 1938 ad
145 1913 188 1953 p.
215 1901 308 1941 351.
337 1903 385 1941 B.
419 1903 481 1942 13.

179 1955 227 1993 B.
244 1955 286 1995 8.
309 1955 399 2011 [73‚
425 1970 438 1996 1
452 1955 510 2011 1.]
538 1957 584 1997 ἐν
610 1956 668 2011 τῷ
699 1956 988 2012 κονσιστωρίῳ.
1043 1956 1095 1995 In
1121 1957 1359 1996 'Consistorio
1374 1986 1386 2007 ,
1431 1971 1505 1997 nos

73 2009 294 2050 diceremus
321 2013 363 2050 in
388 2025 565 2067 corpore.
623 2013 713 2051 Vox
748 2012 814 2051 hic
841 2012 917 2051 loci
946 2026 1027 2051 non
1043 2042 1054 2060 ‚
1102 2019 1148 2050 ut
1175 2012 1272 2050 alias
1287 2042 1299 2062 ‚
1339 2011 1470 2050 locum
1490 2043 1501 2061 ‚

57 2064 143 2102 -sed
159 2071 287 2103 totum
309 2066 518 2121 collegium
541 2074 769 2107 senatorum
788 2068 830 2105 in
850 2081 931 2106 uno
954 2067 1041 2106 loco
1060 2068 1357 2106 consistentium
1374 2074 1505 2108 notat.

181 2119 229 2159 C.
253 2133 289 2160 1.
312 2120 401 2175 [73‚
425 2121 509 2176 16.]
545 2119 735 2163 καπτάτε.
789 2123 848 2161 Μ.
872 2119 1078 2172 καπλάτε,
1116 2136 1198 2160 non
1227 2129 1384 2160 tantum
1419 2122 1503 2175 hic,

72 2173 142 2212 sed
173 2176 293 2213 etiam
319 2177 502 2230 deinceps
528 2184 778 2228 constanter3
807 2178 917 2231 quod
930 2207 941 2228 ,
970 2191 1096 2230 quum
1120 2178 1274 2231 saepius
1298 2191 1505 2218 recurrere

71 2227 124 2266 ab
152 2227 317 2268 Editore
345 2231 728 2272 animadverteretur
745 2263 758 2284 ‚
789 2233 1008 2272 exhibitum
1039 2233 1115 2271 suit
1140 2234 1183 2271 in
1216 2234 1504 2285 posterioribus

73 2282 226 2322 abiecta
254 2287 552 2338 emendatione,
595 2302 698 2341 quae
730 2290 859 2341 prima
890 2289 1020 2327 fronte
1048 2288 1266 2341 probabilis
1288 2288 1472 2327 videatur
1488 2318 1502 2339 ,

73 2343 114 2401 et
139 2341 270 2378 sensui
295 2341 472 2393 profecto
498 2343 667 2394 quadrat
693 2345 856 2397 optime.
916 2344 1075 2382 Dicitur
1096 2356 1239 2396 nempe
1264 2343 1503 2382 cerimonia-

72 2404 156 2431 nus
184 2395 417 2447 Imperatori
455 2410 527 2449 per
556 2398 701 2450 gradus
732 2398 986 2438 descendenti
1021 2398 1200 2437 dextram
1234 2412 1371 2450 suam,
1419 2413 1501 2438 non

73 2447 221 2510 npdam
236 2478 248 2499 ‚
270 2450 378 2503 quod
398 2462 480 2490 non
506 2450 622 2492 liceat
646 2453 796 2507 absque
830 2453 1044 2492 maiestatis
1069 2453 1307 2503 violatione,
1336 2453 1405 2492 sed
1432 2461 1500 2493 tu-

73 2511 161 2542 mea
193 2504 426 2545 obvolutam
469 2509 695 2561 porrigere,
734 2516 781 2548 ut
816 2523 903 2547 eam
941 2507 1256 2561 apprehenderet
1285 2508 1471 2549 dominus
1485 2539 1499 2560 ,

73 2566 247 2619 qumque·
266 2561 321 2599 sic
346 2575 419 2614 per
434 2561 580 2600 scalam
600 2578 721 2602 manu
739 2563 935 2602 deducere
955 2593 965 2611 ‚
997 2564 1165 2603 dicendo
1187 2559 1294 2603 κατὰ
1317 2559 1499 2617 βάθρον,

75 2612 234 2663 slngnlis
262 2615 303 2652 in
329 2617 516 2669 gradibus
530 2632 542 2656 ε
582 2619 744 2674 Captate
772 2619 963 2669 Domini,
992 2618 1034 2656 id
1058 2626 1115 2658 est
1131 2649 1142 2668 ‚
1172 2618 1338 2658 firmiter
1363 2633 1499 2672 appre-

74 2662 235 2706 hendite
270 2683 433 2710 manum
465 2685 594 2711 meam
610 2702 621 2723 ‚
657 2681 892 2725 teneteque‚
923 2687 974 2711 ne
1003 2673 1178 2724 cadatis,
1214 2681 1284 2725 aut
1306 2688 1388 2713 uno
1405 2688 1498 2728 gra-

77 2717 131 2779 du
152 2719 352 2764 aberretis.
411 2726 464 2765 V.
493 2741 534 2780 p.
562 2727 629 2768 8³3.
658 2729 705 2767 C.
764 2728 1006 2766 Taediosum
1033 2743 1127 2767 sane
1154 2727 1352 2772 officium.
1381 2730 1413 2768 si
1445 2729 1496 2768 ad

76 2773 248 2826 smgulos
263 2781 408 2830 gradus
423 2782 608 2824 iteratum
629 2783 728 2834 fuit,
756 2783 863 2835 quod
889 2782 955 2821 hic
981 2784 1228 2837 perhibetur.
1284 2776 1363 2824 Sed
1383 2791 1498 2824 erant
