1884 3132
295 145 408 201 226
565 159 639 202 10.
679 158 785 202 iAc.
821 159 1017 218 nnsKu
1044 157 1426 204 COMMENTARn

296 266 373 307 bus
411 265 646 318 Principum
689 265 844 305 Iberiae
862 295 872 314 ,
925 264 1126 318 Abasgiae
1162 271 1239 305 etc.
1278 264 1550 318 implicantur.
1609 264 1741 305 Maius

296 323 422 361 otium
449 329 489 359 et
513 322 706 359 maiorem
745 335 883 359 curam
921 319 1073 374 flagitat
1112 321 1210 360 haec
1245 322 1469 374 inquisitio.
1527 320 1740 360 Caeterum

277 419 279 421 ,
295 376 455 430 regulos
483 375 573 414 illos
593 383 796 415 tractuum
813 375 1000 429 Scythiae
1030 376 1229 415 Asiaticae
1249 377 1300 414 ad
1318 377 1440 415 Ponti
1454 376 1604 415 Euxini
1622 376 1742 414 finem

296 434 394 470 sitae
426 431 545 470 fuisse
574 431 745 470 vasallos
774 432 1066 484 Imperatorum
1094 432 1352 470 CPtanorum
1367 460 1379 482 ‚
1418 431 1589 484 ideoque
1615 432 1742 484 magi·—

297 495 472 526 strorum
509 486 662 525 honore
699 487 929 533 decoratos,
975 501 1056 525 non
1083 501 1129 526 ex
1158 487 1236 526 hoc
1263 494 1422 526 tantum
1452 485 1542 525 loco
1561 516 1572 536 ,
1599 486 1668 526 sed
1696 499 1743 525 ex

298 542 436 581 multis
464 541 551 581 aliis
578 549 712 594 patet·
743 549 790 580 ut
818 556 862 580 ex
881 542 1017 580 Nostri
1044 557 1137 596 pag.
1162 544 1254 596 397.
1286 542 1424 595 ibique
1450 541 1581 580 allatis
1606 539 1744 580 titula-

297 599 400 638 turis
427 597 656 661 principum
686 597 970 650 Hyrcanorum
989 627 1001 648 ‚
1047 605 1086 636 et
1115 612 1159 636 ex
1190 598 1396 636 Constant.
1437 597 1487 644 de
1515 597 1743 635 administr.

297 653 493 720 imperio,
525 667 566 716 p.
594 650 684 691 1¹5.
712 653 808 691 edit.
840 653 1018 691 Bandur.
1035 666 1047 690 :
1076 650 1337 699 εισελθόντος
1365 652 1413 692 δὲ
1439 651 1512 691 τοῦ
1540 652 1749 716 Κρικορι-

297 707 390 747 κιόυ
419 707 465 747 ἑν
502 722 550 761 τῃ
590 703 867 786 θεοφυλᾰιντω
906 705 1043 757 πόλει,
1082 722 1151 746 και
1192 708 1243 762 τῇ
1281 707 1360 746 τοῦ
1396 707 1634 760 μαγίστρου
1673 704 1749 744 καί

297 763 533 827 στρατηγοῦ
566 760 717 814 Ταοων
755 757 850 818 ἀξία
868 762 1122 826 τιμηθέντος
1152 769 1248 813 etc.,
1274 764 1369 801 item
1397 776 1440 815 p.
1471 761 1562 801 ¹26.
1591 762 1676 800 E.:
1718 756 1743 798 ὅ

297 813 503 882 μακάοιος
528 813 729 867 βασιλευς
770 814 792 855 ὁ
825 814 954 880 κόρης
986 813 1212 868 εΡωμοινὸς
1249 815 1466 857 ἀπέστειλε
1495 813 1569 856 τὸν
1595 814 1747 879 πατρί-

299 886 389 913 κιον
407 870 669 911 Ka5wravm
699 893 759 903 --
786 867 980 918 δεδωκώς
1008 870 1123 911 αὐτῶ
1150 887 1217 912 και
1249 870 1414 923 ἱμάτιον
1441 868 1743 925 μαγιστράτου,

300 923 402 982 πρὸς
429 922 477 966 τὸ
509 925 682 979 ποιῆσαι
707 923 775 966 τὸν
805 926 1066 992 Κουρκένιον
1094 912 1166 966 τὸν
1183 922 1330 980 Ἴβηρα
1355 924 1592 991 μάγιστρον.

383 981 452 1021 82.
471 981 526 1021 A.
550 981 593 1033 4.
629 982 741 1037 [138,
765 981 837 1046 21]
866 977 948 1020 ὑπὸ
976 997 1050 1022 του
1078 981 1305 1034 λογοθέτου
1335 979 1619 1034 ἐοωτώμενος.
1654 979 1743 1034 Ap-

299 1046 414 1092 paret
441 1051 487 1076 ex
518 1037 594 1076 hoc
622 1037 711 1077 loco
729 1068 740 1089 ‚
771 1038 969 1090 plincipes
995 1045 1149 1077 exteros
1175 1039 1468 1091 Imperatorum
1486 1037 1746 1075 CPtanorum

300 1093 470 1133 vasallos
497 1107 567 1145 pei
582 1093 845 1146 Logothetam
874 1093 1005 1132 d10m'1
1036 1095 1118 1132 inti
1119 1093 1286 1132 oductos
1313 1093 1436 1132 fuisse
1453 1092 1504 1131 ad
1521 1092 1744 1140 dominum,

301 1156 342 1188 et
369 1148 422 1187 ab
449 1147 590 1187 eodem
615 1149 892 1201 interrogatOS.
953 1150 999 1187 In
1018 1151 1251 1187 universum
1278 1155 1363 1187 erat
1382 1147 1630 1201 Logothetae
1655 1161 1748 1186 mu—

301 1217 379 1242 nus
415 1205 455 1242 in
497 1203 710 1243 audientiis
738 1203 887 1257 legatos
915 1206 1182 1257 interrogare,
1219 1211 1259 1242 et
1293 1203 1550 1256 Imperatoris
1585 1203 1749 1241 nomine

302 1258 542 1312 respondere
564 1259 654 1307 (nisi
683 1258 748 1297 hic
775 1261 858 1312 ipse
888 1260 929 1298 id
959 1260 1087 1298 facere
1115 1258 1265 1309 vellet).
1322 1259 1440 1298 Patet
1468 1272 1513 1297 ex
1543 1258 1655 1296 Libri
1693 1258 1748 1296 Π.

303 1328 394 1367 cap.
423 1312 491 1368 47.
521 1327 612 1366 pag.
637 1314 730 1368 593.
762 1314 815 1352 A.
834 1329 870 1353 1.
897 1330 986 1368 sqq
1016 1316 1176 1367 Luitpr.
1196 1315 1300 1353 Hist.
1326 1314 1404 1352 Vl.
1434 1327 1476 1352 2.
1507 1327 1598 1366 pag.
1616 1311 1747 1367 47ο.3

303 1370 529 1424 Imperator·
541 1382 619 1407 non
643 1383 737 1408 voce
753 1384 837 1415 sua,
850 1370 919 1408 sed
933 1371 1286 1436 perLogotlzetam,
1305 1383 1390 1407 cum
1403 1369 1541 1421 legatis
1559 1370 1747 1423 loquthar

414 1425 468 1463 A.
497 1423 541 1462 6.
572 1423 686 1477 [158,
719 1423 812 1478 25]
842 1421 890 1463 τὸ
922 1420 1072 1464 τούτου
1102 1422 1330 1463 κανίσκιον.
1385 1423 1488 1462 Ezus
1515 1425 1747 1478 sportulam,

305 1479 347 1519 id
375 1486 435 1518 est
463 1478 638 1528 donum,
669 1479 779 1532 quod
807 1482 928 1519 exteri
957 1481 1156 1533 plincipes
1186 1487 1256 1518 aut
1283 1493 1423 1518 eorum
1451 1478 1570 1532 legati
1606 1480 1648 1517 in
1676 1492 1750 1518 au-

305 1535 387 1574 lam
424 1535 687 1587 Byzantinam
724 1535 927 1574 venientes
955 1535 1096 1574 afferre
1134 1534 1331 1574 solebant.
1389 1533 1480 1573 Vid.
1512 1535 1580 1573 Du
1617 1534 1751 1587 Gange

306 1589 439 1628 Gloss.
472 1589 546 1628 Gr.
578 1589 622 1628 h.
652 1603 694 1628 v.
754 1587 1062 1642 Συμπλήρωσις
1093 1590 1168 1629 τοῦ
1205 1588 1419 1629 κανισκίου
1459 1596 1545 1640 est,
1588 1589 1750 1643 quando

306 1652 437 1684 totum
463 1658 612 1683 munus
637 1644 819 1684 oblatum
847 1660 870 1684 a
898 1644 1043 1684 baiulis
1081 1659 1217 1684 coram
1246 1645 1492 1698 Imperatore
1519 1645 1750 1683 traductum

307 1702 424 1753 eique
436 1707 702 1739 monstratum
718 1700 793 1739 suit
813 1731 824 1753 ‚
853 1703 908 1740 ita
928 1709 973 1740 ut
988 1700 1090 1739 nihil
1109 1699 1281 1753 amplius
1300 1701 1496 1753 supersit,
1525 1699 1595 1738 sed
1611 1713 1751 1738 omnes

308 1756 505 1802 abierint,
550 1762 589 1794 et
629 1755 832 1808 sportulae
871 1758 913 1795 in
954 1770 1112 1795 sacrum
1141 1758 1374 1795 vestiarium
1414 1754 1546 1793 illatae
1582 1755 1748 1794 filei-int.

306 1811 396 1849 Non
451 1812 559 1850 enim
602 1825 731 1851 unum
774 1811 903 1850 solum
931 1812 1187 1850 individuum
1227 1810 1492 1860 offerebatur,
1523 1810 1604 1848 sed
1631 1809 1751 1863 plura

307 1866 416 1905 dona
458 1865 599 1915 simul,
651 1866 772 1920 longa
814 1869 914 1906 serie
952 1867 1148 1906 stantibus
1184 1865 1360 1904 baiulis·
1349 1894 1361 1916 ,
1412 1864 1752 1928 quemadmodum

307 1923 351 1960 in
378 1919 479 1960 aulis
506 1921 700 1971 Turcica‚
732 1923 892 1962 Persica
910 1921 1148 1976 ,Mogolica
1163 1950 1175 1974 ‚
1210 1921 1341 1960 adhuc
1369 1921 1564 1959 usitatum
1593 1927 1675 1973 θείς
1704 1935 1748 1962 v

337 1991 358 2015 a
431 1976 527 2016 256.
559 1977 607 2015 C.

307 1991 335 2030 Ρ
361 1991 401 2030 g
419 2030 471 2069 A.
513 2031 722 2087 10.[159,
755 2048 769 2071 1
780 2031 813 2087 .]
834 2028 934 2079 τούς
957 2032 1106 2086 φίλους
1126 2029 1415 2083 Βουλγάρους.
1446 2030 1624 2071 Multum
1636 2044 1752 2071 reve·

309 2086 504 2126 rebantur
536 2094 576 2125 et
602 2086 857 2127 honorabant
883 2089 1042 2151 supeibi
1072 2089 1213 2126 Graeci
1235 2087 1334 2126 CPli
1355 2087 1580 2140 Bulgaros,
1607 2100 1637 2125 a
1658 2086 1750 2139 qui-

310 2142 387 2181 bus
413 2141 671 2181 vehementer
712 2150 752 2182 et
790 2145 1017 2196 saepissime
1052 2143 1154 2181 caesi
1190 2149 1230 2180 et
1256 2143 1298 2180 in
1331 2144 1534 2195 angustias
1559 2140 1752 2195 compulsi

313 2197 487 2235 fuerant.
546 2197 827 2237 concedebant
863 2212 1005 2251 nempe
1051 2198 1146 2250 ipsis
1185 2197 1309 2236 libere
1336 2197 1433 2236 CPli
1462 2197 1672 2246 habitare,
1711 2203 1751 2234 et

312 2253 495 2305 negotia,
527 2266 597 2291 seu
614 2261 814 2292 mercatui
815 2267 905 2303 am
936 2266 1143 2302 exercere3
1174 2259 1212 2291 et
1240 2254 1279 2291 in
1300 2251 1442 2292 diebus
1460 2252 1569 2291 sestis
1594 2265 1750 2304 sempe!

311 2306 572 2360 Imperatores
598 2307 751 2361 aliquot
778 2308 968 2362 Bulgaros
996 2310 1037 2346 in
1069 2307 1170 2347 urbe
1195 2315 1485 2348 commorantes
1512 2313 1751 2348 mercatoies

313 2365 522 2414 optimates
560 2362 611 2401 ad
646 2363 827 2416 publicas
854 2377 944 2402 suas
974 2362 1109 2416 epulas
1151 2363 1419 2411 adhibebant,
1460 2362 1591 2419 iisque
1615 2359 1749 2401 locum

313 2430 434 2468 supra
462 2419 567 2469 ipsos
605 2417 704 2457 alios
731 2433 868 2457 omnes
896 2419 1044 2478 legatos
1073 2425 1298 2457 exterorum
1321 2418 1546 2472 principum
1574 2417 1750 2469 assigna-

314 2470 428 2509 bant.
485 2473 654 2526 Insignis
693 2481 752 2513 est
792 2488 839 2513 ea
866 2473 916 2512 de
942 2487 986 2512 re
1013 2472 1124 2512 locus
1153 2473 1312 2526 queruli
1344 2470 1580 2525 Luitpiandi
1608 2471 1749 2526 Legat.

315 2524 477 2577 Ρ..482
493 2541 529 2565 a.
539 2528 647 2574 ‚sed
675 2542 766 2567 eum
797 2528 1057 2568 commodiori
1077 2529 1275 2567 occasioni
1304 2540 1478 2566 reservo.
1537 2522 1750 2564 Caeterum

315 2539 433 2632 φίλοι
471 2556 775 2645 appellabantur
790 2613 801 2634 ‚
838 2585 907 2636 qui
944 2583 1071 2636 epulis
1109 2583 1428 2629 adhibebantur,
1475 2587 1516 2620 et
1554 2594 1602 2620 eo
1630 2595 1750 2620 sensu

316 2647 395 2671 vox
432 2637 552 2673 amici
587 2638 693 2689 apud
720 2639 996 2691 Lampridium
1037 2651 1198 2691 quoque
1237 2637 1410 2677 occurrit
1447 2649 1522 2708 pro
1554 2637 1747 2675 conmvis.

317 2687 416 2727 Vid.
455 2689 542 2728 Sci.
579 2691 682 2731 Hist.
719 2693 825 2746 Aug.
867 2695 920 2732 Τ.
951 2694 983 2731 1.
1014 2708 1054 2746 p.
1076 2693 1173 2746 957.
1229 2692 1293 2731 Sic
1321 2700 1504 2757 quoque
1518 2689 1750 2730 Athenaeus

317 2757 360 2796 Ρ.
397 2743 486 2783 152.
516 2744 615 2784 fine:
659 2745 684 2784 ὅ
713 2744 964 2799 καλούμενος
992 2747 1110 2802 φίλος
1138 2744 1344 2799 τραπέζης
1371 2745 1448 2797 μὲν
1475 2745 1528 2784 ου’
1554 2749 1752 2796 κοινωιεῖ,
