1884 3132
201 114 276 158 An
315 114 612 160 coNsTAm'.
650 116 845 161 Pomm.
885 120 957 159 nn
996 118 1178 161 CERIM.
1218 119 1316 159 Lm.
1356 121 1389 159 1.
1445 112 1556 176 ,277

126 231 269 258 verum
295 219 421 260 fusca.
461 221 532 260 ‘Et
574 221 677 261 forte
714 223 807 262 iude
851 235 998 262 nomen
1037 221 1314 262 deducendum
1342 217 1562 274 φελώνιον.

127 272 233 312 Nam
262 272 489 328 φαιιάἱλιον
507 305 520 326 ,
560 277 669 330 quod
697 277 801 316 idem
828 285 913 328 est,
956 291 980 316 a
1007 278 1151 316 Latino
1172 277 1347 330 paenula
1379 290 1561 315 manasse

127 326 276 380 liquet,
315 343 446 383 neque
483 332 794 370 controvertitur
820 347 866 370 ea
899 332 949 370 de
974 345 1043 381 τες
1085 327 1230 377 much,-
1256 330 1351 370 olim
1385 330 1560 383 appella-

127 380 229 422 bant
253 383 319 431 id,
347 385 455 438 quod
479 379 708 438 ὑπόκιρᾆος
740 387 922 439 deinceps
940 386 1140 425 dicebant.
1194 385 1314 424 Color
1339 387 1373 424 is
1397 393 1456 424 oet
1485 385 1562 424 ho-

129 435 196 475 die
223 437 339 477 nobis
375 439 427 478 de
463 439 675 492 Capucinis
720 441 926 480 monachis
972 440 1218 493 appellatus,
1266 439 1374 492 quod
1419 453 1563 478 eorum

128 493 287 543 caputia
322 493 387 532 vel
422 493 542 532 frocci
580 508 715 547 panno
752 495 905 534 soleant
947 495 1115 534 consecti
1143 509 1231 533 esse
1253 494 1373 532 huius
1400 494 1560 533 coloris.

130 544 206 584 Est
238 554 372 586 antem
404 547 638 587 dilutissime
666 549 805 599 rusus,
834 550 935 588 inter
963 549 1099 588 album
1134 556 1174 588 et
1201 549 1360 598 rufum,
1406 549 1476 588 sed
1505 550 1562 590 sic

129 606 175 638 ut
192 600 244 640 ad
270 601 379 641 hunc
406 604 559 655 magis,
584 617 705 657 quam
728 604 778 643 ad
802 604 914 643 illum
934 633 947 655 ‚
974 604 1135 643 accedat
1162 634 1174 652 ‚
1203 605 1404 656 rothgrau.

1009 661 1038 691 θ

243 701 290 741 C.
311 701 353 742 6.
378 701 491 757 [246,
508 701 594 757 24]
628 697 800 759 ἆνέλθῃ.
857 705 918 743 Μ.
947 697 1044 743 cire).
1059 735 1072 753 ,
1100 703 1142 742 id
1171 710 1230 742 est
1251 699 1453 742 ἀνελθών.

215 754 305 808 145.
325 757 379 796 A.
402 757 443 796 5.
463 756 558 812 [247
576 787 589 808 ,
614 760 696 812 ¹7·]
716 757 860 814 κελεύῃ
890 756 1217 812 προβάλλεσθαι.
1275 757 1450 797 membr.
1494 769 1561 797 κε-

126 805 239 848 λεύει
266 810 566 864 προβαλέσθαι.

237 864 292 904 A.
315 879 358 920 9.
403 867 497 920 247,
520 864 786 921 20],ῗστασι.
821 869 880 906 Μ.
911 862 1051 906 ἱστᾶσι
1069 895 1081 917 ,
1110 874 1150 906 et
1178 868 1234 906 sic
1261 869 1493 920 quoqueB.
1517 879 1556 920 7.

238 919 283 960 B.
306 934 364 959 10.
405 920 511 971 248,
532 921 592 975 6.]
622 918 700 968 τὰς
731 918 904 969 πλάκας.
964 921 1141 961 Tabulas
1169 921 1232 960 vel
1262 922 1466 960 codicillos
1492 936 1563 975 pa-

126 973 306 1014 triciatus
323 1004 336 1025 ‚
379 975 524 1028 quibus
555 977 786 1029 patriciatus
824 977 1029 1015 tribuitur.
1088 977 1192 1015 Sunt
1225 979 1411 1029 propriae
1441 976 1564 1015 ebur-

124 1041 225 1068 neae
250 1029 411 1069 tabulae
437 1030 672 1084 diptychae‚
702 1046 771 1070 seu
801 1031 972 1070 duarum
1002 1031 1157 1069 alarum
1174 1061 1184 1078 ‚
1215 1030 1430 1084 plicatiles,
1457 1044 1566 1084 quae

126 1083 260 1124 medio
286 1098 359 1125 suo
386 1086 643 1124 continebant
670 1085 844 1139 diploma
874 1086 1036 1125 honoris
1072 1086 1111 1123 in
1149 1085 1382 1124 membrana
1423 1099 1561 1124 exara-

126 1144 242 1190 tum3
271 1153 311 1177 v.
326 1153 367 1192 p.
396 1139 574 1189 151.D.‚
603 1141 675 1179 ubi
694 1141 848 1179 tabulae
869 1155 955 1180 cum
984 1141 1203 1190 coda-illu,
1236 1148 1276 1179 et
1302 1155 1342 1196 p.
1374 1139 1465 1181 153.
1482 1141 1555 1188 R,

126 1191 198 1233 ubi
220 1193 376 1233 tabulae
400 1195 543 1250 absque
560 1196 750 1234 codic-illlis·
777 1202 1065 1236 memorantur.

235 1248 286 1287 C.
307 1248 348 1287 3.
371 1248 490 1303 [248,
515 1250 597 1301 ¹5.]
626 1249 801 1290 ἵστασιν.
858 1250 1034 1289 Membr.
1061 1246 1250 1288 ἱστῶσιν.

235 1302 284 1341 C.
306 1317 366 1342 10.
387 1303 501 1358 [248‚
527 1303 608 1358 18.]
638 1300 951 1355 ὑπερεύχονται.
1009 1305 1132 1343 Forte
1158 1300 1450 1356 ὑπερεύχεται.

233 1356 290 1396 Ι).
310 1357 350 1396 5.
370 1357 489 1421 [248,
509 1357 600 1412 24]
629 1357 822 1406 ἐξελθεῖν.
880 1361 940 1398 Μ.
968 1360 1024 1397 sic
1050 1359 1299 1411 distinguunt
1324 1375 1335 1398 :
1374 1360 1560 1409 ἐξελθεῖν

127 1404 151 1448 ὅ
181 1406 311 1457 αὐτὸς
334 1425 562 1463 μαγιστρος
590 1413 645 1465 (id
672 1419 731 1451 est
759 1405 875 1459 οὗτος
903 1410 924 1451 ὃ
951 1411 1207 1463 μάγιστρος),
1246 1410 1558 1464 καταλαμβάνει

124 1461 148 1503 ὅ
165 1464 211 1504 ἐκ
233 1463 390 1516 δεξιῶν,
404 1475 610 1522 postquam
627 1481 794 1518 egressus
816 1468 879 1505 hie
891 1476 947 1506 est
970 1469 1155 1520 magister
1175 1471 1210 1518 (a
1227 1467 1393 1506 sinistris
1415 1470 1556 1520 stans),

125 1520 236 1558 venit
265 1522 448 1572 magister
473 1536 501 1559 a
527 1521 693 1560 dextris.

217 1571 308 1624 146.
326 1575 380 1613 A.
402 1575 439 1615 6.
462 1574 574 1629 [249‚
601 1573 687 1628 πμ]
701 1570 804 1624 πρὸς
830 1574 1021 1625 βασιλέα.
1052 1575 1109 1614 Μ.
1137 1571 1240 1627 πρός
1260 1571 1339 1614 τόν
1360 1575 1555 1626 βασιλέα.

236 1628 283 1666 Β.
306 1642 348 1683 9.
372 1628 486 1684 [25o‚
513 1629 571 1682 1.]
601 1624 901 1679 ἀξιωματικῶν.
958 1631 1016 1668 Μ.
1046 1631 1101 1668 sic
1129 1630 1402 1683 distinguunt:
1433 1630 1559 1678 α’ξιω-

126 1682 333 1733 ματικῶν,
364 1682 631 1736 σκευοφόρων
654 1715 665 1733 ,
695 1682 955 1735 στρατιωτῶν
994 1679 1222 1735 ταγμάτων
1262 1692 1339 1723 etc.
1359 1714 1371 1735 ‚
1408 1685 1458 1723 ab
1487 1686 1558 1724 ko-

127 1739 276 1776 noraa's
291 1740 372 1789 (seu
400 1738 639 1792 syncleticis‚
666 1737 731 1777 vel
754 1739 905 1778 ordinis
933 1740 1120 1778 senatorii
1144 1746 1263 1791 atque
1281 1741 1405 1792 togati
1424 1740 1555 1790 viris),

126 1795 155 1829 α’
182 1794 422 1847 εεειιορΙιοηῖς
446 1795 529 1844 (seu
558 1793 850 1846 magistratibus
886 1793 1122 1833 militaribus
1136 1825 1150 1843 ,
1193 1807 1364 1846 quorum
1405 1800 1465 1832 est
1500 1791 1556 1832 wi

126 1841 279 1897 σκεύη,
309 1861 404 1887 vasa
421 1878 433 1898 ,
470 1856 517 1887 ut
553 1855 735 1898 scutum,
763 1848 949 1899 hastam,
973 1850 1084 1902 signa
1102 1878 1114 1898 ‚
1151 1848 1289 1888 labara
1314 1856 1390 1887 ete.
1421 1858 1577 1887 coram‘

125 1898 375 1951 Imperatore
397 1903 522 1951 ferre,
557 1911 603 1942 ut
630 1911 723 1942 sunt
751 1903 940 1956 spatharii
955 1933 967 1953 ,
991 1903 1221 1955 candidati),
1243 1919 1270 1942 a
1293 1903 1477 1942 militibus
1491 1911 1562 1940 ta-'

125 1963 302 2006 gmamm
340 1959 435 2007 (seu
475 1958 763 2010 praesidiorum
803 1958 1096 2007 urbanormn).
1160 1958 1278 1997 Conf.
1307 1973 1349 2010 p.
1386 1956 1474 2010 147.
1504 1957 1568 1994 Β.’

127 2009 223 2056 ult.,
259 2009 331 2048 ubi
366 2009 555 2051 ἵστανται
595 2012 639 2051 οἳ
659 2026 705 2051 τε
732 2010 1006 2062 ἀξιωματικοί
1023 2009 1096 2051 καί
1116 2008 1169 2051 τὰ
1191 2007 1421 2066 σκουτιὶρια
1448 2014 1556 2064 (sunt

127 2063 251 2102 iidem
277 2071 397 2117 atque
425 2062 463 2104 οἱ
490 2063 752 2120 σκευοφόροι)
781 2064 855 2107 καὶ
880 2063 918 2105 οἱ
946 2062 1186 2119 διαιτάριοι.
1523 2080 1531 2084 “

238 2118 286 2156 Β.
314 2133 375 2157 11.
399 2119 514 2173 [25o‚
546 2120 604 2174 3.]
632 2116 906 2173 θερμάστρας.
967 2122 1009 2160 T
1002 2123 1222 2160 lzemzastm
1266 2128 1327 2160 est
1362 2119 1427 2159 vel
1467 2119 1565 2159 bah·

129 2184 274 2222 neum,
301 2173 366 2212 vel
392 2178 663 2227 vaporarium.
722 2176 865 2214 Putem
894 2177 1089 2228 posterius
1114 2178 1273 2228 potius,
1301 2175 1367 2214 hic
1392 2175 1554 2227 quidem

130 2225 238 2274 loci,
280 2242 399 2281 quam
427 2230 552 2281 prius.
608 2230 735 2269 Erant
770 2237 902 2268 autem
928 2232 1148 2283 vapor-aria
1169 2237 1209 2268 et
1233 2231 1391 2284 Wrilioe
1415 2230 1459 2267 in
1486 2243 1553 2267 ae—

129 2281 277 2329 dibus,
318 2284 361 2321 in
390 2284 656 2331 monasteriis,
686 2285 727 2323 in
756 2284 900 2324 scholis
929 2285 1119 2332 militum,
1159 2284 1327 2337 grandes
1370 2284 1455 2322 oeci
1485 2282 1570 2321 νει·

129 2335 261 2386 salae,
289 2337 330 2375 in
359 2337 510 2390 quibus
532 2339 636 2390 ignis
658 2339 946 2378 accendebatur
986 2345 1025 2376 et
1058 2339 1367 2386 conveniebant,
1398 2337 1468 2390 qui
1482 2351 1552 2375 ca-

128 2389 254 2429 lefieri
270 2391 448 2442 vellent3
478 2394 518 2431 in
546 2391 691 2444 quibus
717 2395 834 2431 etiam
853 2393 1033 2432 solebant
1076 2393 1182 2431 refici
1231 2406 1299 2431 seu
1325 2391 1458 2430 cibum
1483 2405 1551 2429 ca-

131 2458 240 2497 pere.
298 2446 352 2484 V.
382 2447 450 2485 Du
481 2447 613 2499 Gange
639 2460 680 2485 v.
708 2447 847 2498 Pyr-ile
877 2454 916 2485 et
949 2447 995 2484 V
989 2448 1228 2500 aper-arima.
1286 2446 1363 2484 Hic
1388 2445 1464 2485 leci
1492 2453 1552 2485 est

130 2501 382 2551 vaporarium
413 2501 702 2540 scholariorum
736 2515 805 2540 seu
835 2500 1006 2539 militum
1034 2500 1347 2539 comitatensium
1361 2530 1373 2547 ‚
1418 2507 1465 2538 ut
1481 2502 1550 2553 qui

131 2551 242 2592 haud
276 2555 416 2607 procul
458 2557 575 2595 Circo
613 2557 822 2594 stationem
863 2568 932 2593 seu
968 2554 1142 2593 scholam
1182 2568 1293 2593 suam
1330 2554 1548 2593 habebant.

133 2607 238 2656 Quia
271 2611 412 2648 'tamen
445 2624 591 2663 vapore
616 2609 792 2648 balneari
822 2608 1023 2655 solebant.
1053 2622 1121 2648 seu
1150 2609 1371 2658 Laconica,
1401 2617 1439 2648 et
1469 2624 1551 2648 nv·

134 2661 307 2712 ριιῖσθαι
326 2663 503 2706 balneari
517 2672 642 2713 notat,
673 2665 770 2704 item
794 2661 1094 2716 θερμαίνεσθαι
1111 2691 1124 2715 ,
1152 2663 1253 2703 nihil
1272 2664 1401 2704 obstat
1418 2695 1429 2714 ,
1451 2677 1572 2718 quo--
