1884 3132
340 131 457 186 206
571 178 574 180 ,
611 148 686 191 ιο.
728 147 1074 192 1AC.RE1sK11
1114 150 1500 197 comminuit

338 254 438 292 ,tiam
465 258 722 303 enarrantes,
767 267 890 306 quam
920 267 1014 294 arae
1041 253 1083 294 S.
1115 253 1290 308 Sophiae
1319 255 1562 297 Iustinianus
1588 251 1786 298 instravit.

337 309 383 348 si
411 308 503 347 talis
536 308 613 346 fuit
639 307 710 347 illa
738 309 1000 362 compositio,
1041 309 1202 363 qualem
1231 311 1419 350 Graeculi
1445 312 1680 366 perhibent,
1725 316 1792 366 (at

337 364 444 402 mihi
473 363 637 416 quidem
666 366 866 404 somniare
894 365 1108 414 videntur,
1141 373 1180 404 et
1208 379 1333 419 nugas
1361 381 1452 406 suas
1483 368 1702 408 Iustiniano
1728 369 1790 408 af-

340 418 511 472 fingere,
527 419 539 469 )
569 418 644 457 fuit
671 419 812 472 procul
842 420 965 459 dubio
994 395 1162 460 ridicilla
1190 428 1230 460 et
1260 423 1428 472 insana3
1456 422 1534 462 fuit
1559 430 1694 463 tamen
1722 436 1792 463 ae·

341 480 402 512 tas
431 473 499 512 illa
539 474 730 519 stultitiae
767 477 897 514 omnis
938 490 1074 540 capax.
1134 476 1360 516 Audiamus
1401 477 1546 530 igitur,
1587 478 1717 533 qualis
1743 485 1791 519 'ea

341 529 463 569 fuerit
506 532 756 584 compositio.
815 527 991 584 Χρυσὸν
1027 527 1102 570 καί
1137 546 1342 585 a9yv9ov,
1372 534 1428 572 ait
1465 533 1644 574 Codinus
1681 534 1791 588 apud

341 584 410 622 Du
437 585 573 639 Gange
611 585 659 624 ad
698 586 872 625 Pullum
900 586 1103 627 Silentiai.
1140 602 1182 641 p.
1194 587 1301 654 567.
1319 616 1334 654 ,
1379 589 1449 642 qui
1485 589 1602 642 plura
1637 590 1712 629 hac
1739 588 1792 630 de

341 653 480 679 mensa
520 641 667 692 habet,
712 641 859 688 λίθους
900 655 945 680 τε
982 641 1147 709 τιμίους
1185 641 1229 682 ἐκ
1271 639 1458 692 πάντων,
1502 644 1786 710 μαργαρίτας,

339 691 526 747 χαλκόν,
555 694 751 749 σίδηρον,
779 691 1001 747 μόλιβδον,
1049 692 1194 748 υέλον,
1229 697 1302 736 καί
1327 699 1468 738 πᾶσαν
1494 693 1600 764 ὕλην
1629 713 1793 752 τετριμ-

341 749 472 814 μένην
510 750 814 801 καταμίξαντες
852 748 1074 804 αμφότερα
1103 766 1174 791 και
1199 749 1488 804 χωνεύσαντες
1516 750 1684 806 ἔχωσαν
1702 753 1792 805 ἀβ-

342 801 502 856 βάκιον.
558 805 678 846 Alius
706 809 788 859 ait,
825 806 1091 846 Iustinianum
1120 809 1266 847 coactis
1293 809 1502 873 omnibus,
1533 823 1637 878 quae
1662 817 1789 860 terra,

342 874 414 900 aer
441 869 481 900 et
499 875 604 915 aqua
626 862 787 911 ferunt,
806 864 996 928 pretiosis
1015 863 1270 930 vilibusque,
1293 860 1347 903 τὰ
1365 863 1452 928 μὲν
1470 863 1684 929 κρείττονα
1716 863 1791 904 καί

343 913 570 983 τιμιώτερα
591 917 741 968 πλει’,ω
769 915 822 958 τὰ
850 917 897 957 δὲ
927 914 1165 984 ἐνδεέστερα
1195 916 1376 970 ἐλάττω,
1403 914 1458 958 τὰ
1489 917 1618 974 τηκτὰ
1647 915 1793 985 τήξας,

346 967 399 1010 τὰ
429 969 534 1039 ’ξηροὶ
567 971 794 1038 ἐπέβαλεν,
824 986 895 1012 και
924 967 1061 1020 ου’τως
1080 987 1141 1021 εις
1167 971 1300 1013 τύπον
1328 973 1499 1039 ἐπιχέας
1523 971 1795 1042 συνεπλήρω-

345 1039 418 1066 σεν
466 1024 616 1094 αυτήν.
656 1004 794 1067 Ὅθεν
814 1028 888 1067 καί
924 1028 1089 1081 ποικίλη
1134 1028 1365 1083 φαινομένη
1406 1025 1573 1081 θάμβος
1613 1029 1794 1083 παρέχει

346 1083 432 1127 τοῖς
460 1080 519 1128 εἰς
558 1078 695 1134 αυτὴν
724 1081 997 1131 α’τενίζουσιν.
1054 1085 1211 1123 Ibidem
1241 1086 1336 1123 citat
1366 1085 1433 1123 Du
1461 1085 1596 1153 Gange
1623 1099 1646 1125 e
1673 1084 1793 1124 Glos-

346 1137 400 1177 sis
428 1138 553 1176 MStis
592 1137 722 1177 haec:
769 1131 966 1190 ἤλεκτρον
1009 1135 1217 1190 χάλκωμα
1259 1135 1448 1191 καθαρὸν
1459 1134 1510 1207 ἢ
1554 1133 1793 1180 α’λλότυπον

343 1192 544 1258 χρυσίον,
586 1193 837 1244 μεμιγμένον
874 1192 983 1248 ὖέλῳ
1021 1208 1092 1234 και
1130 1191 1290 1246 λίθοις,
1329 1192 1420 1241 οἵας
1448 1188 1501 1248 ἧν
1534 1194 1795 1248 κατασκευῆς

346 1245 375 1297 ἦ
401 1246 474 1300 τῆς
506 1243 627 1299 αγίας
654 1246 816 1302 Σοφιάς
843 1233 1042 1301 τράπεζα,
1097 1250 1269 1288 Videtur
1297 1257 1433 1288 tamen
1471 1249 1562 1290 talis
1593 1250 1795 1303 composi·

347 1302 406 1341 tio
439 1316 490 1340 ne
516 1303 678 1357 quidem
717 1304 915 1357 possibilis
942 1318 1039 1343 esse.
1100 1305 1355 1359 Quapropter
1393 1305 1595 1344 crederem
1632 1305 1792 1359 potius,

347 1356 509 1397 tabulae
536 1357 595 1397 illi
638 1358 903 1398 Iustinianeae
931 1360 1068 1399 infixas
1107 1360 1226 1399 fuisse
1261 1375 1435 1413 gemmas
1465 1368 1504 1400 et
1530 1361 1792 1414 margaritas,

347 1419 390 1452 et
418 1412 529 1453 fumo
570 1413 708 1453 aliisve
749 1414 941 1468 chymicis
970 1415 1194 1479 liquoribus
1221 1416 1429 1469 adspersos
1451 1417 1585 1455 varios
1610 1415 1789 1463 colores,

348 1475 396 1507 ut
422 1469 464 1507 in
492 1469 614 1508 variis
643 1469 841 1509 distantiis
870 1471 1064 1523 spectanti
1092 1472 1225 1510 varios
1245 1471 1398 1511 colores
1426 1471 1642 1511 exhiberet.
1699 1471 1794 1510 Fre·

347 1537 447 1562 num
476 1531 516 1563 et
545 1524 668 1574 sella,
715 1539 817 1578 quae
845 1525 987 1564 Nostro
1014 1533 1290 1566 memorantur
1309 1557 1319 1573 ,
1367 1525 1438 1566 tali
1465 1541 1564 1566 auro
1596 1523 1796 1581 χυμευτῷ

348 1579 493 1618 vestita
510 1609 522 1630 ,
564 1587 732 1644 possunt
758 1580 811 1619 ad
844 1579 952 1620 hunc
977 1582 1144 1620 modum
1171 1596 1270 1621 auio
1298 1582 1386 1621 fuso
1415 1583 1455 1621 in
1485 1582 1617 1621 varias
1646 1564 1795 1620 formas

348 1641 389 1673 et
429 1636 595 1688 gemmis
635 1643 754 1690 atque
783 1651 943 1691 margai
945 1637 1009 1677 itis
1043 1651 1118 1692 ope
1145 1637 1311 1692 glutinis
1339 1637 1546 1678 cuiusdam
1573 1636 1702 1677 infixis
1728 1639 1794 1676 re-

349 1703 487 1743 spersa
515 1690 651 1730 fuisse.

458 1746 538 1785 Sed
563 1754 729 1799 potuere
756 1759 918 1812 quoque
946 1748 1054 1801 picta
1083 1747 1203 1788 fuisse
1239 1746 1494 1802 imaginibus.
1551 1745 1668 1786 Certe
1699 1751 1796 1786 sunt

349 1798 464 1849 loca,
498 1801 539 1840 in
565 1802 713 1855 quibus
741 1799 947 1853 χύμευσις
976 1811 1115 1842 notare
1136 1804 1296 1844 videtur
1318 1804 1514 1857 picturam
1542 1802 1587 1840 in
1612 1801 1791 1850 metallo,

349 1857 435 1898 sive
464 1858 544 1896 iam
578 1857 647 1896 illa
686 1858 820 1897 adhuc
852 1873 991 1898 recens
1027 1866 1066 1898 et
1093 1859 1280 1910 madida,
1325 1866 1371 1897 ut
1395 1862 1599 1906 maneret,
1639 1857 1796 1897 incocta

349 1911 512 1955 metallo
537 1912 684 1963 fuerit,
713 1914 797 1952 sive
825 1913 884 1952 illi
910 1914 1194 1967 superinducta
1222 1921 1355 1954 crusta
1383 1915 1512 1952 vitrea
1541 1912 1662 1951 etiam
1687 1912 1794 1952 inco-

349 1967 509 2020 quenda
524 1997 536 2018 ,
576 1968 660 2008 sive
687 1968 851 2007 tandem
877 1969 1047 2010 laminae
1065 1977 1204 2008 tenues
1230 1984 1297 2008 aui
1296 1982 1375 2008 eae
1401 1975 1661 2022 argenteaeve
1685 1967 1796 2007 colo-

348 2029 459 2061 ratae
492 2037 565 2076 pro
610 2022 742 2063 lubitu
778 2026 942 2077 pictoris
982 2038 1028 2063 eo
1071 2024 1191 2063 modo
1225 2025 1400 2089 primum
1431 2030 1790 2076 componerentur,

349 2077 494 2117 deinde
513 2079 553 2118 vi
571 2079 672 2132 ignis
685 2078 1016 2132 colliquarentur,
1036 2087 1075 2119 et
1090 2080 1246 2119 conferi
1250 2094 1406 2118 ummai
1408 2086 1544 2129 entur,
1558 2085 1604 2117 ut
1622 2079 1664 2118 in
1678 2078 1796 2117 mus'i-

349 2135 410 2172 vis
430 2148 523 2173 cum
538 2136 678 2173 vitreis
698 2135 934 2174 staminibus
961 2135 1096 2174 fiebat.
1126 2135 1230 2174 Sane
1245 2150 1327 2174 non
1342 2136 1544 2188 ignorasse
1562 2140 1715 2173 veteres
1734 2135 1795 2172 ai·-
1830 2172 1832 2175 .

349 2194 430 2227 tem
455 2187 617 2229 metalla
634 2189 842 2229 colorandi
867 2197 977 2243 patet
1005 2205 1050 2229 ex
1071 2190 1280 2229 Plutarchi
1302 2189 1458 2230 Pericle
1482 2205 1523 2243 p.
1542 2188 1638 2253 289.
1657 2194 1794 2242 antep.

352 2243 425 2282 ed.'
438 2245 494 2283 H.
514 2245 732 2298 Stephani,
753 2246 824 2284 ubi
843 2247 898 2285 sie
917 2246 1268 2299 distinguendum:
1291 2245 1443 2299 βαφεῖς
1456 2244 1636 2298 χρυσοῦ,
1664 2244 1796 2283 tincto·

351 2312 413 2337 res
427 2313 538 2349 aun,
569 2301 830 2353 μαλακτῆρες
847 2300 1332 2354 ἑλέφαντος,εηιοίἰιιονεε
1344 2301 1495 2347 eboris,
1517 2299 1569 2339 ad
1586 2297 1680 2337 inde
1697 2312 1795 2338 con-

350 2353 521 2393 ficienda
546 2357 659 2394 varia
687 2370 868 2410 cor·.p01a
929 2355 1071 2395 Nau-at
1101 2371 1260 2410 quoque
1281 2355 1549 2395 Philostratus
1570 2354 1617 2392 L.
1648 2353 1681 2391 I.
1705 2354 1791 2393 Vit.

351 2407 492 2460 Apoll.
525 2410 656 2464 Tyan.
683 2426 726 2464 p.
758 2425 825 2466 7¹·
846 2441 858 2461 ,
899 2411 1020 2450 Indos
1056 2411 1240 2450 habuisse
1274 2412 1463 2464 imagines
1501 2424 1523 2449 e
1555 2408 1676 2447 variis
1707 2415 1794 2447 me-

350 2463 456 2502 tallis
484 2467 746 2518 compositas,
779 2467 966 2519 varieque
991 2466 1200 2506 coloiatas.
1259 2468 1374 2517 Quae
1396 2464 1580 2519 quamvis
1611 2462 1793 2504 fabulosa

353 2519 433 2556 sint
457 2526 497 2557 et
520 2521 691 2560 conficta
709 2551 720 2571 ,
759 2537 884 2575 appa1
886 2529 925 2561 et
953 2529 1086 2560 tamen
1107 2552 1118 2572 ,
1161 2521 1453 2561 Philostratum
1475 2533 1523 2558 ea
1549 2518 1601 2557 ad
1621 2519 1684 2557 sui
1708 2532 1796 2558 sae-

355 2571 435 2611 culi
466 2588 553 2611 mot
556 2589 619 2612 em
646 2577 903 2627 confinxisse,
943 2577 1052 2641 qnod
1082 2591 1164 2615 non
1192 2577 1331 2616 fuisset
1353 2576 1562 2621 facturus,
1593 2573 1626 2612 si
1650 2573 1797 2613 modus

354 2627 515 2666 metalla
542 2630 759 2681 pingendi,
802 2640 872 2671 aut
899 2633 999 2671 vaiii
1035 2632 1179 2672 coloris
1209 2631 1407 2670 metalla
1395 2645 1438 2668 m
1466 2630 1586 2667 unius
1611 2625 1797 2682 imaginis

355 2694 526 2721 massam
554 2687 816 2737 componendi
837 2695 955 2726 notus
983 2695 1080 2726 tunc
1105 2687 1286 2726 nondum
1306 2686 1458 2724 fuisset.
1517 2683 1559 2722 Si
1581 2691 1686 2723 certe
1708 2698 1799 2723 con·

357 2744 479 2778 staret
498 2768 510 2791 ,
547 2740 646 2792 quid
679 2741 818 2781 fuisset
846 2743 978 2782 medio
1010 2757 1109 2782 aevo
1135 2743 1346 2782 smaltztum
1373 2755 1495 2797 opus),
1533 2745 1666 2793 posset
1691 2739 1796 2792 dici,
