1832 3126
309 145 416 206 168
595 163 669 205 ιο.
711 162 819 206 mc.
860 163 1056 205 nmsxu
1102 153 1481 208 communita

411 269 464 308 A.
487 265 526 307 5.
544 265 636 322 [69‚
659 265 719 320 5.]
749 262 823 320 τὴν
849 252 1033 320 μεγάλην
1059 263 1195 320 πύλην
1221 263 1296 320 τὴν
1315 268 1492 321 χαλκῆν.
1547 269 1623 310 Est
1641 272 1751 311 enim

303 338 429 379 parva
457 336 620 376 quoque
647 330 763 376 porta
795 321 989 372 Chalc-es,
1033 335 1075 361 v.
1100 337 1140 376 p.
1168 322 1233 377 75.
1255 322 1302 361 C.
1356 323 1504 364 Chalee
1532 340 1631 366 vero
1665 334 1751 366 erat

301 388 416 434 porta
439 378 601 432 palatii,
631 377 699 418 vel
723 377 947 417 aedificium
973 391 1067 416 cum
1095 377 1229 430 amplo
1255 378 1368 417 aditu
1390 378 1443 418 ad
1461 379 1680 433 palatium,
1710 389 1752 425 et

303 435 424 474 vastis
459 433 615 484 valvis,
651 447 755 486 quae
784 433 916 472 aeneis
948 433 1105 472 laminis
1133 433 1315 473 obtectae
1338 441 1465 475 erant.
1521 435 1646 476 Unde
1671 451 1750 476 no·

301 504 408 528 men.
466 488 549 528 Alii
576 503 600 527 a
624 488 766 542 tegulis
796 488 926 527 aeneis
946 495 1147 541 repetunt.
1202 484 1504 542 Χαλκηλάτονς
1529 489 1664 538 πύλας
1684 506 1750 546 ap-

302 545 426 598 pellat
463 545 657 583 Genesius
689 559 730 597 p.
762 545 800 583 3.
830 543 884 582 A.
910 542 946 583 5.
1004 544 1196 582 Laminae
1230 543 1323 584 illae
1355 557 1502 585 aeneae
1535 546 1749 587 deauratae

302 600 492 639 videntur
527 613 552 638 a
581 599 803 639 Iustiniano
836 598 993 638 ablatae
1015 606 1055 637 et
1082 599 1134 637 ad
1157 606 1328 638 statuam
1359 613 1475 640 suam
1502 600 1751 643 efficiendam

302 656 506 698 adhibitae
535 654 672 694 fuisse.
725 655 778 694 V.
803 654 975 692 Cedren.
1005 668 1043 706 p.
1074 653 1167 709 374.
1189 655 1243 694 D.
1270 668 1305 693 1.
1330 661 1371 694 et
1398 655 1523 698 Goar.
1551 657 1604 696 ad
1629 658 1749 699 eund.

300 725 342 765 p.
370 710 464 751 520.
495 709 572 761 C.,
612 709 683 749 ubi
703 708 754 748 de
777 709 929 762 duplici
954 707 1123 758 Chalce,
1153 723 1235 748 una
1262 709 1428 763 palatii,
1469 718 1509 750 et
1537 711 1663 752 altera
1681 727 1747 753 ec-

301 766 422 806 clesia
452 765 552 814 ibri,
585 767 694 819 agit,
726 771 767 803 et
797 779 895 818 prae
924 761 1089 804 caeteris
1109 765 1179 803 Du
1202 765 1338 817 Gange
1366 765 1465 804 CPl.
1491 765 1640 808 Christ.
1657 783 1751 822 pag.

307 822 397 862 113.
426 835 512 873 sqq.
546 821 631 860 fiise
667 827 820 860 narrat.
873 819 1076 873 *[Porta‚
1126 834 1231 873 quae
1263 819 1411 860 Chalce
1441 820 1614 873 dicitur,
1662 823 1751 864 Scr-

301 884 395 930 post
418 876 659 928 Theophan.
682 889 723 929 p.
752 876 844 930 397.
876 874 1043 914 Chalces
1067 877 1239 915 maxime
1259 876 1472 929 conspicua
1491 877 1620 918 aedes.
1649 878 1749 923 Con·

299 939 419 971 stant.
449 932 520 972 vit.
545 931 665 971 Basil.
697 945 730 972 0.
759 929 853 982 24:
885 931 1203 977 Κωνσταντῖνος
1230 924 1550 984 εὐφημούμενος
1566 955 1590 963 -
1608 931 1749 986 εἰσῆλ-

299 987 354 1026 θε
383 983 455 1025 διὰ
483 986 555 1039 τῆς
588 985 763 1039 σιδηρᾶς
801 981 955 1038 πόρπης
989 986 1066 1037 τῆς
1099 985 1273 1038 χαλκῆς.
1327 985 1472 1040 Seript.
1503 995 1592 1040 post
1612 988 1748 1029 Theo-

301 1043 426 1095 phan.
455 1056 492 1095 p.
525 1042 617 1083 236.
659 1039 707 1080 τὸ
737 1039 988 1094 πορφυροῦν
1032 1036 1241 1095 ὀμφάλιον
1267 1039 1340 1094 τῆς
1363 1042 1549 1095 χαλκῆς,
1588 1042 1688 1084 ibid.
1706 1059 1746 1100 p.

302 1096 452 1151 266.]*
509 1098 605 1137 Vid.
633 1097 684 1136 ad
711 1111 750 1149 p.
773 1096 835 1136 50.
859 1096 902 1136 C.

391 1152 517 1216 ιΑ.8.
537 1152 629 1207 [69,
651 1152 712 1207 8.]
748 1145 914 1192 ἅπαντα
943 1146 1045 1191 κατὰ
1085 1144 1326 1203 συνήθειαν.
1381 1150 1448 1193 Μ.
1472 1146 1641 1194 ἅπαντα
1689 1151 1744 1195 τὰ

298 1209 736 1318 καταΒἾυαιῖηῙέεᾷῗιῒᾼ]
765 1260 893 1316 μέχρι
920 1261 996 1302 τοῦ
1025 1259 1182 1300 στενοῦ.
1236 1260 1323 1300 Pet·-
1341 1263 1608 1317 magiporcwn.
1663 1264 1748 1305 Du.

298 1318 385 1359 bito
401 1349 412 1371 ,
442 1321 546 1358 sitne
575 1318 641 1358 hic
673 1317 751 1357 loci
781 1331 930 1357 nomen
955 1316 1270 1370 appellativum,
1298 1330 1351 1355 an
1378 1319 1601 1372 proprium.
1654 1319 1745 1360 Du*

299 1374 416 1415 cebat
449 1374 515 1413 hic
551 1381 810 1428 angiportus,
849 1381 896 1412 ut
934 1387 979 1411 ex
1010 1372 1088 1411 hoc
1117 1372 1204 1410 loco
1231 1380 1422 1424 apparet,
1470 1388 1493 1413 e
1516 1374 1667 1427 palatio
1702 1376 1744 1416 in

299 1428 629 1483 Augustaeonem
644 1459 656 1481 ,
698 1430 769 1482 qui
803 1443 827 1468 a
850 1428 998 1483 palatio
1021 1428 1073 1467 ad
1098 1427 1138 1466 S.
1170 1426 1363 1478 Sophiam
1390 1442 1519 1482 usque
1545 1431 1745 1484 pertinge-

297 1482 383 1523 bat.
439 1484 553 1524 Alias
578 1492 720 1524 notum
739 1491 798 1523 est
815 1516 825 1533 ,
858 1484 926 1523 sed
953 1483 1064 1522 aliud
1083 1513 1095 1534 ,
1125 1483 1294 1521 Stenum
1310 1513 1321 1531 ‚
1353 1481 1492 1523 cervix'
1517 1487 1631 1538 ponti
1657 1486 1745 1526 Eu-

297 1540 380 1578 xini
396 1568 433 1632 ,A
450 1538 546 1578 litus
560 1570 570 1588 ,
614 1542 657 1580 in
683 1554 766 1596 quo
796 1542 873 1580 sita
906 1546 965 1580 est
991 1536 1358 1592 Constantinopolis
1375 1567 1388 1591 ‚
1436 1545 1478 1581 et
1499 1541 1535 1580 ei
1562 1543 1745 1596 opposita

296 1607 370 1635 ora
440 1595 589 1635 siatica.

409 1649 456 1689 Β.
478 1665 517 1703 7.
540 1650 631 1705 [69,
659 1650 746 1706 18.]
774 1650 880 1691 Βιθ.
934 1650 1000 1689 Sic
1028 1655 1114 1688 erat
1140 1650 1323 1703 superius
1351 1662 1393 1702 p.
1425 1649 1488 1689 13.
1518 1649 1566 1689 Β.
1593 1665 1633 1706 7.
1665 1651 1745 1692 Hic

298 1727 433 1760 autem
463 1726 502 1761 et
529 1736 570 1775 p.
596 1720 664 1762 80.
693 1722 741 1760 C.
770 1721 812 1762 6.
843 1719 992 1761 dabant
1019 1719 1277 1762 membranae
1303 1709 1396 1763 221⁷}
1417 1728 1612 1775 tanquam
1639 1737 1744 1763 com-

298 1793 492 1846 pendium
521 1801 622 1833 esset
637 1823 649 1844 ‚
686 1800 732 1832 ut
757 1795 911 1833 exarari
934 1792 1035 1832 solet
1062 1780 1160 1832 ..A-⁶3*
1185 1807 1261 1847 pro
1287 1788 1441 1843 Δαβίδ.
1494 1792 1620 1833 Estne
1647 1808 1743 1848 ergo

297 1849 581 1901 compendium
622 1851 843 1902 scripturae
879 1863 954 1903 pro
989 1848 1138 1887 dicite?
1193 1849 1272 1887 Vix
1309 1846 1500 1889 credibile
1536 1848 1614 1887 1100
1654 1857 1713 1888 est
1727 1879 1740 1900 ,

297 1903 474 1943 Graecos
513 1904 698 1945 librarios
743 1918 885 1945 vocem
927 1904 1115 1944 Latinam
1158 1903 1235 1944 sibi
1278 1904 1457 1958 ignotam
1504 1905 1742 1959 compendio

296 1971 487 1998 exarasse.

405 2015 452 2053 B.
475 2029 516 2068 9.
540 2014 626 2069 [69‚
645 2012 731 2067 20.]
760 2010 944 2060 στάντες.
1000 2013 1059 2053 Μ.
1082 2009 1236 2060 πάντες
1250 2043 1265 2065 ‚
1292 2019 1332 2052 et
1352 2011 1447 2052 alibi
1467 2027 1630 2068 quoque
1649 2028 1740 2054 eun-

295 2067 388 2108 dem
417 2084 595 2108 errorem
634 2069 788 2108 librarii
827 2069 890 2108 his
927 2069 969 2108 in
995 2068 1238 2108 membranis
1276 2068 1452 2121 offendi,
1498 2077 1607 2110 recte
1633 2083 1658 2109 a
1683 2069 1738 2111 cl.

294 2122 463 2164 Leichio
492 2125 708 2163 sublatum.

407 2180 455 2219 C.
477 2178 518 2218 8.
540 2179 626 2234 [70,
645 2177 703 2232 5.]
733 2171 959 2229 οἷποκοπτὴ.
1014 2177 1198 2218 Abscissa
1224 2192 1358 2218 mensa
1387 2178 1439 2218 ad
1466 2179 1662 2230 verbum,
1698 2180 1741 2220 id

298 2242 356 2273 est
385 2241 566 2287 separata
594 2234 645 2276 ab
673 2233 761 2276 aliis
777 2263 788 2284 ,
818 2235 983 2272 seorsim
1011 2235 1153 2286 posita.
1215 2234 1324 2273 Haec
1352 2235 1447 2287 quia
1473 2236 1600 2275 maior
1627 2242 1741 2284 erat,

296 2304 418 2341 quam
446 2297 647 2337 caeterae,
682 2296 801 2342 atque
829 2289 1064 2341 sublimior,
1094 2289 1183 2329 ideo
1212 2288 1312 2328 solet
1336 2303 1496 2343 quoque
1525 2287 1736 2342 αἰτοκοπτῆ

295 2348 426 2383 maior·
450 2345 591 2396 reddi,
623 2345 808 2399 quamvis
835 2345 879 2383 in
907 2358 948 2383 se
975 2357 1056 2383 non
1087 2343 1305 2397 significet,
1334 2344 1420 2385 vid.
1445 2359 1487 2398 p.
1511 2343 1577 2398 57.
1610 2343 1666 2384 A.
1693 2358 1737 2398 7.

294 2412 339 2449 p.
369 2414 457 2451 ¹7¹·
495 2400 546 2439 A.
573 2415 614 2454 9.
672 2401 773 2438 Erat
809 2413 945 2439 mensa
986 2401 1028 2438 in
1068 2399 1242 2438 triclinio
1279 2399 1394 2438 XIX.
1432 2399 1736 2451 accubitos-um,

298 2467 343 2490 ex
372 2462 600 2494 transverso
629 2470 650 2494 e
669 2455 830 2508 regione
857 2455 946 2494 ostii
966 2455 1007 2493 in
1027 2468 1182 2494 summo
1202 2455 1331 2507 posita
1345 2484 1356 2506 ,
1385 2455 1436 2494 ad
1455 2456 1568 2494 cuius
1586 2462 1738 2494 utrum·

295 2522 373 2559 que
403 2508 502 2547 latus
530 2517 708 2549 caeterae
743 2510 804 2550 18.
835 2523 881 2548 ex
909 2523 1151 2562 unoquoque
1193 2509 1316 2548 latere
1354 2523 1535 2549 novenae
1571 2516 1735 2562 proten-2

296 2562 496 2601 ‹lebantur
514 2593 526 2613 ,
571 2573 616 2604 ut
653 2572 763 2619 patet
797 2580 821 2605 e
848 2565 1131 2618 CletorologiO.
1188 2564 1268 2603 Sed
1306 2564 1429 2614 haec,
1472 2564 1523 2602 de
1559 2578 1639 2617 qua
1666 2564 1732 2608 hie

295 2615 371 2655 loci
401 2632 530 2655 sermo
557 2627 616 2658 est
632 2650 643 2670 ,
693 2635 814 2659 aurea
842 2627 1023 2673 separata
1061 2632 1197 2659 mensa
1226 2620 1354 2661 stabat
1378 2621 1420 2658 in
1448 2618 1733 2671 chrysotricli—

294 2685 364 2710 no.
421 2673 544 2724 Spcu.
579 2676 717 2717 Miner,
747 2676 797 2717 T.
830 2676 884 2714 ll.
915 2690 954 2728 p.
989 2675 1049 2715 15.
1086 2688 1246 2728 quoque
1271 2680 1426 2724 narrat,
1462 2673 1662 2714 Abbatem
1690 2675 1733 2713 in

294 2730 546 2768 monasteriis
584 2732 733 2783 graccis
769 2731 817 2770 ad
847 2745 1023 2770 mensam
1052 2744 1077 2770 a
1103 2729 1265 2784 reliquis
1293 2735 1577 2782 sequestratam
1594 2758 1607 2781 ‚
1655 2726 1732 2770 hoc
