1884 3132
224 162 299 202 An
338 159 633 202 consum.
666 159 861 198 ponpa.
902 156 974 195 DE
1013 154 1192 198 cmm.
1243 154 1339 192 Lm.
1379 154 1432 192 n.
1475 132 1585 199 845

146 278 251 318 quae
288 264 474 304 videntur
500 262 660 316 praedia
690 259 1003 314 inseparabiliter
1041 273 1132 298 cum
1175 255 1367 311 imperiali
1394 255 1587 310 digni¹aie

145 322 280 359 iuncta
303 319 444 362 fixisse,
473 327 519 356 ut
546 318 615 370 qui
641 317 746 356 hanc
762 346 775 365 ‚
804 317 923 354 etiam
952 313 1021 353 ilia
1046 314 1344 366 adipisceretur.

255 375 310 413 A.
333 373 533 427 10.[717‚
561 371 642 425 18.]
682 369 703 410 ὅ
742 365 872 422 κόμης
911 370 984 420 τῆς
1013 368 1178 418 lupiag.
1241 367 1387 406 Comes
1426 364 1581 404 lamnae

146 429 212 468 vel
244 429 443 477 laminae,
484 428 523 465 id
554 435 612 466 est
641 424 894 465 metallorum
922 432 1005 463 tam
1032 437 1171 462 eorum
1190 452 1202 473 ‚
1237 436 1340 475 quae
1368 422 1408 458 in
1438 420 1579 459 metal-

145 485 351 533 lifodinis,
389 496 510 535 quam
538 496 642 535 quae
669 484 708 519 in
738 480 966 519 monetariis
1002 477 1168 518 officinis
1194 483 1447 524 tractantur3
1492 475 1575 514 vid.

137 540 212 580 Du
240 539 374 591 Gange
390 552 431 576 v.
461 538 593 575 Comes
622 537 882 576 metallorum
911 543 951 574 et
979 535 1116 574 Petav.
1147 533 1199 572 ad
1225 531 1417 571 Themist.
1437 530 1578 583 p.468.

145 595 278 633 Latini
306 593 402 631 olim
430 592 558 630 Lama
587 591 797 638 dicebant,
827 591 937 644 quod
965 596 1163 628 testantur
1190 588 1321 627 adhuc
1351 587 1579 639 superstites

143 648 302 690 dialecti
340 646 476 686 Italica
505 654 544 685 et
587 647 795 694 Francica,
835 660 908 698 pro
942 646 1127 694 bractea3
1175 651 1214 682 et
1242 643 1362 682 habet
1391 643 1580 681 Horatius

142 703 281 756 Epist.
310 702 343 740 Ι.
370 703 431 740 15.
450 701 515 741 56.
576 702 673 739 Inde
701 701 886 739 dicebant
911 701 1042 739 lamea
1070 707 1110 738 et
1138 699 1284 737 lamba.
1340 698 1443 736 Nam
1464 697 1575 736 AA-

143 757 280 797 MEA
298 764 337 795 et
361 757 589 796 AAMBA
611 757 713 794 idem
732 770 831 806 esse,
859 755 910 793 ad
939 770 974 808 p.
997 754 1092 794 252.
1114 754 1167 792 D.
1186 753 1469 792 demonstravi.
1528 751 1576 790 In

141 812 292 851 Glossis
325 818 385 850 est
430 812 590 865 scapula
612 840 623 859 ‚
663 805 816 859 za'pssa.
875 810 934 848 L't
970 824 1014 848 os
1051 809 1235 862 scapulae
1281 823 1305 847 a
1341 807 1504 861 planitie
1540 813 1581 844 et

142 865 352 905 latitudine
361 867 478 921 plata
505 873 545 904 et
572 862 815 916 ὠμοπλάτη,
845 866 956 918 qnasi
980 865 1121 919 plata,
1149 864 1227 902 hoc
1250 870 1310 902 est
1338 862 1488 907 tabula,
1517 861 1578 900 ad

139 923 320 960 humeros
343 923 542 975 pertinens
569 920 721 958 dictum
750 919 851 969 suiv,
898 921 953 958 sic
983 921 1101 958 etiam
1121 919 1257 958 eadem
1277 924 1460 956 manente
1488 916 1575 955 idea

138 977 274 1015 lamea
301 990 369 1014 seu
399 976 558 1013 lamena
587 974 649 1013 vel
670 975 856 1023 bractea,
886 988 997 1013 ossea
1025 987 1182 1025 nempe,
1211 974 1341 1026 potuit
1368 971 1576 1025 appellari.

140 1031 182 1070 A
221 1032 333 1069 lama
370 1031 415 1068 fit
450 1043 546 1082 ergo
584 1030 714 1068 lumea
757 1036 795 1067 et
833 1030 982 1079 lamia,
1021 1028 1130 1081 quod
1157 1029 1221 1066 hic
1248 1028 1451 1067 habemus.
1506 1025 1574 1065 Ab

140 1084 210 1124 ilio
250 1099 370 1138 porro
407 1085 563 1123 lamena
601 1092 641 1123 et
679 1085 862 1133 lamella,
924 1084 976 1122 ab
1012 1084 1090 1122 hoc
1128 1084 1279 1122 lamina
1317 1089 1358 1121 et
1402 1082 1570 1120 lamilla.

136 1141 384 1193 Frequentes
409 1148 503 1178 sunt
529 1138 628 1178 tales
656 1139 806 1178 formae
833 1141 982 1192 pariter
1008 1139 1199 1177 usitatae:
1243 1151 1394 1176 cocceus
1421 1143 1461 1175 et
1488 1150 1574 1175 coc-

129 1197 270 1240 cinus,
308 1196 478 1233 color-eus
516 1202 556 1232 ct
592 1195 786 1233 colorinus
804 1223 816 1242 ‚
856 1196 1008 1232 iunceus
1045 1200 1086 1232 et
1123 1194 1300 1232 iwzcinus
1314 1223 1326 1242 ‚
1346 1193 1495 1244 sagea-5
1533 1198 1573 1230 et

119 1251 313 1302 ffiginus,
349 1251 596 1300 lffacintlzeus
632 1257 671 1287 et
708 1251 994 1299 lgracbzdzinzan
1050 1248 1115 1286 Sic
1157 1261 1251 1299 ergo
1294 1248 1440 1285 [amens
1457 1276 1468 1293 ‚
1506 1247 1572 1284 la-

138 1319 272 1345 meuus
309 1311 350 1342 et
383 1305 523 1341 lamias
545 1333 557 1353 ‚
596 1303 766 1341 laminas
793 1303 868 1342 fuit
891 1310 1142 1355 usurpatum.
1197 1303 1272 1340 Est
1315 1303 1421 1340 enim
1448 1302 1572 1339 lamia

139 1366 180 1398 et
205 1359 357 1396 lamina
383 1359 544 1411 proprie
571 1358 835 1405 affiectivum,
866 1358 942 1397 sub
971 1371 1052 1410 quo
1079 1356 1216 1395 tabula
1244 1355 1567 1408 subintelligitur.

140 1413 261 1464 Quod
288 1427 413 1467 suppa
431 1443 442 1459 ‚
490 1412 569 1466 ligo
598 1412 809 1461 fossnrius,
852 1414 982 1451 lumea
1009 1412 1155 1449 dicitur
1172 1440 1184 1460 ,
1227 1411 1320 1448 inde
1346 1417 1405 1449 est
1421 1440 1432 1457 ‚
1462 1411 1571 1463 quod

138 1467 219 1520 ligo
247 1467 395 1506 lamina
426 1467 553 1505 sen-ea
581 1470 854 1519 praemunitus
884 1475 957 1506 est.
992 1466 1111 1505 Cons.
1142 1466 1210 1503 Du
1238 1465 1372 1518 Cange
1388 1479 1427 1503 v.
1446 1466 1569 1515 Βαμ-

133 1518 317 1574 βακηρὸς
342 1529 382 1560 et
410 1518 582 1571 Λάμιά.

247 1577 299 1616 Α.
320 1575 515 1630 io.[717,
545 1577 625 1629 ¹9.]
657 1572 873 1626 διοικηταὶ.
928 1575 1237 1629 Βιῗςρεηεατονΐε,
1265 1576 1406 1613 villici.
1433 1575 1570 1614 Potest

136 1645 298 1685 quoque
326 1631 437 1669 reddi
474 1640 675 1670 exactores
716 1631 942 1668 tributorum
971 1640 1007 1668 et
1035 1630 1303 1682 vectigalium.
1360 1630 1421 1667 Eo
1450 1644 1567 1669 sensu

136 1687 310 1725 occurrit
336 1686 442 1738 apud
470 1686 708 1737 Theophan.
739 1700 777 1737 p.
803 1684 893 1735 545.
912 1686 963 1722 D.
981 1683 1022 1722 8.
1045 1714 1057 1734 ‚
1095 1685 1166 1722 ubi
1195 1684 1429 1723 Anastasius
1454 1685 1564 1723 ordi-

134 1751 309 1780 nator-em
345 1741 464 1779 vertit
478 1770 488 1788 ‚
533 1742 602 1779 sed
639 1740 706 1778 alii
734 1741 878 1778 rectius
899 1740 1152 1794 publicanum
1186 1749 1405 1777 exactorem
1422 1753 1438 1786 ,·
1478 1740 1563 1778 vid.

134 1797 203 1834 Du
230 1796 364 1848 Cange
392 1795 457 1833 Gl.
490 1797 539 1833 L.
569 1809 612 1833 v.
641 1795 862 1841 Dioecctes,
910 1794 981 1832 ubi
1009 1796 1103 1832 citat
1129 1808 1174 1831 ex
1204 1794 1376 1839 Adriani
1402 1794 1565 1846 epistola

133 1851 187 1889 ad
201 1850 390 1888 carolum
406 1851 464 1887 M.
497 1849 616 1888 haec:
646 1851 756 1887 missi
775 1850 1014 1887 Graecorwn
1036 1849 1113 1887 duo
1132 1850 1325 1902 spatharii
1341 1849 1562 1902 Imperato-

132 1906 189 1943 ris
205 1919 293 1943 mm
309 1904 500 1952 Ditccitin,
531 1904 639 1958 quod
653 1905 793 1942 Latine
813 1905 1023 1957 dispositor
1038 1903 1200 1940 Siciliae
1220 1903 1375 1941 dicium
1413 1901 1463 1942 ‘O
1486 1903 1564 1953 μέ-

131 1972 212 2010 γας
254 1955 460 2010 δὶοικητὴς
507 1966 564 1997 est
605 1959 712 2011 apud
739 1959 878 1996 Codin.
905 1973 947 2010 p.
978 1958 1044 1996 52.
1080 1971 1122 1995 n.
1155 1957 1221 1996 55.
1251 1965 1291 1996 et
1319 1959 1381 1996 53.
1418 1971 1460 1995 n.
1491 1957 1560 1997 58.

133 2013 211 2052 Hic
242 2021 375 2052 tamen
408 2013 484 2052 loci
512 2013 632 2052 credo
654 2022 941 2067 procuratores,
967 2013 1271 2066 dispensatores,
1304 2013 1563 2059 adnu'mlstra-

129 2077 230 2108 tores
257 2068 490 2121 significare.

238 2123 285 2161 Β.
311 2137 344 2162 1.
395 2121 520 2175 [¹718‚
560 2121 614 2175 1.]
645 2121 849 2173 σκέπτωρ.
906 2122 1113 2160 Lustrator
1139 2120 1203 2160 vel
1232 2122 1404 2170 revisor,
1458 2122 1559 2162 forte

130 2178 280 2232 ..kil-§435
301 2217 315 2237 ,
349 2188 581 2226 Almocabel
598 2218 610 2238 ‚
640 2187 935 2233 collationator,
966 2187 1035 2239 qui
1064 2186 1267 2239 originalia
1294 2201 1384 2225 cum
1412 2189 1559 2240 copiis,

129 2242 319 2282 luturasve
346 2243 694 2295 augigrapheorum
737 2256 807 2280 seu
839 2242 1077 2279 dictatorum
1105 2255 1197 2279 cum
1223 2243 1423 2280 mundatis
1440 2243 1558 2281 char-

128 2298 180 2335 tis
218 2305 259 2336 et
300 2295 537 2349 apographis
575 2297 794 2335 scribarum
823 2295 1077 2348 comparabat
1105 2302 1144 2333 et
1172 2296 1399 2348 explorabat
1417 2326 1428 2346 ,
1458 2311 1557 2336 num

127 2350 169 2390 hi
202 2351 442 2404 praescripta
475 2351 527 2388 ab
563 2351 820 2404 antigrapheo
863 2352 995 2388 omnia
1035 2349 1203 2388 fideliter
1221 2350 1484 2390 reddidissent
1511 2354 1554 2392 in

124 2408 208 2445 suis
236 2405 523 2458 calligraphicis
573 2405 721 2444 chartis
775 2405 923 2457 absque
968 2405 1206 2443 detrimento
1244 2412 1313 2443 aut
1348 2406 1551 2445 additione

125 2461 301 2512 aiieni3‘!
324 2460 539 2498 vidimator
579 2473 653 2498 nos
697 2460 916 2498 diceremus
932 2488 944 2507 ,
995 2473 1019 2497 a
1058 2459 1342 2498 subscribenda
1381 2460 1552 2500 formula

118 2514 311 2554 Vidimus
333 2543 345 2564 ,
368 2528 438 2566 per
464 2527 586 2566 quam
617 2513 843 2567 apographa
871 2513 1145 2552 auctoritatem
1170 2514 1423 2568 originalium
1449 2530 1551 2556 nan-

125 2569 342 2608 ciscuntur.

233 2624 276 2664 B.
295 2622 484 2677 7.[718‚
524 2621 583 2675 5.]
614 2616 864 2673 λεγατάριοι.
917 2622 1022 2662 Citat
1056 2623 1124 2662 Du
1155 2622 1286 2676 Gange
1313 2623 1378 2662 Gl.
1404 2625 1474 2665 Gr.
1508 2625 1551 2666 h.

126 2689 171 2714 v.
210 2677 367 2717 Novell.
419 2677 507 2716 130.
538 2678 702 2725 Iustin.‚
730 2683 920 2729 tanquam
955 2678 989 2716 si
1017 2677 1071 2716 ibi
1102 2677 1298 2730 legeretur
1326 2677 1424 2718 haec
1453 2694 1542 2718 vox.

127 2730 280 2771 Locum
319 2733 499 2773 invenire
540 2745 623 2772 non
661 2732 773 2784 potui
793 2761 804 2780 ,
853 2731 921 2771 sed
963 2732 1098 2772 inveni
1138 2729 1436 2789 δελεγάτορας,
1477 2735 1545 2787 qui
