1884 3132
210 133 286 176 ΑΒ
326 133 626 178 consum.
666 132 864 175 Pomm.
903 133 977 173 m:
1014 131 1201 175 cnam.
1237 134 1335 174 mn.
1377 134 1411 174 1.
1470 112 1584 182 455

129 237 334 291 πληροῦν,
361 255 479 295 usque
515 238 575 278 ad
597 251 787 278 summam
819 251 935 277 oram
966 237 1130 292 implete
1164 246 1203 276 ec
1240 251 1293 291 op
1322 237 1415 288 lere,
1463 236 1588 278 hahet

132 294 303 334 Malalas
329 295 381 334 Τ.
411 296 465 334 11.
495 309 537 348 p.
575 308 663 348 ¹9¹·
690 292 717 333 f.
765 292 802 331 A
832 291 969 331 multis
1007 305 1170 346 quoque
1208 306 1282 345 pro
1335 294 1387 331 tis
1418 294 1587 333 vetustis

131 349 326 403 novisque
352 350 613 404 scriptoribus
631 347 804 388 verbum
830 345 1124 398 ἀνοικοδομεῖν
1151 361 1224 400 pro
1251 348 1445 386 obs-emere
1463 362 1584 387 usur·

132 409 273 455 patum
301 405 390 444 fuit.
448 406 560 444 Inter
586 403 885 456 antiquissimos
911 409 972 440 est
991 402 1282 455 Aristophanes
1302 403 1407 442 Pace
1422 417 1463 442 v.
1487 417 1581 457 99.:

129 455 207 504 τὰς
225 454 385 509 λαύρας
403 463 569 507 καιναῖς
584 458 819 498 πλίνθοισιν
838 455 1139 507 ἀνοικοδομεῖν,
1164 458 1332 496 latrinas
1351 459 1465 496 novis
1483 459 1585 496 late-

129 513 236 553 ribus
268 514 517 569 undecimque
553 514 772 562 obstruere,
819 512 1012 564 obtegere,
1050 525 1170 565 quem
1216 511 1353 551 locum
1381 513 1582 553 immerito

131 571 303 608 tentavit
342 571 391 608 L.
421 570 499 608 Bos
524 568 555 608 l.
585 567 623 607 c.
653 566 825 619 Elegans
855 573 914 605 est
942 566 1042 605 illud
1073 567 1181 619 apud
1207 567 1430 620 Diogenem
1458 569 1583 607 Lae'r-

134 624 238 663 tium
262 625 513 678 cognominis
542 623 683 676 Cynici
710 622 865 660 dictum
881 651 893 671 ‚
927 622 997 674 qui
1026 623 1293 675 interrogatus
1313 652 1326 674 ‚
1356 637 1481 675 quare
1507 623 1584 663 he·

133 677 245 719 betis
282 686 413 718 essent
460 677 658 727 athletae,
694 676 987 729 respondebat,
1030 672 1094 716 ὅτι
1142 676 1313 726 κρέασιν
1348 676 1481 725 ὕειὀις
1510 677 1585 718 καί

133 733 286 783 βοείοις
314 728 671 789 ἆνῳκοδόμηνται,
707 733 803 786 quia
830 732 1011 770 carnibus
1040 732 1198 771 bovillis
1240 741 1278 770 ec
1310 733 1436 772 suillis
1466 748 1584 787 usque

133 788 192 827 ad
220 789 404 828 wrticem
429 789 620 828 exstructi
640 795 679 826 et
702 787 810 825 velut
839 801 891 841 op
920 786 1011 825 ilati
1046 796 1148 827 szmt.
1207 786 1394 826 Utuntur
1421 801 1583 841 quoque

134 843 259 883 verbo
277 844 354 883 hoc
371 845 413 882 iu
429 858 546 883 sensu
559 841 787 895 Xenophon
802 841 878 880 Hel
895 842 997 880 enic.
1023 843 1098 881 VI.
1123 857 1165 896 p.
1177 841 1275 882 525.
1295 843 1337 883 5.
1367 842 1464 881 edit.
1481 844 1584 883 We-

132 897 253 948 chel.,
267 898 508 938 Plutarchus
519 898 601 939 vit.
628 912 669 951 p.
680 897 774 950 876.
801 903 841 935 et
860 897 1065 936 Diodorus
1091 896 1251 936 Siculus
1280 898 1330 938 Τ.
1359 897 1392 936 1.
1422 913 1461 951 p.
1477 891 1583 948 420„

136 953 207 992 ubi
224 953 490 1007 significatum
509 953 622 992 verbi
643 966 785 991 verum
799 952 1095 992 Rhodomanno
1108 967 1190 992 non
1207 952 1465 992 observatum
1484 953 1583 992 indi·

132 1015 199 1048 cat
217 1010 333 1062 eique
362 1009 639 1048 auctoritatem
658 1008 752 1046 facit
773 1005 850 1046 cel.
863 1007 1102 1061 Wesseling.
1116 1022 1161 1047 ex
1176 1007 1440 1060 Apollodoro,
1472 1007 1586 1047 The-

134 1064 326 1104 mistoclis
339 1063 516 1118 epistolis
529 1071 568 1103 et
580 1065 778 1116 Lycurgo,
795 1062 954 1113 Quibus
963 1062 1055 1101 addi
1064 1070 1192 1116 potest
1204 1062 1434 1118 Polyaenus
1444 1077 1511 1117 p.2
1523 1062 1584 1115 14.

131 1131 170 1156 c.
192 1118 262 1158 38.
292 1133 353 1159 vs.
373 1118 414 1170 4.
439 1119 551 1158 Idem
569 1118 798 1172 Polyaenus
816 1116 1097 1167 ἐνοικοδομεῖν
1111 1119 1252 1158 eodem
1276 1133 1396 1158 sensu
1410 1148 1421 1166 ‚
1452 1133 1584 1174 neque

131 1172 309 1213 deterius
331 1174 430 1214 dixit
445 1189 487 1227 p.
503 1173 571 1214 86.
598 1172 659 1224 14.
682 1180 722 1212 et
747 1172 1035 1223 ἐποικοδομεῖν
1051 1174 1283 1227 Xiphilinus
1310 1187 1354 1226 p.
1377 1174 1492 1223 1540.
1515 1188 1583 1228 77.

133 1228 238 1268 Sane
252 1231 285 1268 si
302 1229 556 1268 concedimus
566 1258 582 1277 ,
613 1236 660 1267 ut
678 1243 752 1281 par
788 1234 864 1277 est,
893 1228 1210 1278 συνοικοδομεῖν
1230 1229 1335 1267 idem
1363 1242 1447 1267 esse
1461 1236 1584 1282 atque

131 1284 326 1324 obstruere
343 1283 573 1339 [zubazoen],
594 1283 751 1322 admitti
767 1296 927 1337 quoque
945 1281 1222 1334 ἐνοικοδομεῖν
1235 1283 1368 1329 debet,
1392 1284 1485 1336 quia
1502 1279 1584 1323 σιὲν

135 1345 175 1376 et
202 1337 248 1378 ἐν
275 1340 440 1378 Graecis
464 1339 690 1391 promiscue
716 1345 977 1391 usurpantur.
1035 1338 1133 1378 vid.
1164 1338 1287 1378 indic.
1319 1339 1490 1377 Diodori
1517 1337 1584 1376 Si-
1629 1368 1631 1371 .

137 1392 217 1436 culi
244 1407 286 1432 v.
313 1391 599 1443 ἑνοικοδομέω.
658 1394 706 1432 In
751 1392 822 1431 illo
849 1392 1021 1431 Diodori
1047 1394 1169 1432 modo
1196 1392 1361 1432 laudato
1384 1393 1474 1432 loco
1501 1392 1583 1431 ele-

137 1455 279 1500 ganter
305 1455 565 1501 opponuntur
594 1445 892 1497 α’νοικοδομεῖν,
920 1460 1036 1501 opere
1051 1449 1314 1487 caementario
1337 1457 1489 1501 oggesto
1511 1447 1582 1486 ob-

135 1511 291 1550 turat-e,
331 1511 372 1542 et
410 1501 702 1552 ἐξοικοδομεῖν,
752 1502 905 1540 revulso
937 1502 1162 1544 obtin-uculo
1202 1517 1376 1541 reserare
1410 1502 1578 1541 adimm.

137 1557 248 1601 Idem
275 1566 416 1597 auctor
452 1558 505 1596 Τ.
548 1557 604 1595 ll.
640 1570 683 1610 p.
712 1555 808 1607 242.
856 1569 951 1609 29.:
990 1553 1090 1602 τοὺς
1128 1556 1296 1607 τοίχους
1330 1559 1418 1603 τοῖς
1446 1555 1582 1604 ὀστοῖς

138 1609 423 1663 ἀνοικοδομεῖν
449 1613 548 1651 dixit
578 1612 647 1662 (ita
682 1613 790 1650 enim
831 1611 1091 1662 integrandus
1135 1618 1195 1650 est
1220 1610 1289 1649 ille
1315 1609 1441 1661 locus)
1468 1618 1509 1650 et
1534 1626 1578 1665 p.

145 1681 235 1721 ¹92·
267 1667 415 1722 penult.
433 1683 445 1706 :
474 1663 522 1706 τὸ
563 1665 776 1712 πεπτωκὸς
803 1663 931 1718 μέρος
959 1664 1035 1704 τοῦ
1064 1663 1229 1716 τείχους
1257 1664 1582 1719 ἀνῳκοδόμησαν

136 1719 277 1769 νυκτὸς
307 1716 610 1774 ἐπιλαβούσης,
652 1721 800 1775 quibus
836 1719 1032 1760 ambobus
1059 1721 1102 1759 in
1130 1720 1227 1759 locis
1255 1721 1442 1773 ambigue
1469 1722 1580 1773 posi-

135 1783 223 1816 tum
253 1778 331 1817 hoc
360 1785 419 1817 est
462 1776 633 1816 verbum
658 1806 670 1825 ‚
709 1783 757 1815 ut
795 1789 921 1828 aeque
967 1775 1008 1814 in
1047 1774 1175 1814 altum
1202 1782 1424 1824 exstruere,
1456 1790 1580 1828 quam

135 1831 343 1872 obstruere
380 1840 502 1875 notet.
556 1833 676 1870 Mitto
720 1830 827 1870 locos
855 1837 1066 1869 auctorum
1094 1830 1193 1869 alios
1212 1860 1223 1880 ‚
1252 1831 1295 1868 in
1326 1830 1473 1883 quibus
1500 1830 1580 1869 hoc

136 1887 307 1926 verbum
349 1887 494 1941 legitur
510 1917 521 1935 ‚
565 1887 605 1925 id
634 1900 761 1926 unum
803 1885 935 1924 adhuc
973 1886 1199 1934 additurus,
1228 1899 1293 1923 me
1319 1884 1421 1925 niihi
1448 1884 1579 1925 videri

134 1941 360 1994 exemplum
398 1943 512 1982 verbi
554 1940 787 1990 α’νακτιζειν
826 1954 944 1979 sensu
984 1940 1209 1979 obstr-uendi
1251 1940 1442 1992 reperisse
1470 1939 1580 1992 apud

136 1996 328 2036 Malalam
365 1998 420 2037 Τ.
451 1998 507 2036 11.
538 2011 580 2049 p.
607 2011 675 2051 90.
694 2025 706 2044 ‚
735 1996 807 2034 ubi
835 1995 887 2034 de
914 1996 1021 2034 exitu
1048 1994 1226 2034 Basilisci
1253 1994 1417 2048 tyranni
1445 1993 1580 2047 loqui-

133 2057 227 2090 tur:
257 2048 443 2102 ἕπεμψεν
470 2046 602 2091 αὐτὸν
627 2048 702 2090 καί
727 2047 827 2096 τούς
855 2047 986 2088 αὐτοῦ
1015 2048 1073 2097 εἰς
1098 2050 1286 2099 Λιζιινας,
1323 2045 1505 2098 κάστρον
1533 2047 1580 2087 ἐν

136 2105 450 2160 Καππαδοκίᾳ,
502 2103 573 2145 καί
612 2103 851 2158 ἐβλήθησαν
877 2104 938 2150 εἰς
965 2105 1037 2145 ἕνα
1074 2099 1232 2156 πύργον
1260 2102 1338 2141 τοῦ
1363 2098 1543 2155 κάπρου
1563 2133 1577 2151 ,

134 2157 209 2202 καί
234 2158 455 2214 α’νεκτιῖῐθη
501 2158 528 2212 ἦ
556 2158 697 2211 θύρα,
739 2159 812 2199 καί
847 2158 1075 2210 ἐφύλαττον
1102 2157 1174 2198 τὸν
1199 2151 1378 2210 πύργον,
1407 2180 1427 2187 -
1454 2180 1475 2187 -
1502 2156 1582 2205 ἕως

136 2215 449 2267 λιμοκτονηθεὶς
478 2238 501 2245 -
526 2238 546 2245 -
589 2212 811 2254 ἀπέδωκαν
845 2211 918 2260 τὰς
944 2212 1105 2264 ψυχάς.
1172 2212 1447 2252 Proculdubio
1473 2219 1581 2252 recte

139 2284 290 2323 repono
337 2268 556 2322 α’νεκτιὶῖθη
587 2283 661 2323 pro
693 2269 857 2323 vulgato
889 2266 1149 2322 α’νεκρήσθη,
1178 2269 1222 2308 in
1250 2281 1331 2321 quo
1357 2267 1583 2306 incrustan-

139 2325 193 2365 do
221 2325 372 2365 stustra
399 2324 597 2364 laboravit
627 2325 836 2377 interpres.

247 2381 293 2420 Β.
319 2394 380 2423 11.
413 2379 532 2434 [435,
552 2378 615 2433 5.]
646 2378 878 2428 ἅναθέματι
914 2375 1246 2426 καθυπέβαλλεν.
1300 2374 1350 2415 Id
1376 2381 1436 2414 est
1462 2389 1582 2415 cura-

138 2434 210 2474 bat
244 2437 451 2488 praeconis
487 2448 586 2474 voce
623 2433 895 2486 Nicephorum
939 2439 984 2470 ut
1029 2430 1216 2483 perfidiae
1261 2443 1352 2484 erga
1383 2429 1580 2483 legitimos

139 2489 325 2529 dominos
354 2504 467 2528 reum
510 2488 730 2542 proscribi,
760 2501 855 2541 opes
883 2487 967 2526 eius
995 2485 1090 2524 fisco
1115 2485 1268 2535 addici,
1301 2485 1512 2538 ipsumque
1539 2493 1582 2524 et

140 2544 307 2586 asseclas
333 2546 419 2584 eius
445 2559 518 2598 pro
546 2543 725 2583 hostibus
752 2544 902 2596 patriae
930 2539 1155 2590 declarari3
1188 2539 1253 2578 vel
1282 2541 1402 2578 etiam
1429 2539 1579 2578 clama-

140 2596 211 2636 bat
236 2601 321 2652 ipse
338 2628 351 2648 ,
386 2607 508 2653 atque
546 2597 795 2652 proclamare
832 2609 1070 2650 praeconem
1115 2601 1154 2633 et
1181 2595 1349 2633 recitare
1387 2593 1544 2648 plebem
1566 2624 1578 2644 ‚

145 2665 238 2690 suos
263 2654 449 2704 clientes,
496 2654 659 2693 iubebat
712 2652 821 2691 illam
858 2658 994 2690 notam
1022 2657 1062 2688 et
1089 2649 1266 2690 CPtanis
1291 2650 1478 2689 usitatam
1506 2649 1581 2690 de-

143 2707 313 2752 votionis
342 2708 552 2755 formulam
580 2706 843 2762 ιίνασκαφειή
871 2701 923 2745 τὰ
953 2703 1060 2745 ὀστᾶ
1089 2702 1252 2758 admi,
1274 2719 1355 2758 qua
1383 2704 1580 2757 signifiea-
