<?xml version="1.0" encoding="UTF-8"?>
<!DOCTYPE html PUBLIC "-//W3C//DTD XHTML 1.0 Transitional//EN"
    "http://www.w3.org/TR/xhtml1/DTD/xhtml1-transitional.dtd">
<html xmlns="http://www.w3.org/1999/xhtml" xml:lang="en" lang="en">
 <head>
  <title>
</title>
<meta http-equiv="Content-Type" content="text/html;charset=utf-8" />
  <meta name='ocr-system' content='tesseract 3.04.00' />
  <meta name='ocr-capabilities' content='ocr_page ocr_carea ocr_par ocr_line ocrx_word'/>
</head>
<body>
  <div class='ocr_page' id='page_1' title='image "./corpusscriptorum08niebuoft/corpusscriptorum08niebuoft_0362.png"; bbox 0 0 1884 3132; ppageno 0'>
   <div class='ocr_carea' id='block_1_1' title="bbox 344 189 1494 257">
    <p class='ocr_par' dir='ltr' id='par_1_1' title="bbox 344 189 1494 257">
     <span class='ocr_line' id='line_1_1' title="bbox 344 189 1494 257; baseline 0.003 -9"><span class='ocrx_word' id='word_1_1' title='bbox 344 189 456 257; x_wconf 64' lang='lat'>354</span> <span class='ocrx_word' id='word_1_2' title='bbox 614 209 688 251; x_wconf 89' lang='lat'>10.</span> <span class='ocrx_word' id='word_1_3' title='bbox 731 207 838 252; x_wconf 73' lang='lat' dir='ltr'>mc,</span> <span class='ocrx_word' id='word_1_4' title='bbox 878 210 1072 252; x_wconf 74' lang='lat' dir='ltr'>nnsxn</span> <span class='ocrx_word' id='word_1_5' title='bbox 1113 209 1494 253; x_wconf 78' lang='lat' dir='ltr'>COMMENTARH</span> 
     </span>
    </p>
   </div>
   <div class='ocr_carea' id='block_1_2' title="bbox 328 313 1783 2832">
    <p class='ocr_par' dir='ltr' id='par_1_2' title="bbox 336 313 1783 642">
     <span class='ocr_line' id='line_1_2' title="bbox 344 313 1782 366; baseline 0.005 -14"><span class='ocrx_word' id='word_1_6' title='bbox 344 313 564 366; x_wconf 82' lang='lat' dir='ltr'>significare</span> <span class='ocrx_word' id='word_1_7' title='bbox 603 315 644 352; x_wconf 77' lang='lat' dir='ltr'>in</span> <span class='ocrx_word' id='word_1_8' title='bbox 687 313 855 353; x_wconf 81' lang='lat' dir='ltr'>dominis</span> <span class='ocrx_word' id='word_1_9' title='bbox 875 344 885 362; x_wconf 81' lang='lat'>‚</span> <span class='ocrx_word' id='word_1_10' title='bbox 945 315 987 353; x_wconf 90' lang='lat' dir='ltr'>in</span> <span class='ocrx_word' id='word_1_11' title='bbox 1030 314 1151 353; x_wconf 89' lang='lat' dir='ltr'>corde</span> <span class='ocrx_word' id='word_1_12' title='bbox 1171 314 1439 354; x_wconf 89' lang='lat' dir='ltr'>dominorum.</span> <span class='ocrx_word' id='word_1_13' title='bbox 1492 315 1535 354; x_wconf 85' lang='lat' dir='ltr'>Si</span> <span class='ocrx_word' id='word_1_14' title='bbox 1566 329 1662 358; x_wconf 86' lang='lat' dir='ltr'>vero</span> <span class='ocrx_word' id='word_1_15' title='bbox 1681 318 1782 359; x_wconf 81' lang='lat' dir='ltr'>haec</span> 
     </span>
     <span class='ocr_line' id='line_1_3' title="bbox 346 369 1780 427; baseline 0.005 -21"><span class='ocrx_word' id='word_1_16' title='bbox 346 369 565 421; x_wconf 80' lang='lat' dir='ltr'>significent</span> <span class='ocrx_word' id='word_1_17' title='bbox 593 384 686 421; x_wconf 80' lang='lat' dir='ltr'>erga</span> <span class='ocrx_word' id='word_1_18' title='bbox 704 369 882 408; x_wconf 81' lang='lat' dir='ltr'>dominos</span> <span class='ocrx_word' id='word_1_19' title='bbox 899 399 911 416; x_wconf 80' lang='lat'>‚</span> <span class='ocrx_word' id='word_1_20' title='bbox 942 377 1038 408; x_wconf 87' lang='lat' dir='ltr'>tunc</span> <span class='ocrx_word' id='word_1_21' title='bbox 1059 369 1125 408; x_wconf 89' lang='lat' dir='ltr'>illa</span> <span class='ocrx_word' id='word_1_22' title='bbox 1156 372 1291 422; x_wconf 86' lang='lat' dir='ltr'>priora</span> <span class='ocrx_word' id='word_1_23' title='bbox 1314 371 1510 409; x_wconf 88' lang='lat' dir='ltr'>notabunt</span> <span class='ocrx_word' id='word_1_24' title='bbox 1555 381 1660 411; x_wconf 75' lang='lat' dir='ltr'>tuam</span> <span class='ocrx_word' id='word_1_25' title='bbox 1687 389 1780 427; x_wconf 81' lang='lat' dir='ltr'>erga</span> 
     </span>
     <span class='ocr_line' id='line_1_4' title="bbox 344 423 1783 478; baseline 0.005 -18"><span class='ocrx_word' id='word_1_26' title='bbox 344 425 432 461; x_wconf 75' lang='lat' dir='ltr'><em>illos</em></span> <span class='ocrx_word' id='word_1_27' title='bbox 475 424 797 462; x_wconf 79' lang='lat' dir='ltr'><em>benevolentiam.</em></span> <span class='ocrx_word' id='word_1_28' title='bbox 851 423 1160 477; x_wconf 71' lang='grc' dir='ltr'><strong><em>Ἐπισφραγίσει</em></strong></span> <span class='ocrx_word' id='word_1_29' title='bbox 1198 438 1264 463; x_wconf 88' lang='grc' dir='ltr'>σοι</span> <span class='ocrx_word' id='word_1_30' title='bbox 1317 426 1538 478; x_wconf 75' lang='lat' dir='ltr'>significant</span> <span class='ocrx_word' id='word_1_31' title='bbox 1583 428 1783 468; x_wconf 79' lang='lat' dir='ltr'><em>benedicat</em></span> 
     </span>
     <span class='ocr_line' id='line_1_5' title="bbox 342 476 1781 533; baseline 0.002 -16"><span class='ocrx_word' id='word_1_32' title='bbox 342 479 425 517; x_wconf 77' lang='lat' dir='ltr'>tibi.</span> <span class='ocrx_word' id='word_1_33' title='bbox 485 478 590 517; x_wconf 84' lang='lat' dir='ltr'>Nam</span> <span class='ocrx_word' id='word_1_34' title='bbox 625 479 847 517; x_wconf 78' lang='lat' dir='ltr'>benedictio</span> <span class='ocrx_word' id='word_1_35' title='bbox 887 479 992 532; x_wconf 88' lang='lat' dir='ltr'>apud</span> <span class='ocrx_word' id='word_1_36' title='bbox 1023 480 1194 518; x_wconf 89' lang='lat' dir='ltr'>Graecos</span> <span class='ocrx_word' id='word_1_37' title='bbox 1223 479 1266 518; x_wconf 83' lang='lat' dir='ltr'>fit</span> <span class='ocrx_word' id='word_1_38' title='bbox 1292 476 1395 529; x_wconf 76' lang='grc' dir='ltr'>μετὰ</span> <span class='ocrx_word' id='word_1_39' title='bbox 1428 480 1500 531; x_wconf 75' lang='grc' dir='ltr'>τῆς</span> <span class='ocrx_word' id='word_1_40' title='bbox 1526 482 1781 533; x_wconf 74' lang='grc' dir='ltr'><em>σφραγῖδος,</em></span> 
     </span>
     <span class='ocr_line' id='line_1_6' title="bbox 336 534 1783 588; baseline 0.002 -16"><span class='ocrx_word' id='word_1_41' title='bbox 336 547 424 572; x_wconf 77' lang='lat' dir='ltr'>cnm</span> <span class='ocrx_word' id='word_1_42' title='bbox 458 535 569 586; x_wconf 79' lang='lat' dir='ltr'>signo</span> <span class='ocrx_word' id='word_1_43' title='bbox 596 536 742 583; x_wconf 76' lang='lat' dir='ltr'>craci53</span> <span class='ocrx_word' id='word_1_44' title='bbox 777 534 859 573; x_wconf 83' lang='lat' dir='ltr'>vid.</span> <span class='ocrx_word' id='word_1_45' title='bbox 883 549 921 586; x_wconf 94' lang='lat' dir='ltr'>p.</span> <span class='ocrx_word' id='word_1_46' title='bbox 946 548 1039 572; x_wconf 87' lang='lat'><strong>221.</strong></span> <span class='ocrx_word' id='word_1_47' title='bbox 1057 535 1103 572; x_wconf 86' lang='lat' dir='ltr'>C.</span> <span class='ocrx_word' id='word_1_48' title='bbox 1128 535 1165 573; x_wconf 79' lang='lat'>5.</span> <span class='ocrx_word' id='word_1_49' title='bbox 1184 563 1195 584; x_wconf 85' lang='lat'>‚</span> <span class='ocrx_word' id='word_1_50' title='bbox 1212 534 1280 572; x_wconf 86' lang='lat' dir='ltr'>ubi</span> <span class='ocrx_word' id='word_1_51' title='bbox 1317 534 1631 588; x_wconf 76' lang='grc' dir='ltr'><strong><em>ἐπισφραγίζων</em></strong></span> <span class='ocrx_word' id='word_1_52' title='bbox 1663 538 1783 576; x_wconf 86' lang='lat' dir='ltr'>etiam</span> 
     </span>
     <span class='ocr_line' id='line_1_7' title="bbox 341 583 1432 642; baseline 0 -15"><span class='ocrx_word' id='word_1_53' title='bbox 341 595 400 627; x_wconf 89' lang='lat' dir='ltr'>est</span> <span class='ocrx_word' id='word_1_54' title='bbox 426 589 660 627; x_wconf 59' lang='lat' dir='ltr'>benedicens,</span> <span class='ocrx_word' id='word_1_55' title='bbox 720 590 766 626; x_wconf 94' lang='lat' dir='ltr'>In</span> <span class='ocrx_word' id='word_1_56' title='bbox 789 583 927 641; x_wconf 70' lang='grc' dir='ltr'>γνήσιε</span> <span class='ocrx_word' id='word_1_57' title='bbox 951 588 1262 642; x_wconf 82' lang='lat' dir='ltr'><strong>subintelligitur</strong></span> <span class='ocrx_word' id='word_1_58' title='bbox 1296 589 1432 627; x_wconf 83' lang='grc' dir='ltr'><em>ὁόῦλε.</em></span> 
     </span>
    </p>

    <p class='ocr_par' dir='ltr' id='par_1_3' title="bbox 335 642 1783 1028">
     <span class='ocr_line' id='line_1_8' title="bbox 450 642 1783 698; baseline 0.004 -17"><span class='ocrx_word' id='word_1_59' title='bbox 450 643 502 681; x_wconf 92' lang='lat' dir='ltr'>A.</span> <span class='ocrx_word' id='word_1_60' title='bbox 528 643 567 694; x_wconf 92' lang='lat'>4.</span> <span class='ocrx_word' id='word_1_61' title='bbox 593 643 711 698; x_wconf 79' lang='lat'><strong>[376,</strong></span> <span class='ocrx_word' id='word_1_62' title='bbox 732 642 787 697; x_wconf 86' lang='lat'>8.]</span> <span class='ocrx_word' id='word_1_63' title='bbox 831 643 1060 693; x_wconf 71' lang='grc' dir='ltr'><strong><em>κομιζαισε.</em></strong></span> <span class='ocrx_word' id='word_1_64' title='bbox 1117 645 1253 693; x_wconf 84' lang='lat' dir='ltr'>Quum</span> <span class='ocrx_word' id='word_1_65' title='bbox 1289 643 1440 682; x_wconf 84' lang='lat' dir='ltr'>librarii</span> <span class='ocrx_word' id='word_1_66' title='bbox 1481 645 1621 685; x_wconf 84' lang='lat' dir='ltr'>Graeci</span> <span class='ocrx_word' id='word_1_67' title='bbox 1662 659 1709 684; x_wconf 91' lang='grc' dir='ltr'><strong><em>αι</em></strong></span> <span class='ocrx_word' id='word_1_68' title='bbox 1744 654 1783 686; x_wconf 82' lang='lat' dir='ltr'>et</span> 
     </span>
     <span class='ocr_line' id='line_1_9' title="bbox 339 698 1779 751; baseline 0.003 -15"><span class='ocrx_word' id='word_1_69' title='bbox 339 712 360 737; x_wconf 77' lang='grc' dir='ltr'><em>ε</em></span> <span class='ocrx_word' id='word_1_70' title='bbox 381 698 545 751; x_wconf 82' lang='lat' dir='ltr'><strong>perinde</strong></span> <span class='ocrx_word' id='word_1_71' title='bbox 570 699 770 749; x_wconf 85' lang='lat' dir='ltr'>habeant,</span> <span class='ocrx_word' id='word_1_72' title='bbox 795 699 963 737; x_wconf 84' lang='lat' dir='ltr'>debetur</span> <span class='ocrx_word' id='word_1_73' title='bbox 997 699 1158 737; x_wconf 91' lang='lat' dir='ltr'>illorum</span> <span class='ocrx_word' id='word_1_74' title='bbox 1198 699 1394 738; x_wconf 86' lang='lat' dir='ltr'>scribendi</span> <span class='ocrx_word' id='word_1_75' title='bbox 1429 702 1530 738; x_wconf 85' lang='lat' dir='ltr'>mori</span> <span class='ocrx_word' id='word_1_76' title='bbox 1561 701 1779 751; x_wconf 76' lang='grc' dir='ltr'><strong><em>κομίζαισε</em></strong></span> 
     </span>
     <span class='ocr_line' id='line_1_10' title="bbox 338 752 1781 807; baseline 0.002 -15"><span class='ocrx_word' id='word_1_77' title='bbox 338 768 414 807; x_wconf 90' lang='lat' dir='ltr'>pro</span> <span class='ocrx_word' id='word_1_78' title='bbox 444 752 700 804; x_wconf 45' lang='lat' dir='ltr'>›xom‘sgfflaffl</span> <span class='ocrx_word' id='word_1_79' title='bbox 757 761 796 792; x_wconf 89' lang='lat' dir='ltr'>et</span> <span class='ocrx_word' id='word_1_80' title='bbox 829 754 925 792; x_wconf 83' lang='lat' dir='ltr'>haec</span> <span class='ocrx_word' id='word_1_81' title='bbox 962 761 1019 792; x_wconf 88' lang='lat' dir='ltr'>est</span> <span class='ocrx_word' id='word_1_82' title='bbox 1057 755 1231 807; x_wconf 83' lang='lat' dir='ltr'>integra,</span> <span class='ocrx_word' id='word_1_83' title='bbox 1278 755 1347 792; x_wconf 92' lang='lat' dir='ltr'>sed</span> <span class='ocrx_word' id='word_1_84' title='bbox 1390 755 1616 794; x_wconf 80' lang='lat' dir='ltr'><strong>inusitatior</strong></span> <span class='ocrx_word' id='word_1_85' title='bbox 1652 756 1781 795; x_wconf 84' lang='lat' dir='ltr'>forma</span> 
     </span>
     <span class='ocr_line' id='line_1_11' title="bbox 335 808 1779 864; baseline 0.002 -18"><span class='ocrx_word' id='word_1_86' title='bbox 335 808 534 847; x_wconf 90' lang='lat' dir='ltr'>secundae</span> <span class='ocrx_word' id='word_1_87' title='bbox 569 810 670 861; x_wconf 84' lang='lat' dir='ltr'><strong>sing.</strong></span> <span class='ocrx_word' id='word_1_88' title='bbox 699 810 915 862; x_wconf 87' lang='lat' dir='ltr'>praesentis</span> <span class='ocrx_word' id='word_1_89' title='bbox 940 809 1059 848; x_wconf 84' lang='lat' dir='ltr'>indic.</span> <span class='ocrx_word' id='word_1_90' title='bbox 1083 810 1226 860; x_wconf 78' lang='lat' dir='ltr'>medii,</span> <span class='ocrx_word' id='word_1_91' title='bbox 1260 823 1334 862; x_wconf 89' lang='lat' dir='ltr'>pro</span> <span class='ocrx_word' id='word_1_92' title='bbox 1358 823 1438 861; x_wconf 91' lang='lat' dir='ltr'>quo</span> <span class='ocrx_word' id='word_1_93' title='bbox 1475 809 1596 864; x_wconf 85' lang='lat' dir='ltr'>vulgo</span> <span class='ocrx_word' id='word_1_94' title='bbox 1632 811 1779 850; x_wconf 85' lang='lat' dir='ltr'>dicitur</span> 
     </span>
     <span class='ocr_line' id='line_1_12' title="bbox 335 862 1779 918; baseline 0.001 -16"><span class='ocrx_word' id='word_1_95' title='bbox 335 862 485 917; x_wconf 80' lang='grc' dir='ltr'><strong><em>κομίζῃ</em></strong></span> <span class='ocrx_word' id='word_1_96' title='bbox 501 894 512 914; x_wconf 84' lang='lat'>,</span> <span class='ocrx_word' id='word_1_97' title='bbox 543 878 646 916; x_wconf 89' lang='lat' dir='ltr'>quae</span> <span class='ocrx_word' id='word_1_98' title='bbox 665 872 721 902; x_wconf 91' lang='lat' dir='ltr'>est</span> <span class='ocrx_word' id='word_1_99' title='bbox 737 864 865 902; x_wconf 82' lang='lat' dir='ltr'>forma</span> <span class='ocrx_word' id='word_1_100' title='bbox 892 863 1002 903; x_wconf 89' lang='lat' dir='ltr'>illinc</span> <span class='ocrx_word' id='word_1_101' title='bbox 1025 872 1227 903; x_wconf 90' lang='lat' dir='ltr'>contracta</span> <span class='ocrx_word' id='word_1_102' title='bbox 1250 894 1260 911; x_wconf 87' lang='lat'><em>‚</em></span> <span class='ocrx_word' id='word_1_103' title='bbox 1285 866 1405 915; x_wconf 72' lang='lat' dir='ltr'>firs,</span> <span class='ocrx_word' id='word_1_104' title='bbox 1438 867 1570 917; x_wconf 63' lang='lat' dir='ltr'>azgfers</span> <span class='ocrx_word' id='word_1_105' title='bbox 1585 896 1597 913; x_wconf 86' lang='lat'>‚</span> <span class='ocrx_word' id='word_1_106' title='bbox 1634 867 1779 918; x_wconf 85' lang='lat' dir='ltr'>accipis</span> 
     </span>
     <span class='ocr_line' id='line_1_13' title="bbox 335 919 1775 974; baseline 0.002 -18"><span class='ocrx_word' id='word_1_107' title='bbox 335 919 401 971; x_wconf 88' lang='lat' dir='ltr'>pia</span> <span class='ocrx_word' id='word_1_108' title='bbox 433 926 526 957; x_wconf 83' lang='lat' dir='ltr'>vota</span> <span class='ocrx_word' id='word_1_109' title='bbox 569 919 620 957; x_wconf 87' lang='lat' dir='ltr'>ab</span> <span class='ocrx_word' id='word_1_110' title='bbox 649 920 877 958; x_wconf 84' lang='lat' dir='ltr'>amantibus</span> <span class='ocrx_word' id='word_1_111' title='bbox 925 927 965 957; x_wconf 79' lang='lat' dir='ltr'>te</span> <span class='ocrx_word' id='word_1_112' title='bbox 1010 928 1048 958; x_wconf 92' lang='lat' dir='ltr'>et</span> <span class='ocrx_word' id='word_1_113' title='bbox 1083 922 1189 959; x_wconf 89' lang='lat' dir='ltr'>vitae</span> <span class='ocrx_word' id='word_1_114' title='bbox 1233 926 1327 958; x_wconf 87' lang='lat' dir='ltr'>tuae</span> <span class='ocrx_word' id='word_1_115' title='bbox 1366 933 1552 972; x_wconf 86' lang='lat' dir='ltr'>prospera</span> <span class='ocrx_word' id='word_1_116' title='bbox 1590 920 1775 974; x_wconf 88' lang='lat' dir='ltr'>laetaque</span> 
     </span>
     <span class='ocr_line' id='line_1_14' title="bbox 336 974 1775 1028; baseline 0.002 -17"><span class='ocrx_word' id='word_1_117' title='bbox 336 975 470 1012; x_wconf 84' lang='lat' dir='ltr'>omnia</span> <span class='ocrx_word' id='word_1_118' title='bbox 489 975 808 1027; x_wconf 85' lang='lat' dir='ltr'>apprecantibus.</span> <span class='ocrx_word' id='word_1_119' title='bbox 865 976 927 1013; x_wconf 89' lang='lat' dir='ltr'>De</span> <span class='ocrx_word' id='word_1_120' title='bbox 942 982 1020 1026; x_wconf 80' lang='lat' dir='ltr'>qu‘a</span> <span class='ocrx_word' id='word_1_121' title='bbox 1036 976 1317 1014; x_wconf 79' lang='lat' dir='ltr'>terminatione</span> <span class='ocrx_word' id='word_1_122' title='bbox 1332 974 1415 1013; x_wconf 88' lang='lat' dir='ltr'>vid.</span> <span class='ocrx_word' id='word_1_123' title='bbox 1438 975 1487 1013; x_wconf 87' lang='lat' dir='ltr'>ad</span> <span class='ocrx_word' id='word_1_124' title='bbox 1506 989 1545 1028; x_wconf 90' lang='lat' dir='ltr'>p.</span> <span class='ocrx_word' id='word_1_125' title='bbox 1570 975 1658 1025; x_wconf 85' lang='lat'><em>146.</em></span> <span class='ocrx_word' id='word_1_126' title='bbox 1674 975 1718 1014; x_wconf 85' lang='lat' dir='ltr'>C.</span> <span class='ocrx_word' id='word_1_127' title='bbox 1734 975 1775 1015; x_wconf 83' lang='lat'>5.</span> 
     </span>
    </p>

    <p class='ocr_par' dir='ltr' id='par_1_4' title="bbox 333 1028 1777 1248">
     <span class='ocr_line' id='line_1_15' title="bbox 447 1028 1776 1083; baseline 0.003 -17"><span class='ocrx_word' id='word_1_128' title='bbox 447 1029 492 1066; x_wconf 92' lang='grc' dir='ltr'>Β.</span> <span class='ocrx_word' id='word_1_129' title='bbox 523 1044 580 1069; x_wconf 83' lang='lat'>11.</span> <span class='ocrx_word' id='word_1_130' title='bbox 602 1029 713 1083; x_wconf 79' lang='lat'><strong>[377‚</strong></span> <span class='ocrx_word' id='word_1_131' title='bbox 732 1029 791 1082; x_wconf 89' lang='lat'>2.]</span> <span class='ocrx_word' id='word_1_132' title='bbox 819 1030 870 1082; x_wconf 81' lang='grc' dir='ltr'>τῇ</span> <span class='ocrx_word' id='word_1_133' title='bbox 897 1028 1011 1083; x_wconf 78' lang='grc' dir='ltr'><em>τρίτῃ</em></span> <span class='ocrx_word' id='word_1_134' title='bbox 1042 1030 1111 1082; x_wconf 81' lang='grc' dir='ltr'>τῆς</span> <span class='ocrx_word' id='word_1_135' title='bbox 1130 1029 1373 1074; x_wconf 71' lang='grc' dir='ltr'><em>Γαλιλαίας.</em></span> <span class='ocrx_word' id='word_1_136' title='bbox 1433 1030 1508 1068; x_wconf 89' lang='lat' dir='ltr'>Die</span> <span class='ocrx_word' id='word_1_137' title='bbox 1528 1032 1647 1068; x_wconf 88' lang='lat' dir='ltr'>tertio</span> <span class='ocrx_word' id='word_1_138' title='bbox 1673 1030 1776 1070; x_wconf 83' lang='lat' dir='ltr'>festo</span> 
     </span>
     <span class='ocr_line' id='line_1_16' title="bbox 334 1081 1777 1125; baseline 0.001 -2"><span class='ocrx_word' id='word_1_139' title='bbox 334 1084 554 1123; x_wconf 89' lang='lat' dir='ltr'>Paschatis.</span> <span class='ocrx_word' id='word_1_140' title='bbox 613 1085 754 1122; x_wconf 84' lang='lat' dir='ltr'>Graeci</span> <span class='ocrx_word' id='word_1_141' title='bbox 783 1085 1073 1123; x_wconf 77' lang='lat' dir='ltr'>hebdomadem</span> <span class='ocrx_word' id='word_1_142' title='bbox 1106 1085 1310 1123; x_wconf 81' lang='lat' dir='ltr'>Paschatis</span> <span class='ocrx_word' id='word_1_143' title='bbox 1346 1081 1455 1123; x_wconf 83' lang='lat' dir='ltr'>&#39;inter</span> <span class='ocrx_word' id='word_1_144' title='bbox 1495 1084 1573 1124; x_wconf 89' lang='lat' dir='ltr'>alia</span> <span class='ocrx_word' id='word_1_145' title='bbox 1613 1089 1777 1125; x_wconf 85' lang='lat' dir='ltr'>nomina</span> 
     </span>
     <span class='ocr_line' id='line_1_17' title="bbox 335 1137 1774 1194; baseline 0.001 -16"><span class='ocrx_word' id='word_1_146' title='bbox 335 1153 495 1192; x_wconf 87' lang='lat' dir='ltr'>quoque</span> <span class='ocrx_word' id='word_1_147' title='bbox 521 1137 754 1178; x_wconf 67' lang='grc' dir='ltr'><strong><em>Γαλιλαίαν</em></strong></span> <span class='ocrx_word' id='word_1_148' title='bbox 778 1139 843 1178; x_wconf 89' lang='lat' dir='ltr'>vel</span> <span class='ocrx_word' id='word_1_149' title='bbox 865 1140 937 1190; x_wconf 75' lang='grc' dir='ltr'>τῆς</span> <span class='ocrx_word' id='word_1_150' title='bbox 967 1139 1196 1186; x_wconf 78' lang='grc' dir='ltr'><strong><em>Γαλιλαίας</em></strong></span> <span class='ocrx_word' id='word_1_151' title='bbox 1221 1138 1423 1192; x_wconf 87' lang='lat' dir='ltr'>appellant</span> <span class='ocrx_word' id='word_1_152' title='bbox 1438 1168 1450 1187; x_wconf 88' lang='lat'>‚</span> <span class='ocrx_word' id='word_1_153' title='bbox 1483 1140 1535 1178; x_wconf 89' lang='lat' dir='ltr'>de</span> <span class='ocrx_word' id='word_1_154' title='bbox 1565 1141 1677 1179; x_wconf 91' lang='lat' dir='ltr'>cuius</span> <span class='ocrx_word' id='word_1_155' title='bbox 1701 1155 1774 1194; x_wconf 86' lang='lat' dir='ltr'>ap-</span> 
     </span>
     <span class='ocr_line' id='line_1_18' title="bbox 333 1193 1771 1248; baseline 0.001 -15"><span class='ocrx_word' id='word_1_156' title='bbox 333 1193 558 1248; x_wconf 85' lang='lat' dir='ltr'>pellationis</span> <span class='ocrx_word' id='word_1_157' title='bbox 577 1194 731 1232; x_wconf 89' lang='lat' dir='ltr'>ratione</span> <span class='ocrx_word' id='word_1_158' title='bbox 753 1194 983 1233; x_wconf 81' lang='lat' dir='ltr'>consulatur</span> <span class='ocrx_word' id='word_1_159' title='bbox 1013 1195 1080 1232; x_wconf 93' lang='lat' dir='ltr'>Du</span> <span class='ocrx_word' id='word_1_160' title='bbox 1099 1195 1231 1248; x_wconf 83' lang='lat' dir='ltr'>Gange</span> <span class='ocrx_word' id='word_1_161' title='bbox 1253 1201 1425 1247; x_wconf 90' lang='lat' dir='ltr'>utroque</span> <span class='ocrx_word' id='word_1_162' title='bbox 1440 1195 1640 1234; x_wconf 87' lang='lat' dir='ltr'>Glossario</span> <span class='ocrx_word' id='word_1_163' title='bbox 1668 1195 1711 1234; x_wconf 89' lang='lat' dir='ltr'>h.</span> <span class='ocrx_word' id='word_1_164' title='bbox 1727 1209 1771 1235; x_wconf 88' lang='lat' dir='ltr'>v.</span> 
     </span>
    </p>

    <p class='ocr_par' dir='ltr' id='par_1_5' title="bbox 334 1246 1774 1468">
     <span class='ocr_line' id='line_1_19' title="bbox 419 1246 1774 1304; baseline 0 -16"><span class='ocrx_word' id='word_1_165' title='bbox 419 1263 512 1288; x_wconf 90' lang='lat'><strong>220.</strong></span> <span class='ocrx_word' id='word_1_166' title='bbox 536 1250 582 1287; x_wconf 89' lang='lat' dir='ltr'>B.</span> <span class='ocrx_word' id='word_1_167' title='bbox 611 1263 667 1288; x_wconf 90' lang='lat'>10.</span> <span class='ocrx_word' id='word_1_168' title='bbox 689 1249 804 1304; x_wconf 80' lang='lat'>[378‚</span> <span class='ocrx_word' id='word_1_169' title='bbox 829 1249 914 1303; x_wconf 84' lang='lat'>19.]</span> <span class='ocrx_word' id='word_1_170' title='bbox 958 1246 1004 1288; x_wconf 87' lang='grc' dir='ltr'>τὸ</span> <span class='ocrx_word' id='word_1_171' title='bbox 1035 1252 1161 1301; x_wconf 83' lang='grc' dir='ltr'><strong><em>χαῖρε</em></strong></span> <span class='ocrx_word' id='word_1_172' title='bbox 1201 1247 1390 1295; x_wconf 73' lang='grc' dir='ltr'><strong><em>δεδωκώς</em></strong></span> <span class='ocrx_word' id='word_1_173' title='bbox 1418 1248 1552 1304; x_wconf 83' lang='grc' dir='ltr'><strong><em>[ταῖς]</em></strong></span> <span class='ocrx_word' id='word_1_174' title='bbox 1580 1248 1774 1303; x_wconf 81' lang='grc' dir='ltr'><em>μυροφύ-</em></span> 
     </span>
     <span class='ocr_line' id='line_1_20' title="bbox 334 1303 1772 1358; baseline 0.001 -16"><span class='ocrx_word' id='word_1_175' title='bbox 334 1317 438 1356; x_wconf 83' lang='grc' dir='ltr'><strong><em>ροις.</em></strong></span> <span class='ocrx_word' id='word_1_176' title='bbox 494 1304 775 1358; x_wconf 86' lang='lat' dir='ltr'>lntelliguntur</span> <span class='ocrx_word' id='word_1_177' title='bbox 794 1312 874 1343; x_wconf 90' lang='lat' dir='ltr'>tres</span> <span class='ocrx_word' id='word_1_178' title='bbox 893 1305 1077 1343; x_wconf 85' lang='lat' dir='ltr'>mulieres</span> <span class='ocrx_word' id='word_1_179' title='bbox 1099 1311 1302 1357; x_wconf 85' lang='lat' dir='ltr'>unguenta</span> <span class='ocrx_word' id='word_1_180' title='bbox 1331 1305 1382 1342; x_wconf 88' lang='lat' dir='ltr'>ad</span> <span class='ocrx_word' id='word_1_181' title='bbox 1400 1303 1626 1357; x_wconf 88' lang='lat' dir='ltr'>sepulcrum</span> <span class='ocrx_word' id='word_1_182' title='bbox 1653 1305 1772 1355; x_wconf 84' lang='lat' dir='ltr'>Chri-—</span> 
     </span>
     <span class='ocr_line' id='line_1_21' title="bbox 335 1358 1772 1412; baseline 0.001 -15"><span class='ocrx_word' id='word_1_183' title='bbox 335 1360 385 1397; x_wconf 89' lang='lat' dir='ltr'>sti</span> <span class='ocrx_word' id='word_1_184' title='bbox 430 1358 629 1410; x_wconf 85' lang='lat' dir='ltr'>ferentes;</span> <span class='ocrx_word' id='word_1_185' title='bbox 673 1360 756 1398; x_wconf 87' lang='lat' dir='ltr'>vid.</span> <span class='ocrx_word' id='word_1_186' title='bbox 801 1360 1075 1412; x_wconf 85' lang='lat' dir='ltr'>Evangelistas</span> <span class='ocrx_word' id='word_1_187' title='bbox 1107 1361 1329 1412; x_wconf 88' lang='lat' dir='ltr'>passionem</span> <span class='ocrx_word' id='word_1_188' title='bbox 1370 1366 1409 1398; x_wconf 86' lang='lat' dir='ltr'>et</span> <span class='ocrx_word' id='word_1_189' title='bbox 1441 1360 1772 1399; x_wconf 77' lang='lat' dir='ltr'>resurrectionem</span> 
     </span>
     <span class='ocr_line' id='line_1_22' title="bbox 335 1409 1699 1468; baseline 0.001 -17"><span class='ocrx_word' id='word_1_190' title='bbox 335 1413 484 1452; x_wconf 84' lang='lat' dir='ltr'>Christi</span> <span class='ocrx_word' id='word_1_191' title='bbox 506 1414 772 1453; x_wconf 83' lang='lat' dir='ltr'>describentes</span> <span class='ocrx_word' id='word_1_192' title='bbox 787 1445 798 1465; x_wconf 84' lang='lat'>‚</span> <span class='ocrx_word' id='word_1_193' title='bbox 819 1422 858 1454; x_wconf 85' lang='lat' dir='ltr'>et</span> <span class='ocrx_word' id='word_1_194' title='bbox 882 1416 948 1453; x_wconf 89' lang='lat' dir='ltr'>Du</span> <span class='ocrx_word' id='word_1_195' title='bbox 971 1415 1105 1467; x_wconf 82' lang='lat' dir='ltr'>Cange</span> <span class='ocrx_word' id='word_1_196' title='bbox 1126 1414 1256 1453; x_wconf 89' lang='lat' dir='ltr'>Gloss.</span> <span class='ocrx_word' id='word_1_197' title='bbox 1274 1415 1347 1452; x_wconf 89' lang='lat' dir='ltr'>Gr.</span> <span class='ocrx_word' id='word_1_198' title='bbox 1366 1428 1407 1453; x_wconf 90' lang='lat' dir='ltr'>v.</span> <span class='ocrx_word' id='word_1_199' title='bbox 1433 1409 1699 1468; x_wconf 78' lang='grc' dir='ltr'><strong>Μυροφόροι.</strong></span> 
     </span>
    </p>

    <p class='ocr_par' dir='ltr' id='par_1_6' title="bbox 335 1468 1770 1743">
     <span class='ocr_line' id='line_1_23' title="bbox 445 1468 1770 1524; baseline 0.002 -17"><span class='ocrx_word' id='word_1_200' title='bbox 445 1469 492 1507; x_wconf 88' lang='lat' dir='ltr'>C.</span> <span class='ocrx_word' id='word_1_201' title='bbox 514 1469 554 1508; x_wconf 90' lang='grc'>8.</span> <span class='ocrx_word' id='word_1_202' title='bbox 571 1471 747 1524; x_wconf 70' lang='lat' dir='ltr'>inscript.</span> <span class='ocrx_word' id='word_1_203' title='bbox 777 1484 867 1524; x_wconf 83' lang='lat' dir='ltr'>cap.</span> <span class='ocrx_word' id='word_1_204' title='bbox 891 1470 1095 1508; x_wconf 73' lang='lat' dir='ltr'><em>LXXXI.</em></span> <span class='ocrx_word' id='word_1_205' title='bbox 1118 1470 1236 1524; x_wconf 81' lang='lat'>[379,</span> <span class='ocrx_word' id='word_1_206' title='bbox 1256 1468 1313 1521; x_wconf 90' lang='lat'>4.]</span> <span class='ocrx_word' id='word_1_207' title='bbox 1342 1468 1635 1524; x_wconf 62' lang='lat' dir='ltr'>vvptqvaywyt&#39;cy.</span> <span class='ocrx_word' id='word_1_208' title='bbox 1691 1469 1770 1509; x_wconf 87' lang='lat' dir='ltr'>Ne-</span> 
     </span>
     <span class='ocr_line' id='line_1_24' title="bbox 337 1524 1770 1578; baseline 0.001 -16"><span class='ocrx_word' id='word_1_209' title='bbox 337 1538 416 1577; x_wconf 89' lang='lat' dir='ltr'>que</span> <span class='ocrx_word' id='word_1_210' title='bbox 445 1524 522 1562; x_wconf 87' lang='lat' dir='ltr'>hoe</span> <span class='ocrx_word' id='word_1_211' title='bbox 550 1525 590 1562; x_wconf 91' lang='lat' dir='ltr'>in</span> <span class='ocrx_word' id='word_1_212' title='bbox 618 1526 746 1578; x_wconf 86' lang='lat' dir='ltr'>capite</span> <span class='ocrx_word' id='word_1_213' title='bbox 764 1554 775 1575; x_wconf 86' lang='lat'>‚</span> <span class='ocrx_word' id='word_1_214' title='bbox 806 1539 936 1578; x_wconf 89' lang='lat' dir='ltr'>neque</span> <span class='ocrx_word' id='word_1_215' title='bbox 966 1525 1007 1563; x_wconf 91' lang='lat' dir='ltr'>in</span> <span class='ocrx_word' id='word_1_216' title='bbox 1034 1533 1221 1578; x_wconf 88' lang='lat' dir='ltr'>sequente</span> <span class='ocrx_word' id='word_1_217' title='bbox 1240 1531 1338 1576; x_wconf 88' lang='lat' dir='ltr'>puto</span> <span class='ocrx_word' id='word_1_218' title='bbox 1360 1537 1581 1562; x_wconf 87' lang='lat' dir='ltr'>sermonem</span> <span class='ocrx_word' id='word_1_219' title='bbox 1605 1524 1657 1562; x_wconf 88' lang='lat' dir='ltr'>de</span> <span class='ocrx_word' id='word_1_220' title='bbox 1682 1525 1770 1564; x_wconf 84' lang='lat' dir='ltr'>Au-</span> 
     </span>
     <span class='ocr_line' id='line_1_25' title="bbox 337 1573 1769 1632; baseline 0.001 -15"><span class='ocrx_word' id='word_1_221' title='bbox 337 1581 440 1632; x_wconf 85' lang='lat' dir='ltr'>gusti</span> <span class='ocrx_word' id='word_1_222' title='bbox 467 1581 617 1631; x_wconf 85' lang='lat' dir='ltr'>nuptiis</span> <span class='ocrx_word' id='word_1_223' title='bbox 651 1594 759 1630; x_wconf 83' lang='lat' dir='ltr'>esse,</span> <span class='ocrx_word' id='word_1_224' title='bbox 796 1581 863 1619; x_wconf 87' lang='lat' dir='ltr'>sed</span> <span class='ocrx_word' id='word_1_225' title='bbox 902 1580 953 1618; x_wconf 88' lang='lat' dir='ltr'>de</span> <span class='ocrx_word' id='word_1_226' title='bbox 979 1580 1182 1619; x_wconf 86' lang='lat' dir='ltr'>demarchi</span> <span class='ocrx_word' id='word_1_227' title='bbox 1219 1587 1390 1618; x_wconf 82' lang='lat' dir='ltr'>tantum.</span> <span class='ocrx_word' id='word_1_228' title='bbox 1451 1573 1769 1631; x_wconf 77' lang='grc' dir='ltr'><strong><em>Νυμφαγιόγιον</em></strong></span> 
     </span>
     <span class='ocr_line' id='line_1_26' title="bbox 336 1629 1768 1688; baseline 0 -15"><span class='ocrx_word' id='word_1_229' title='bbox 336 1641 396 1673; x_wconf 89' lang='lat' dir='ltr'>est</span> <span class='ocrx_word' id='word_1_230' title='bbox 435 1634 623 1673; x_wconf 89' lang='lat' dir='ltr'>deductio</span> <span class='ocrx_word' id='word_1_231' title='bbox 665 1649 830 1688; x_wconf 87' lang='lat' dir='ltr'>sponsae</span> <span class='ocrx_word' id='word_1_232' title='bbox 862 1637 903 1673; x_wconf 92' lang='lat' dir='ltr'>in</span> <span class='ocrx_word' id='word_1_233' title='bbox 931 1635 1045 1674; x_wconf 90' lang='lat' dir='ltr'>aedes</span> <span class='ocrx_word' id='word_1_234' title='bbox 1071 1636 1227 1688; x_wconf 88' lang='lat' dir='ltr'>sponsi,</span> <span class='ocrx_word' id='word_1_235' title='bbox 1258 1648 1379 1687; x_wconf 89' lang='lat' dir='ltr'>quam</span> <span class='ocrx_word' id='word_1_236' title='bbox 1396 1633 1575 1686; x_wconf 87' lang='lat' dir='ltr'>sequitur</span> <span class='ocrx_word' id='word_1_237' title='bbox 1598 1629 1642 1672; x_wconf 83' lang='grc' dir='ltr'>τὸ</span> <span class='ocrx_word' id='word_1_238' title='bbox 1671 1647 1768 1673; x_wconf 83' lang='grc' dir='ltr'><em>στε-</em></span> 
     </span>
     <span class='ocr_line' id='line_1_27' title="bbox 335 1683 1370 1743; baseline 0 -16"><span class='ocrx_word' id='word_1_239' title='bbox 335 1683 519 1742; x_wconf 77' lang='grc' dir='ltr'><strong><em>φάνωμα</em></strong></span> <span class='ocrx_word' id='word_1_240' title='bbox 545 1704 614 1728; x_wconf 92' lang='lat' dir='ltr'>seu</span> <span class='ocrx_word' id='word_1_241' title='bbox 637 1691 835 1743; x_wconf 85' lang='lat' dir='ltr'>impositio</span> <span class='ocrx_word' id='word_1_242' title='bbox 859 1704 1098 1728; x_wconf 86' lang='lat' dir='ltr'>coronarum</span> <span class='ocrx_word' id='word_1_243' title='bbox 1117 1689 1370 1742; x_wconf 86' lang='lat' dir='ltr'>nuptialium.</span> 
     </span>
    </p>

    <p class='ocr_par' dir='ltr' id='par_1_7' title="bbox 330 1740 1765 1961">
     <span class='ocr_line' id='line_1_28' title="bbox 439 1740 1763 1799; baseline -0.002 -17"><span class='ocrx_word' id='word_1_244' title='bbox 439 1745 494 1782; x_wconf 92' lang='lat' dir='ltr'>D.</span> <span class='ocrx_word' id='word_1_245' title='bbox 521 1758 556 1783; x_wconf 90' lang='lat'>2.</span> <span class='ocrx_word' id='word_1_246' title='bbox 577 1744 767 1799; x_wconf 80' lang='lat'>[379‚6.]</span> <span class='ocrx_word' id='word_1_247' title='bbox 811 1740 1045 1797; x_wconf 80' lang='grc' dir='ltr'><strong><em>κατιούσης.</em></strong></span> <span class='ocrx_word' id='word_1_248' title='bbox 1102 1746 1161 1784; x_wconf 82' lang='lat' dir='ltr'>Ut</span> <span class='ocrx_word' id='word_1_249' title='bbox 1195 1745 1385 1783; x_wconf 81' lang='lat' dir='ltr'>deducere</span> <span class='ocrx_word' id='word_1_250' title='bbox 1418 1755 1600 1796; x_wconf 81' lang='lat' dir='ltr'>sponsam</span> <span class='ocrx_word' id='word_1_251' title='bbox 1629 1742 1763 1780; x_wconf 87' lang='lat' dir='ltr'>Latini</span> 
     </span>
     <span class='ocr_line' id='line_1_29' title="bbox 330 1797 1764 1853; baseline -0.001 -17"><span class='ocrx_word' id='word_1_252' title='bbox 330 1797 470 1837; x_wconf 90' lang='lat' dir='ltr'>dicunt</span> <span class='ocrx_word' id='word_1_253' title='bbox 501 1814 575 1852; x_wconf 91' lang='lat' dir='ltr'>pro</span> <span class='ocrx_word' id='word_1_254' title='bbox 607 1814 651 1838; x_wconf 88' lang='lat' dir='ltr'>ex</span> <span class='ocrx_word' id='word_1_255' title='bbox 679 1800 842 1839; x_wconf 88' lang='lat' dir='ltr'>aedibus</span> <span class='ocrx_word' id='word_1_256' title='bbox 860 1801 1036 1852; x_wconf 88' lang='lat' dir='ltr'>paternis</span> <span class='ocrx_word' id='word_1_257' title='bbox 1056 1800 1107 1838; x_wconf 89' lang='lat' dir='ltr'>ad</span> <span class='ocrx_word' id='word_1_258' title='bbox 1125 1813 1314 1853; x_wconf 89' lang='lat' dir='ltr'>sponsum</span> <span class='ocrx_word' id='word_1_259' title='bbox 1339 1798 1499 1846; x_wconf 88' lang='lat' dir='ltr'>ducere,</span> <span class='ocrx_word' id='word_1_260' title='bbox 1521 1798 1577 1835; x_wconf 87' lang='lat' dir='ltr'>sic</span> <span class='ocrx_word' id='word_1_261' title='bbox 1603 1810 1764 1849; x_wconf 89' lang='lat' dir='ltr'>quoque</span> 
     </span>
     <span class='ocr_line' id='line_1_30' title="bbox 331 1850 1765 1907; baseline 0 -17"><span class='ocrx_word' id='word_1_262' title='bbox 331 1854 475 1892; x_wconf 86' lang='lat' dir='ltr'>Graeci</span> <span class='ocrx_word' id='word_1_263' title='bbox 519 1855 570 1893; x_wconf 91' lang='lat' dir='ltr'>de</span> <span class='ocrx_word' id='word_1_264' title='bbox 601 1869 745 1907; x_wconf 85' lang='lat' dir='ltr'>sponsa</span> <span class='ocrx_word' id='word_1_265' title='bbox 777 1856 828 1894; x_wconf 93' lang='lat' dir='ltr'>ad</span> <span class='ocrx_word' id='word_1_266' title='bbox 866 1856 1055 1893; x_wconf 86' lang='lat' dir='ltr'>maritum</span> <span class='ocrx_word' id='word_1_267' title='bbox 1094 1861 1324 1894; x_wconf 85' lang='lat' dir='ltr'>transeunte</span> <span class='ocrx_word' id='word_1_268' title='bbox 1360 1866 1453 1891; x_wconf 88' lang='lat' dir='ltr'>cum</span> <span class='ocrx_word' id='word_1_269' title='bbox 1493 1850 1765 1904; x_wconf 80' lang='lat' dir='ltr'>suppellectile</span> 
     </span>
     <span class='ocr_line' id='line_1_31' title="bbox 333 1909 1324 1961; baseline -0.001 -15"><span class='ocrx_word' id='word_1_270' title='bbox 333 1921 403 1946; x_wconf 86' lang='lat' dir='ltr'>sua</span> <span class='ocrx_word' id='word_1_271' title='bbox 438 1909 578 1948; x_wconf 88' lang='lat' dir='ltr'>dicunt</span> <span class='ocrx_word' id='word_1_272' title='bbox 596 1910 781 1949; x_wconf 83' lang='grc' dir='ltr'><strong><em>κατιέναι</em></strong></span> <span class='ocrx_word' id='word_1_273' title='bbox 794 1940 805 1961; x_wconf 84' lang='lat'><strong><em>‚</em></strong></span> <span class='ocrx_word' id='word_1_274' title='bbox 825 1911 1008 1949; x_wconf 81' lang='lat' dir='ltr'>devenire</span> <span class='ocrx_word' id='word_1_275' title='bbox 1034 1917 1103 1947; x_wconf 87' lang='lat' dir='ltr'>aut</span> <span class='ocrx_word' id='word_1_276' title='bbox 1128 1909 1324 1947; x_wconf 81' lang='lat' dir='ltr'>decedere.</span> 
     </span>
    </p>

    <p class='ocr_par' dir='ltr' id='par_1_8' title="bbox 332 1960 1762 2126">
     <span class='ocr_line' id='line_1_32' title="bbox 415 1960 1762 2020; baseline -0.001 -19"><span class='ocrx_word' id='word_1_277' title='bbox 415 1977 510 2001; x_wconf 80' lang='lat'><strong>221.</strong></span> <span class='ocrx_word' id='word_1_278' title='bbox 532 1964 638 2005; x_wconf 87' lang='lat' dir='ltr'><strong>A.2.</strong></span> <span class='ocrx_word' id='word_1_279' title='bbox 665 1965 776 2020; x_wconf 85' lang='lat'>[379‚</span> <span class='ocrx_word' id='word_1_280' title='bbox 805 1964 889 2017; x_wconf 83' lang='lat'>14]</span> <span class='ocrx_word' id='word_1_281' title='bbox 931 1960 1028 2008; x_wconf 78' lang='grc' dir='ltr'>τούς</span> <span class='ocrx_word' id='word_1_282' title='bbox 1067 1961 1395 2014; x_wconf 75' lang='grc' dir='ltr'>συμπενθέρους.</span> <span class='ocrx_word' id='word_1_283' title='bbox 1453 1961 1662 2014; x_wconf 85' lang='lat' dir='ltr'>Utrosque</span> <span class='ocrx_word' id='word_1_284' title='bbox 1696 1974 1762 2000; x_wconf 88' lang='lat' dir='ltr'>so-</span> 
     </span>
     <span class='ocr_line' id='line_1_33' title="bbox 332 2016 1756 2071; baseline -0.001 -15"><span class='ocrx_word' id='word_1_285' title='bbox 332 2031 446 2057; x_wconf 83' lang='lat' dir='ltr'>ceros</span> <span class='ocrx_word' id='word_1_286' title='bbox 460 2047 472 2067; x_wconf 83' lang='lat'>,</span> <span class='ocrx_word' id='word_1_287' title='bbox 489 2025 571 2056; x_wconf 92' lang='lat' dir='ltr'>tam</span> <span class='ocrx_word' id='word_1_288' title='bbox 595 2022 744 2071; x_wconf 77' lang='lat' dir='ltr'>sponsi,</span> <span class='ocrx_word' id='word_1_289' title='bbox 765 2033 885 2070; x_wconf 85' lang='lat' dir='ltr'>quam</span> <span class='ocrx_word' id='word_1_290' title='bbox 909 2031 1077 2069; x_wconf 90' lang='lat' dir='ltr'>sponsae</span> <span class='ocrx_word' id='word_1_291' title='bbox 1098 2024 1250 2069; x_wconf 89' lang='lat' dir='ltr'>patrem</span> <span class='ocrx_word' id='word_1_292' title='bbox 1285 2023 1405 2069; x_wconf 88' lang='lat' dir='ltr'>atque</span> <span class='ocrx_word' id='word_1_293' title='bbox 1434 2023 1633 2068; x_wconf 78' lang='lat' dir='ltr'>matrem5</span> <span class='ocrx_word' id='word_1_294' title='bbox 1671 2016 1756 2056; x_wconf 87' lang='lat' dir='ltr'>vid.</span> 
     </span>
     <span class='ocr_line' id='line_1_34' title="bbox 332 2071 1318 2126; baseline -0.002 -15"><span class='ocrx_word' id='word_1_295' title='bbox 332 2073 401 2111; x_wconf 93' lang='lat' dir='ltr'>Du</span> <span class='ocrx_word' id='word_1_296' title='bbox 422 2072 558 2126; x_wconf 86' lang='lat' dir='ltr'>Gange</span> <span class='ocrx_word' id='word_1_297' title='bbox 575 2073 639 2115; x_wconf 90' lang='lat' dir='ltr'>Gl.</span> <span class='ocrx_word' id='word_1_298' title='bbox 657 2074 730 2111; x_wconf 92' lang='lat' dir='ltr'>Gr.</span> <span class='ocrx_word' id='word_1_299' title='bbox 752 2073 794 2111; x_wconf 90' lang='lat' dir='ltr'>h.</span> <span class='ocrx_word' id='word_1_300' title='bbox 816 2086 857 2111; x_wconf 89' lang='lat' dir='ltr'>v.</span> <span class='ocrx_word' id='word_1_301' title='bbox 878 2079 916 2111; x_wconf 90' lang='lat' dir='ltr'>et</span> <span class='ocrx_word' id='word_1_302' title='bbox 946 2072 998 2110; x_wconf 88' lang='lat' dir='ltr'>ad</span> <span class='ocrx_word' id='word_1_303' title='bbox 1027 2071 1143 2110; x_wconf 87' lang='lat' dir='ltr'>Alex.</span> <span class='ocrx_word' id='word_1_304' title='bbox 1163 2086 1202 2125; x_wconf 90' lang='lat' dir='ltr'>p.</span> <span class='ocrx_word' id='word_1_305' title='bbox 1224 2071 1318 2110; x_wconf 80' lang='lat'>233.</span> 
     </span>
    </p>

    <p class='ocr_par' dir='ltr' id='par_1_9' title="bbox 328 2121 1761 2832">
     <span class='ocr_line' id='line_1_35' title="bbox 442 2121 1761 2182; baseline -0.003 -16"><span class='ocrx_word' id='word_1_306' title='bbox 442 2127 493 2166; x_wconf 86' lang='lat' dir='ltr'>A.</span> <span class='ocrx_word' id='word_1_307' title='bbox 513 2128 551 2167; x_wconf 88' lang='lat'>5.</span> <span class='ocrx_word' id='word_1_308' title='bbox 575 2127 693 2181; x_wconf 75' lang='lat'><strong>[379‚</strong></span> <span class='ocrx_word' id='word_1_309' title='bbox 731 2126 816 2182; x_wconf 85' lang='lat'>17.]</span> <span class='ocrx_word' id='word_1_310' title='bbox 867 2121 1164 2179; x_wconf 77' lang='grc' dir='ltr'>ζευγόνυμφον.</span> <span class='ocrx_word' id='word_1_311' title='bbox 1231 2126 1311 2164; x_wconf 86' lang='lat' dir='ltr'>Per</span> <span class='ocrx_word' id='word_1_312' title='bbox 1357 2125 1476 2164; x_wconf 80' lang='lat' dir='ltr'>solem</span> <span class='ocrx_word' id='word_1_313' title='bbox 1526 2123 1761 2177; x_wconf 78' lang='lat' dir='ltr'>intelligit-ur</span> 
     </span>
     <span class='ocr_line' id='line_1_36' title="bbox 331 2180 1760 2235; baseline -0.002 -15"><span class='ocrx_word' id='word_1_314' title='bbox 331 2181 431 2222; x_wconf 90' lang='lat' dir='ltr'>dies.</span> <span class='ocrx_word' id='word_1_315' title='bbox 491 2182 591 2221; x_wconf 88' lang='lat' dir='ltr'>Vult</span> <span class='ocrx_word' id='word_1_316' title='bbox 631 2185 762 2235; x_wconf 88' lang='lat' dir='ltr'>itaque</span> <span class='ocrx_word' id='word_1_317' title='bbox 785 2195 943 2220; x_wconf 87' lang='lat' dir='ltr'>carmen</span> <span class='ocrx_word' id='word_1_318' title='bbox 972 2181 1048 2219; x_wconf 88' lang='lat' dir='ltr'>hoc</span> <span class='ocrx_word' id='word_1_319' title='bbox 1079 2180 1289 2228; x_wconf 85' lang='lat' dir='ltr'>Graeculi,</span> <span class='ocrx_word' id='word_1_320' title='bbox 1326 2180 1412 2218; x_wconf 87' lang='lat' dir='ltr'>sciti</span> <span class='ocrx_word' id='word_1_321' title='bbox 1439 2194 1510 2218; x_wconf 89' lang='lat' dir='ltr'>sua</span> <span class='ocrx_word' id='word_1_322' title='bbox 1533 2187 1572 2218; x_wconf 90' lang='lat' dir='ltr'>et</span> <span class='ocrx_word' id='word_1_323' title='bbox 1597 2193 1760 2218; x_wconf 87' lang='lat' dir='ltr'>suorum</span> 
     </span>
     <span class='ocr_line' id='line_1_37' title="bbox 332 2233 1759 2289; baseline -0.003 -14"><span class='ocrx_word' id='word_1_324' title='bbox 332 2237 518 2289; x_wconf 88' lang='lat' dir='ltr'>opinione</span> <span class='ocrx_word' id='word_1_325' title='bbox 561 2237 701 2289; x_wconf 88' lang='lat' dir='ltr'>procul</span> <span class='ocrx_word' id='word_1_326' title='bbox 734 2237 857 2275; x_wconf 89' lang='lat' dir='ltr'>dubio</span> <span class='ocrx_word' id='word_1_327' title='bbox 887 2238 1053 2288; x_wconf 62' lang='lat' dir='ltr'>poetae,</span> <span class='ocrx_word' id='word_1_328' title='bbox 1086 2236 1240 2274; x_wconf 85' lang='lat' dir='ltr'>dicere:</span> <span class='ocrx_word' id='word_1_329' title='bbox 1273 2235 1390 2273; x_wconf 88' lang='lat' dir='ltr'>video</span> <span class='ocrx_word' id='word_1_330' title='bbox 1422 2234 1527 2273; x_wconf 90' lang='lat' dir='ltr'>diem</span> <span class='ocrx_word' id='word_1_331' title='bbox 1553 2233 1661 2272; x_wconf 88' lang='lat' dir='ltr'>hune</span> <span class='ocrx_word' id='word_1_332' title='bbox 1683 2247 1759 2285; x_wconf 90' lang='lat' dir='ltr'>par</span> 
     </span>
     <span class='ocr_line' id='line_1_38' title="bbox 332 2290 1757 2344; baseline -0.003 -15"><span class='ocrx_word' id='word_1_333' title='bbox 332 2293 552 2329; x_wconf 88' lang='lat' dir='ltr'>amantium</span> <span class='ocrx_word' id='word_1_334' title='bbox 577 2293 814 2344; x_wconf 87' lang='lat' dir='ltr'>coniungere</span> <span class='ocrx_word' id='word_1_335' title='bbox 842 2292 879 2329; x_wconf 90' lang='lat' dir='ltr'>in</span> <span class='ocrx_word' id='word_1_336' title='bbox 899 2291 1017 2329; x_wconf 84' lang='lat' dir='ltr'>thoro</span> <span class='ocrx_word' id='word_1_337' title='bbox 1037 2290 1101 2328; x_wconf 90' lang='lat' dir='ltr'>vel</span> <span class='ocrx_word' id='word_1_338' title='bbox 1126 2290 1302 2328; x_wconf 87' lang='lat' dir='ltr'>thalamo</span> <span class='ocrx_word' id='word_1_339' title='bbox 1323 2319 1334 2339; x_wconf 89' lang='lat'>‚</span> <span class='ocrx_word' id='word_1_340' title='bbox 1365 2303 1464 2327; x_wconf 91' lang='lat' dir='ltr'>auro</span> <span class='ocrx_word' id='word_1_341' title='bbox 1492 2295 1629 2327; x_wconf 86' lang='lat' dir='ltr'>contra</span> <span class='ocrx_word' id='word_1_342' title='bbox 1649 2301 1757 2326; x_wconf 82' lang='lat' dir='ltr'>caro.</span> 
     </span>
     <span class='ocr_line' id='line_1_39' title="bbox 331 2334 1758 2399; baseline -0.001 -15"><span class='ocrx_word' id='word_1_343' title='bbox 331 2340 632 2398; x_wconf 81' lang='grc' dir='ltr'><strong><em>Ζευγόνυμφος</em></strong></span> <span class='ocrx_word' id='word_1_344' title='bbox 660 2353 718 2384; x_wconf 89' lang='lat' dir='ltr'>est</span> <span class='ocrx_word' id='word_1_345' title='bbox 735 2348 893 2398; x_wconf 78' lang='lat' dir='ltr'>iungens</span> <span class='ocrx_word' id='word_1_346' title='bbox 909 2360 990 2399; x_wconf 83' lang='lat' dir='ltr'>par</span> <span class='ocrx_word' id='word_1_347' title='bbox 1013 2346 1234 2398; x_wconf 78' lang='lat' dir='ltr'>coniugale,</span> <span class='ocrx_word' id='word_1_348' title='bbox 1265 2358 1379 2384; x_wconf 85' lang='lat' dir='ltr'>sensu</span> <span class='ocrx_word' id='word_1_349' title='bbox 1411 2345 1554 2382; x_wconf 86' lang='lat' dir='ltr'>activo.</span> <span class='ocrx_word' id='word_1_350' title='bbox 1614 2342 1659 2380; x_wconf 90' lang='lat' dir='ltr'>In</span> <span class='ocrx_word' id='word_1_351' title='bbox 1683 2334 1758 2382; x_wconf 70' lang='grc' dir='ltr'>ἆλ-</span> 
     </span>
     <span class='ocr_line' id='line_1_40' title="bbox 331 2396 1757 2453; baseline -0.003 -15"><span class='ocrx_word' id='word_1_352' title='bbox 331 2401 435 2451; x_wconf 86' lang='grc' dir='ltr'>ληλα</span> <span class='ocrx_word' id='word_1_353' title='bbox 463 2398 773 2452; x_wconf 78' lang='grc' dir='ltr'><strong><em>ἕνηγκαλίζοντο</em></strong></span> <span class='ocrx_word' id='word_1_354' title='bbox 794 2399 1101 2453; x_wconf 85' lang='lat' dir='ltr'>subintelligitur</span> <span class='ocrx_word' id='word_1_355' title='bbox 1121 2396 1168 2439; x_wconf 75' lang='grc' dir='ltr'>τά</span> <span class='ocrx_word' id='word_1_356' title='bbox 1204 2397 1348 2451; x_wconf 75' lang='grc' dir='ltr'><em>ζεύγη,</em></span> <span class='ocrx_word' id='word_1_357' title='bbox 1376 2400 1497 2453; x_wconf 85' lang='lat' dir='ltr'>paria</span> <span class='ocrx_word' id='word_1_358' title='bbox 1519 2398 1613 2435; x_wconf 81' lang='lat' dir='ltr'>haec</span> <span class='ocrx_word' id='word_1_359' title='bbox 1638 2410 1757 2450; x_wconf 38' lang='lat' dir='ltr'>spons</span> 
     </span>
     <span class='ocr_line' id='line_1_41' title="bbox 330 2447 1756 2508; baseline -0.003 -17"><span class='ocrx_word' id='word_1_360' title='bbox 330 2455 456 2502; x_wconf 83' lang='lat' dir='ltr'>salia,</span> <span class='ocrx_word' id='word_1_361' title='bbox 489 2461 558 2492; x_wconf 88' lang='lat' dir='ltr'>aut</span> <span class='ocrx_word' id='word_1_362' title='bbox 585 2455 618 2492; x_wconf 89' lang='lat' dir='ltr'>si</span> <span class='ocrx_word' id='word_1_363' title='bbox 644 2452 847 2507; x_wconf 74' lang='grc' dir='ltr'><em>ἀλλήλους</em></span> <span class='ocrx_word' id='word_1_364' title='bbox 870 2455 996 2508; x_wconf 84' lang='lat' dir='ltr'>legas,</span> <span class='ocrx_word' id='word_1_365' title='bbox 1034 2454 1342 2507; x_wconf 85' lang='lat' dir='ltr'>subintelligitur</span> <span class='ocrx_word' id='word_1_366' title='bbox 1366 2451 1403 2491; x_wconf 85' lang='grc' dir='ltr'>οἱ</span> <span class='ocrx_word' id='word_1_367' title='bbox 1430 2447 1617 2504; x_wconf 79' lang='grc' dir='ltr'>νύμφιοι.</span> <span class='ocrx_word' id='word_1_368' title='bbox 1660 2451 1756 2488; x_wconf 89' lang='grc' dir='ltr'>Πο-</span> 
     </span>
     <span class='ocr_line' id='line_1_42' title="bbox 330 2504 1756 2562; baseline -0.003 -16"><span class='ocrx_word' id='word_1_369' title='bbox 330 2505 463 2560; x_wconf 72' lang='grc' dir='ltr'>θητὴν</span> <span class='ocrx_word' id='word_1_370' title='bbox 500 2509 730 2558; x_wconf 69' lang='grc' dir='ltr'><strong><em>ἐπιθυμίαν</em></strong></span> <span class='ocrx_word' id='word_1_371' title='bbox 769 2518 828 2549; x_wconf 88' lang='lat' dir='ltr'>est</span> <span class='ocrx_word' id='word_1_372' title='bbox 853 2525 926 2562; x_wconf 88' lang='lat' dir='ltr'>pro</span> <span class='ocrx_word' id='word_1_373' title='bbox 966 2506 1066 2556; x_wconf 71' lang='grc' dir='ltr'>μετά</span> <span class='ocrx_word' id='word_1_374' title='bbox 1100 2508 1284 2561; x_wconf 75' lang='grc' dir='ltr'><strong><em>ποθητῆς</em></strong></span> <span class='ocrx_word' id='word_1_375' title='bbox 1311 2504 1562 2555; x_wconf 71' lang='grc' dir='ltr'><strong><em>ἐπιθυμίας,</em></strong></span> <span class='ocrx_word' id='word_1_376' title='bbox 1609 2506 1756 2559; x_wconf 71' lang='lat' dir='ltr'>impetu</span> 
     </span>
     <span class='ocr_line' id='line_1_43' title="bbox 330 2557 1753 2616; baseline -0.001 -18"><span class='ocrx_word' id='word_1_377' title='bbox 330 2561 399 2599; x_wconf 79' lang='lat' dir='ltr'>diu</span> <span class='ocrx_word' id='word_1_378' title='bbox 440 2565 580 2615; x_wconf 78' lang='lat' dir='ltr'>cupito.</span> <span class='ocrx_word' id='word_1_379' title='bbox 641 2565 774 2603; x_wconf 85' lang='lat' dir='ltr'>Dictio</span> <span class='ocrx_word' id='word_1_380' title='bbox 825 2557 934 2616; x_wconf 64' lang='grc' dir='ltr'><em>(ἵν-θη</em></span> <span class='ocrx_word' id='word_1_381' title='bbox 977 2560 1190 2616; x_wconf 80' lang='grc' dir='ltr'><strong><em>ἐσώρευσα</em></strong></span> <span class='ocrx_word' id='word_1_382' title='bbox 1222 2568 1308 2601; x_wconf 80' lang='lat' dir='ltr'>etc.</span> <span class='ocrx_word' id='word_1_383' title='bbox 1341 2561 1500 2599; x_wconf 85' lang='lat' dir='ltr'>videtur</span> <span class='ocrx_word' id='word_1_384' title='bbox 1529 2573 1551 2598; x_wconf 89' lang='lat' dir='ltr'>e</span> <span class='ocrx_word' id='word_1_385' title='bbox 1585 2559 1753 2599; x_wconf 86' lang='lat' dir='ltr'>Cantico</span> 
     </span>
     <span class='ocr_line' id='line_1_44' title="bbox 333 2613 1752 2665; baseline 0.001 -14"><span class='ocrx_word' id='word_1_386' title='bbox 333 2614 588 2656; x_wconf 86' lang='lat' dir='ltr'>Canticorum</span> <span class='ocrx_word' id='word_1_387' title='bbox 615 2619 836 2658; x_wconf 90' lang='lat' dir='ltr'>Salomonis</span> <span class='ocrx_word' id='word_1_388' title='bbox 876 2619 1073 2657; x_wconf 82' lang='lat' dir='ltr'>traducta.</span> <span class='ocrx_word' id='word_1_389' title='bbox 1133 2619 1264 2656; x_wconf 89' lang='lat' dir='ltr'>Dictio</span> <span class='ocrx_word' id='word_1_390' title='bbox 1300 2613 1600 2665; x_wconf 73' lang='grc' dir='ltr'><strong><em>ἑγγλυκοθέατα</em></strong></span> <span class='ocrx_word' id='word_1_391' title='bbox 1644 2627 1752 2653; x_wconf 88' lang='lat' dir='ltr'>nova</span> 
     </span>
     <span class='ocr_line' id='line_1_45' title="bbox 331 2667 1754 2726; baseline 0.001 -21"><span class='ocrx_word' id='word_1_392' title='bbox 331 2675 370 2706; x_wconf 87' lang='lat' dir='ltr'>et</span> <span class='ocrx_word' id='word_1_393' title='bbox 399 2671 562 2710; x_wconf 83' lang='lat' dir='ltr'>conficta</span> <span class='ocrx_word' id='word_1_394' title='bbox 591 2681 671 2723; x_wconf 85' lang='lat' dir='ltr'>est,</span> <span class='ocrx_word' id='word_1_395' title='bbox 700 2681 890 2726; x_wconf 85' lang='lat' dir='ltr'>notatque</span> <span class='ocrx_word' id='word_1_396' title='bbox 916 2688 986 2722; x_wconf 83' lang='lat' dir='ltr'>ea,</span> <span class='ocrx_word' id='word_1_397' title='bbox 1025 2687 1128 2726; x_wconf 86' lang='lat' dir='ltr'>quae</span> <span class='ocrx_word' id='word_1_398' title='bbox 1155 2685 1246 2710; x_wconf 91' lang='lat' dir='ltr'>cum</span> <span class='ocrx_word' id='word_1_399' title='bbox 1273 2669 1505 2718; x_wconf 88' lang='lat' dir='ltr'>dulcedine,</span> <span class='ocrx_word' id='word_1_400' title='bbox 1550 2667 1754 2721; x_wconf 82' lang='lat' dir='ltr'>voluptate</span> 
     </span>
     <span class='ocr_line' id='line_1_46' title="bbox 330 2723 1752 2782; baseline 0.001 -22"><span class='ocrx_word' id='word_1_401' title='bbox 330 2731 572 2773; x_wconf 88' lang='lat' dir='ltr'>spectantur.</span> <span class='ocrx_word' id='word_1_402' title='bbox 625 2725 951 2782; x_wconf 80' lang='grc' dir='ltr'><strong><em>Ῥοδοεύμορφα</em></strong></span> <span class='ocrx_word' id='word_1_403' title='bbox 990 2728 1168 2767; x_wconf 88' lang='lat' dir='ltr'>eiusdem</span> <span class='ocrx_word' id='word_1_404' title='bbox 1203 2724 1408 2764; x_wconf 86' lang='lat' dir='ltr'>commatis</span> <span class='ocrx_word' id='word_1_405' title='bbox 1438 2730 1525 2776; x_wconf 83' lang='lat' dir='ltr'>est,</span> <span class='ocrx_word' id='word_1_406' title='bbox 1555 2732 1635 2763; x_wconf 79' lang='lat' dir='ltr'>tam</span> <span class='ocrx_word' id='word_1_407' title='bbox 1657 2723 1752 2777; x_wconf 84' lang='lat' dir='ltr'>pul-</span> 
     </span>
     <span class='ocr_line' id='line_1_47' title="bbox 328 2778 726 2832; baseline 0.018 -18"><span class='ocrx_word' id='word_1_408' title='bbox 328 2778 436 2829; x_wconf 79' lang='lat' dir='ltr'>chra,</span> <span class='ocrx_word' id='word_1_409' title='bbox 463 2793 580 2832; x_wconf 79' lang='lat' dir='ltr'>quam</span> <span class='ocrx_word' id='word_1_410' title='bbox 602 2795 726 2821; x_wconf 79' lang='lat' dir='ltr'>rosae.</span> 
     </span>
    </p>
   </div>
  </div>
 </body>
</html>
