<?xml version="1.0" encoding="UTF-8"?>
<!DOCTYPE html PUBLIC "-//W3C//DTD XHTML 1.0 Transitional//EN"
    "http://www.w3.org/TR/xhtml1/DTD/xhtml1-transitional.dtd">
<html xmlns="http://www.w3.org/1999/xhtml" xml:lang="en" lang="en">
 <head>
  <title>
</title>
<meta http-equiv="Content-Type" content="text/html;charset=utf-8" />
  <meta name='ocr-system' content='tesseract 3.04.00' />
  <meta name='ocr-capabilities' content='ocr_page ocr_carea ocr_par ocr_line ocrx_word'/>
</head>
<body>
  <div class='ocr_page' id='page_1' title='image "./corpusscriptorum08niebuoft/corpusscriptorum08niebuoft_0808.png"; bbox 0 0 1884 3132; ppageno 0'>
   <div class='ocr_carea' id='block_1_1' title="bbox 314 142 1754 335">
    <p class='ocr_par' dir='ltr' id='par_1_1' title="bbox 314 142 1754 335">
     <span class='ocr_line' id='line_1_1' title="bbox 314 142 1496 208; baseline 0.003 -3"><span class='ocrx_word' id='word_1_1' title='bbox 314 142 424 200; x_wconf 85' lang='lat'>800</span> <span class='ocrx_word' id='word_1_2' title='bbox 622 162 695 206; x_wconf 75' lang='lat'>10‘.</span> <span class='ocrx_word' id='word_1_3' title='bbox 737 163 841 208; x_wconf 71' lang='grc' dir='ltr'>1Αο.</span> <span class='ocrx_word' id='word_1_4' title='bbox 881 164 1076 207; x_wconf 61' lang='lat' dir='ltr'>masan</span> <span class='ocrx_word' id='word_1_5' title='bbox 1111 159 1496 208; x_wconf 78' lang='lat' dir='ltr'>COMMENTARII</span> 
     </span>
     <span class='ocr_line' id='line_1_2' title="bbox 423 265 1754 335; baseline 0.003 -27"><span class='ocrx_word' id='word_1_6' title='bbox 423 267 471 308; x_wconf 88' lang='lat' dir='ltr'>C.</span> <span class='ocrx_word' id='word_1_7' title='bbox 494 267 536 309; x_wconf 86' lang='lat'>6.</span> <span class='ocrx_word' id='word_1_8' title='bbox 556 267 679 335; x_wconf 50' lang='lat'>1680,</span> <span class='ocrx_word' id='word_1_9' title='bbox 705 267 764 322; x_wconf 83' lang='lat'>2.]</span> <span class='ocrx_word' id='word_1_10' title='bbox 810 265 1043 323; x_wconf 73' lang='grc' dir='ltr'><strong><em>ἐρχόμενοι.</em></strong></span> <span class='ocrx_word' id='word_1_11' title='bbox 1100 270 1160 310; x_wconf 90' lang='lat' dir='ltr'>Ita</span> <span class='ocrx_word' id='word_1_12' title='bbox 1189 284 1262 324; x_wconf 84' lang='lat' dir='ltr'>per</span> <span class='ocrx_word' id='word_1_13' title='bbox 1285 284 1462 310; x_wconf 85' lang='lat' dir='ltr'>errorem</span> <span class='ocrx_word' id='word_1_14' title='bbox 1493 269 1603 311; x_wconf 82' lang='lat' dir='ltr'>dedit</span> <span class='ocrx_word' id='word_1_15' title='bbox 1629 267 1754 312; x_wconf 81' lang='lat' dir='ltr'>libra-</span> 
     </span>
    </p>
   </div>
   <div class='ocr_carea' id='block_1_2' title="bbox 317 324 1773 2801">
    <p class='ocr_par' dir='ltr' id='par_1_2' title="bbox 317 324 796 375">
     <span class='ocr_line' id='line_1_3' title="bbox 317 324 796 375; baseline 0.002 -13"><span class='ocrx_word' id='word_1_16' title='bbox 317 324 413 362; x_wconf 88' lang='lat' dir='ltr'>rius.</span> <span class='ocrx_word' id='word_1_17' title='bbox 470 325 521 364; x_wconf 88' lang='lat' dir='ltr'>L.</span> <span class='ocrx_word' id='word_1_18' title='bbox 547 324 796 375; x_wconf 75' lang='grc' dir='ltr'><strong><em>ερχομένων.</em></strong></span> 
     </span>
    </p>

    <p class='ocr_par' dir='ltr' id='par_1_3' title="bbox 317 375 1760 655">
     <span class='ocr_line' id='line_1_4' title="bbox 427 375 1758 434; baseline 0.003 -17"><span class='ocrx_word' id='word_1_19' title='bbox 427 378 474 419; x_wconf 91' lang='lat' dir='ltr'>C.</span> <span class='ocrx_word' id='word_1_20' title='bbox 503 379 541 421; x_wconf 88' lang='lat'>8.</span> <span class='ocrx_word' id='word_1_21' title='bbox 583 379 703 434; x_wconf 80' lang='lat'><strong>[680,</strong></span> <span class='ocrx_word' id='word_1_22' title='bbox 733 378 798 433; x_wconf 74' lang='grc'>4.]</span> <span class='ocrx_word' id='word_1_23' title='bbox 844 378 1132 434; x_wconf 72' lang='grc' dir='ltr'><em>πρεσβυτέρας</em></span> <span class='ocrx_word' id='word_1_24' title='bbox 1168 375 1345 433; x_wconf 82' lang='grc' dir='ltr'><strong><em>Ῥώμης.</em></strong></span> <span class='ocrx_word' id='word_1_25' title='bbox 1407 379 1610 433; x_wconf 88' lang='lat' dir='ltr'>*[Scilicet</span> <span class='ocrx_word' id='word_1_26' title='bbox 1648 395 1758 422; x_wconf 82' lang='lat' dir='ltr'>nova</span> 
     </span>
     <span class='ocr_line' id='line_1_5' title="bbox 319 435 1758 490; baseline 0.001 -15"><span class='ocrx_word' id='word_1_27' title='bbox 319 437 446 475; x_wconf 81' lang='lat' dir='ltr'>Roma</span> <span class='ocrx_word' id='word_1_28' title='bbox 471 443 530 474; x_wconf 91' lang='lat' dir='ltr'>est</span> <span class='ocrx_word' id='word_1_29' title='bbox 559 435 934 490; x_wconf 79' lang='lat' dir='ltr'>Constantinopolis;</span> <span class='ocrx_word' id='word_1_30' title='bbox 964 436 1046 474; x_wconf 88' lang='lat' dir='ltr'>vid.</span> <span class='ocrx_word' id='word_1_31' title='bbox 1078 450 1116 489; x_wconf 81' lang='lat' dir='ltr'>p,</span> <span class='ocrx_word' id='word_1_32' title='bbox 1142 435 1210 485; x_wconf 65' lang='grc'>84.</span> <span class='ocrx_word' id='word_1_33' title='bbox 1250 444 1379 476; x_wconf 86' lang='lat' dir='ltr'>notar.</span> <span class='ocrx_word' id='word_1_34' title='bbox 1415 436 1466 475; x_wconf 86' lang='lat' dir='ltr'>ad</span> <span class='ocrx_word' id='word_1_35' title='bbox 1490 437 1758 478; x_wconf 88' lang='lat' dir='ltr'>Donationem</span> 
     </span>
     <span class='ocr_line' id='line_1_6' title="bbox 322 491 1759 546; baseline 0.001 -16"><span class='ocrx_word' id='word_1_36' title='bbox 322 492 573 530; x_wconf 82' lang='lat' dir='ltr'><strong>Constantini</strong></span> <span class='ocrx_word' id='word_1_37' title='bbox 602 491 680 541; x_wconf 61' lang='lat' dir='ltr'>M„</span> <span class='ocrx_word' id='word_1_38' title='bbox 710 491 823 529; x_wconf 80' lang='lat' dir='ltr'>cuius</span> <span class='ocrx_word' id='word_1_39' title='bbox 854 498 993 529; x_wconf 85' lang='lat' dir='ltr'>auctor</span> <span class='ocrx_word' id='word_1_40' title='bbox 1021 498 1079 529; x_wconf 91' lang='lat' dir='ltr'>est</span> <span class='ocrx_word' id='word_1_41' title='bbox 1108 492 1276 530; x_wconf 89' lang='lat' dir='ltr'>Ioannes</span> <span class='ocrx_word' id='word_1_42' title='bbox 1302 492 1529 540; x_wconf 62' lang='lat' dir='ltr'>manerius,</span> <span class='ocrx_word' id='word_1_43' title='bbox 1560 492 1630 546; x_wconf 84' lang='lat' dir='ltr'>qui</span> <span class='ocrx_word' id='word_1_44' title='bbox 1658 494 1759 532; x_wconf 78' lang='lat' dir='ltr'>vixit</span> 
     </span>
     <span class='ocr_line' id='line_1_7' title="bbox 317 543 1760 600; baseline 0.001 -15"><span class='ocrx_word' id='word_1_45' title='bbox 317 545 474 586; x_wconf 90' lang='lat' dir='ltr'>saeculo</span> <span class='ocrx_word' id='word_1_46' title='bbox 493 547 617 594; x_wconf 87' lang='lat' dir='ltr'><strong>V11.‚</strong></span> <span class='ocrx_word' id='word_1_47' title='bbox 647 560 689 598; x_wconf 89' lang='lat' dir='ltr'>p.</span> <span class='ocrx_word' id='word_1_48' title='bbox 709 545 823 599; x_wconf 80' lang='lat'><strong>22.]*</strong></span> <span class='ocrx_word' id='word_1_49' title='bbox 882 546 1056 598; x_wconf 88' lang='lat' dir='ltr'>Ideoque</span> <span class='ocrx_word' id='word_1_50' title='bbox 1078 546 1220 584; x_wconf 84' lang='lat' dir='ltr'>Graeci</span> <span class='ocrx_word' id='word_1_51' title='bbox 1248 547 1458 600; x_wconf 90' lang='lat' dir='ltr'>Byzantini</span> <span class='ocrx_word' id='word_1_52' title='bbox 1487 544 1524 587; x_wconf 79' lang='grc' dir='ltr'>οἱ</span> <span class='ocrx_word' id='word_1_53' title='bbox 1556 545 1642 587; x_wconf 83' lang='grc' dir='ltr'><strong><em>νέοι</em></strong></span> <span class='ocrx_word' id='word_1_54' title='bbox 1663 543 1760 587; x_wconf 78' lang='grc' dir='ltr'>Ῥω·</span> 
     </span>
     <span class='ocr_line' id='line_1_8' title="bbox 317 600 1704 655; baseline 0.001 -15"><span class='ocrx_word' id='word_1_55' title='bbox 317 603 437 653; x_wconf 86' lang='grc' dir='ltr'>μαῖοι</span> <span class='ocrx_word' id='word_1_56' title='bbox 465 601 570 655; x_wconf 87' lang='lat' dir='ltr'>apud</span> <span class='ocrx_word' id='word_1_57' title='bbox 599 601 781 640; x_wconf 89' lang='lat' dir='ltr'>Priscum</span> <span class='ocrx_word' id='word_1_58' title='bbox 810 600 977 640; x_wconf 86' lang='lat' dir='ltr'>Rhetor.</span> <span class='ocrx_word' id='word_1_59' title='bbox 1009 601 1196 654; x_wconf 85' lang='lat' dir='ltr'>Excerpt.</span> <span class='ocrx_word' id='word_1_60' title='bbox 1228 602 1364 655; x_wconf 84' lang='lat' dir='ltr'>Legat.</span> <span class='ocrx_word' id='word_1_61' title='bbox 1392 617 1432 655; x_wconf 86' lang='lat' dir='ltr'>p.</span> <span class='ocrx_word' id='word_1_62' title='bbox 1452 601 1519 641; x_wconf 87' lang='grc'>60.</span> <span class='ocrx_word' id='word_1_63' title='bbox 1552 603 1616 642; x_wconf 89' lang='lat' dir='ltr'>ed.</span> <span class='ocrx_word' id='word_1_64' title='bbox 1649 603 1704 642; x_wconf 88' lang='lat' dir='ltr'>H.</span> 
     </span>
    </p>

    <p class='ocr_par' dir='ltr' id='par_1_4' title="bbox 320 652 1766 1484">
     <span class='ocr_line' id='line_1_9' title="bbox 432 652 1758 710; baseline 0.003 -15"><span class='ocrx_word' id='word_1_65' title='bbox 432 659 485 698; x_wconf 89' lang='lat' dir='ltr'>D.</span> <span class='ocrx_word' id='word_1_66' title='bbox 505 672 546 695; x_wconf 86' lang='lat'>2.</span> <span class='ocrx_word' id='word_1_67' title='bbox 579 656 691 708; x_wconf 76' lang='lat'>[680‚</span> <span class='ocrx_word' id='word_1_68' title='bbox 713 656 778 710; x_wconf 83' lang='lat'>8.]</span> <span class='ocrx_word' id='word_1_69' title='bbox 810 653 832 694; x_wconf 80' lang='grc' dir='ltr'><strong><em>ὅ</em></strong></span> <span class='ocrx_word' id='word_1_70' title='bbox 863 652 1138 706; x_wconf 77' lang='grc' dir='ltr'><strong><em>πνευματικὸς</em></strong></span> <span class='ocrx_word' id='word_1_71' title='bbox 1165 653 1296 708; x_wconf 70' lang='grc' dir='ltr'><em>πατὴρ</em></span> <span class='ocrx_word' id='word_1_72' title='bbox 1335 654 1467 709; x_wconf 75' lang='grc' dir='ltr'><strong><em>ἡμῶν.</em></strong></span> <span class='ocrx_word' id='word_1_73' title='bbox 1535 658 1758 699; x_wconf 87' lang='lat' dir='ltr'>Radevicus</span> 
     </span>
     <span class='ocr_line' id='line_1_10' title="bbox 320 711 1759 766; baseline 0.002 -15"><span class='ocrx_word' id='word_1_74' title='bbox 320 714 354 752; x_wconf 90' lang='grc' dir='ltr'>Ι.</span> <span class='ocrx_word' id='word_1_75' title='bbox 382 713 423 753; x_wconf 89' lang='grc'>8.</span> <span class='ocrx_word' id='word_1_76' title='bbox 455 712 572 766; x_wconf 86' lang='lat' dir='ltr'>legati</span> <span class='ocrx_word' id='word_1_77' title='bbox 604 712 773 751; x_wconf 84' lang='lat' dir='ltr'>Adriani</span> <span class='ocrx_word' id='word_1_78' title='bbox 806 711 1010 750; x_wconf 77' lang='lat' dir='ltr'>Pontificis</span> <span class='ocrx_word' id='word_1_79' title='bbox 1039 711 1090 749; x_wconf 86' lang='lat' dir='ltr'>ad</span> <span class='ocrx_word' id='word_1_80' title='bbox 1115 711 1366 750; x_wconf 82' lang='lat' dir='ltr'>Fridericum</span> <span class='ocrx_word' id='word_1_81' title='bbox 1390 711 1670 752; x_wconf 85' lang='lat' dir='ltr'>Barbarossam</span> <span class='ocrx_word' id='word_1_82' title='bbox 1698 715 1759 754; x_wconf 88' lang='lat' dir='ltr'>al-</span> 
     </span>
     <span class='ocr_line' id='line_1_11' title="bbox 324 766 1761 824; baseline 0 -17"><span class='ocrx_word' id='word_1_83' title='bbox 324 768 529 822; x_wconf 85' lang='lat' dir='ltr'>loquium,</span> <span class='ocrx_word' id='word_1_84' title='bbox 559 782 684 821; x_wconf 87' lang='lat' dir='ltr'>quum</span> <span class='ocrx_word' id='word_1_85' title='bbox 716 767 870 805; x_wconf 75' lang='lat' dir='ltr'>litteras</span> <span class='ocrx_word' id='word_1_86' title='bbox 898 769 934 805; x_wconf 91' lang='lat' dir='ltr'>ei</span> <span class='ocrx_word' id='word_1_87' title='bbox 965 766 1192 815; x_wconf 75' lang='lat' dir='ltr'>exhiberet,</span> <span class='ocrx_word' id='word_1_88' title='bbox 1231 767 1378 820; x_wconf 86' lang='lat' dir='ltr'>quibus</span> <span class='ocrx_word' id='word_1_89' title='bbox 1408 767 1517 820; x_wconf 83' lang='lat' dir='ltr'>Papa</span> <span class='ocrx_word' id='word_1_90' title='bbox 1560 782 1602 807; x_wconf 89' lang='lat' dir='ltr'>se</span> <span class='ocrx_word' id='word_1_91' title='bbox 1639 785 1761 824; x_wconf 72' lang='lat' dir='ltr'>super</span> 
     </span>
     <span class='ocr_line' id='line_1_12' title="bbox 321 821 1759 878; baseline 0.002 -15"><span class='ocrx_word' id='word_1_92' title='bbox 321 838 481 863; x_wconf 86' lang='lat' dir='ltr'>omnem</span> <span class='ocrx_word' id='word_1_93' title='bbox 510 825 551 861; x_wconf 87' lang='lat' dir='ltr'>in</span> <span class='ocrx_word' id='word_1_94' title='bbox 582 825 700 862; x_wconf 87' lang='lat' dir='ltr'>terris</span> <span class='ocrx_word' id='word_1_95' title='bbox 728 823 946 875; x_wconf 83' lang='lat' dir='ltr'>potentiam</span> <span class='ocrx_word' id='word_1_96' title='bbox 987 821 1171 870; x_wconf 45' lang='lat' dir='ltr'>efferre.</span> <span class='ocrx_word' id='word_1_97' title='bbox 1197 836 1367 875; x_wconf 85' lang='lat' dir='ltr'>suosque</span> <span class='ocrx_word' id='word_1_98' title='bbox 1401 822 1631 863; x_wconf 65' lang='lat' dir='ltr'>Cardinaloe</span> <span class='ocrx_word' id='word_1_99' title='bbox 1663 827 1759 878; x_wconf 90' lang='lat' dir='ltr'>ipsis</span> 
     </span>
     <span class='ocr_line' id='line_1_13' title="bbox 322 877 1760 933; baseline 0.002 -15"><span class='ocrx_word' id='word_1_100' title='bbox 322 878 632 933; x_wconf 84' lang='lat' dir='ltr'>Imperatoribus</span> <span class='ocrx_word' id='word_1_101' title='bbox 663 879 922 931; x_wconf 80' lang='lat' dir='ltr'>aequiparare</span> <span class='ocrx_word' id='word_1_102' title='bbox 950 877 1134 916; x_wconf 83' lang='lat' dir='ltr'>studebat</span> <span class='ocrx_word' id='word_1_103' title='bbox 1165 884 1204 916; x_wconf 88' lang='lat' dir='ltr'>et</span> <span class='ocrx_word' id='word_1_104' title='bbox 1230 891 1333 930; x_wconf 86' lang='lat' dir='ltr'>quae</span> <span class='ocrx_word' id='word_1_105' title='bbox 1371 877 1660 919; x_wconf 83' lang='lat' dir='ltr'>discordiarum</span> <span class='ocrx_word' id='word_1_106' title='bbox 1696 889 1760 921; x_wconf 89' lang='lat' dir='ltr'>at-</span> 
     </span>
     <span class='ocr_line' id='line_1_14' title="bbox 324 932 1761 988; baseline 0 -14"><span class='ocrx_word' id='word_1_107' title='bbox 324 950 403 988; x_wconf 89' lang='lat' dir='ltr'>que</span> <span class='ocrx_word' id='word_1_108' title='bbox 433 934 630 974; x_wconf 88' lang='lat' dir='ltr'>malorum</span> <span class='ocrx_word' id='word_1_109' title='bbox 659 948 793 973; x_wconf 85' lang='lat' dir='ltr'>semen</span> <span class='ocrx_word' id='word_1_110' title='bbox 824 932 1078 986; x_wconf 82' lang='lat' dir='ltr'>spargebant,</span> <span class='ocrx_word' id='word_1_111' title='bbox 1111 933 1165 970; x_wconf 83' lang='lat' dir='ltr'>ita</span> <span class='ocrx_word' id='word_1_112' title='bbox 1196 933 1316 971; x_wconf 81' lang='lat' dir='ltr'>rel&#39;ert</span> <span class='ocrx_word' id='word_1_113' title='bbox 1337 948 1349 971; x_wconf 87' lang='lat'>:</span> <span class='ocrx_word' id='word_1_114' title='bbox 1393 934 1538 972; x_wconf 73' lang='lat' dir='ltr'>salutat</span> <span class='ocrx_word' id='word_1_115' title='bbox 1563 949 1633 973; x_wconf 81' lang='lat' dir='ltr'>vos</span> <span class='ocrx_word' id='word_1_116' title='bbox 1668 937 1761 976; x_wconf 85' lang='lat' dir='ltr'>bea-</span> 
     </span>
     <span class='ocr_line' id='line_1_15' title="bbox 322 986 1761 1043; baseline 0.001 -15"><span class='ocrx_word' id='word_1_117' title='bbox 322 992 487 1029; x_wconf 78' lang='lat' dir='ltr'>tissimus</span> <span class='ocrx_word' id='word_1_118' title='bbox 506 989 630 1029; x_wconf 82' lang='lat' dir='ltr'>Pater</span> <span class='ocrx_word' id='word_1_119' title='bbox 649 988 910 1043; x_wconf 71' lang='lat' dir='ltr'>noster-Papa</span> <span class='ocrx_word' id='word_1_120' title='bbox 929 988 1132 1026; x_wconf 72' lang='lat' dir='ltr'>Adrianus</span> <span class='ocrx_word' id='word_1_121' title='bbox 1159 996 1197 1025; x_wconf 84' lang='lat' dir='ltr'>et</span> <span class='ocrx_word' id='word_1_122' title='bbox 1225 986 1468 1026; x_wconf 80' lang='lat' dir='ltr'>Unz’versitas</span> <span class='ocrx_word' id='word_1_123' title='bbox 1485 989 1761 1031; x_wconf 80' lang='lat' dir='ltr'>Cardinaliam</span> 
     </span>
     <span class='ocr_line' id='line_1_16' title="bbox 322 1043 1758 1096; baseline 0.001 -12"><span class='ocrx_word' id='word_1_124' title='bbox 322 1045 369 1084; x_wconf 90' lang='lat' dir='ltr'>S.</span> <span class='ocrx_word' id='word_1_125' title='bbox 397 1047 598 1084; x_wconf 82' lang='lat' dir='ltr'>Romanae</span> <span class='ocrx_word' id='word_1_126' title='bbox 627 1045 807 1082; x_wconf 84' lang='lat' dir='ltr'>ecclesiae</span> <span class='ocrx_word' id='word_1_127' title='bbox 821 1074 831 1090; x_wconf 87' lang='lat'>‚</span> <span class='ocrx_word' id='word_1_128' title='bbox 862 1044 930 1081; x_wconf 87' lang='lat' dir='ltr'>ille</span> <span class='ocrx_word' id='word_1_129' title='bbox 957 1052 999 1081; x_wconf 84' lang='lat' dir='ltr'>ut</span> <span class='ocrx_word' id='word_1_130' title='bbox 1018 1051 1160 1096; x_wconf 80' lang='lat' dir='ltr'>pater,</span> <span class='ocrx_word' id='word_1_131' title='bbox 1201 1043 1267 1080; x_wconf 81' lang='lat' dir='ltr'>illi</span> <span class='ocrx_word' id='word_1_132' title='bbox 1300 1052 1341 1081; x_wconf 76' lang='lat' dir='ltr'>ut</span> <span class='ocrx_word' id='word_1_133' title='bbox 1358 1044 1531 1094; x_wconf 70' lang='lat' dir='ltr'>fintres.</span> <span class='ocrx_word' id='word_1_134' title='bbox 1604 1045 1758 1086; x_wconf 84' lang='lat' dir='ltr'>Verum</span> 
     </span>
     <span class='ocr_line' id='line_1_17' title="bbox 324 1097 1760 1154; baseline 0.001 -16"><span class='ocrx_word' id='word_1_135' title='bbox 324 1102 367 1138; x_wconf 91' lang='lat' dir='ltr'>in</span> <span class='ocrx_word' id='word_1_136' title='bbox 398 1100 539 1139; x_wconf 88' lang='lat' dir='ltr'>litteris</span> <span class='ocrx_word' id='word_1_137' title='bbox 568 1107 706 1152; x_wconf 86' lang='lat' dir='ltr'>postea</span> <span class='ocrx_word' id='word_1_138' title='bbox 732 1100 860 1138; x_wconf 87' lang='lat' dir='ltr'>missis</span> <span class='ocrx_word' id='word_1_139' title='bbox 904 1097 1032 1136; x_wconf 86' lang='lat' dir='ltr'>multo</span> <span class='ocrx_word' id='word_1_140' title='bbox 1077 1097 1333 1150; x_wconf 79' lang='lat' dir='ltr'>aequioribus</span> <span class='ocrx_word' id='word_1_141' title='bbox 1373 1104 1412 1135; x_wconf 91' lang='lat' dir='ltr'>et</span> <span class='ocrx_word' id='word_1_142' title='bbox 1450 1097 1760 1154; x_wconf 80' lang='lat' dir='ltr'>humilioribus,</span> 
     </span>
     <span class='ocr_line' id='line_1_18' title="bbox 327 1152 1762 1209; baseline 0.001 -15"><span class='ocrx_word' id='word_1_143' title='bbox 327 1156 474 1209; x_wconf 83' lang='lat' dir='ltr'>quibus</span> <span class='ocrx_word' id='word_1_144' title='bbox 501 1154 661 1208; x_wconf 85' lang='lat' dir='ltr'>placare</span> <span class='ocrx_word' id='word_1_145' title='bbox 687 1155 788 1192; x_wconf 89' lang='lat' dir='ltr'>iram</span> <span class='ocrx_word' id='word_1_146' title='bbox 817 1152 1069 1206; x_wconf 86' lang='lat' dir='ltr'>Imperatoris</span> <span class='ocrx_word' id='word_1_147' title='bbox 1109 1167 1155 1191; x_wconf 86' lang='lat' dir='ltr'>ex</span> <span class='ocrx_word' id='word_1_148' title='bbox 1194 1159 1304 1191; x_wconf 84' lang='lat' dir='ltr'>tanta</span> <span class='ocrx_word' id='word_1_149' title='bbox 1350 1152 1582 1205; x_wconf 84' lang='lat' dir='ltr'>indignitate</span> <span class='ocrx_word' id='word_1_150' title='bbox 1627 1169 1762 1196; x_wconf 88' lang='lat' dir='ltr'>susce-</span> 
     </span>
     <span class='ocr_line' id='line_1_19' title="bbox 325 1206 1762 1264; baseline 0.001 -15"><span class='ocrx_word' id='word_1_151' title='bbox 325 1218 437 1264; x_wconf 85' lang='lat' dir='ltr'>ptam</span> <span class='ocrx_word' id='word_1_152' title='bbox 455 1209 639 1249; x_wconf 85' lang='lat' dir='ltr'>studebat</span> <span class='ocrx_word' id='word_1_153' title='bbox 651 1239 663 1259; x_wconf 71' lang='lat'>,</span> <span class='ocrx_word' id='word_1_154' title='bbox 693 1210 748 1248; x_wconf 89' lang='lat' dir='ltr'>sic</span> <span class='ocrx_word' id='word_1_155' title='bbox 766 1223 858 1248; x_wconf 90' lang='lat' dir='ltr'>eum</span> <span class='ocrx_word' id='word_1_156' title='bbox 876 1206 1154 1260; x_wconf 81' lang='lat' dir='ltr'>compellabat:</span> <span class='ocrx_word' id='word_1_157' title='bbox 1181 1207 1348 1246; x_wconf 75' lang='lat' dir='ltr'>Praesul</span> <span class='ocrx_word' id='word_1_158' title='bbox 1365 1207 1411 1245; x_wconf 91' lang='lat' dir='ltr'>S.</span> <span class='ocrx_word' id='word_1_159' title='bbox 1433 1209 1543 1248; x_wconf 80' lang='lat' dir='ltr'>Rom.</span> <span class='ocrx_word' id='word_1_160' title='bbox 1560 1209 1762 1251; x_wconf 80' lang='lat' dir='ltr'>Ecclesiae</span> 
     </span>
     <span class='ocr_line' id='line_1_20' title="bbox 324 1262 1766 1306; baseline 0.001 -2"><span class='ocrx_word' id='word_1_161' title='bbox 324 1276 476 1305; x_wconf 79' lang='lat' dir='ltr'>vestrae</span> <span class='ocrx_word' id='word_1_162' title='bbox 515 1265 771 1303; x_wconf 71' lang='lat' dir='ltr'>excellentiae</span> <span class='ocrx_word' id='word_1_163' title='bbox 808 1264 1074 1302; x_wconf 66' lang='lat' dir='ltr'>devotissimus</span> <span class='ocrx_word' id='word_1_164' title='bbox 1115 1264 1155 1301; x_wconf 79' lang='lat' dir='ltr'>in</span> <span class='ocrx_word' id='word_1_165' title='bbox 1196 1262 1345 1301; x_wconf 75' lang='lat' dir='ltr'>Christo</span> <span class='ocrx_word' id='word_1_166' title='bbox 1387 1263 1510 1301; x_wconf 79' lang='lat' dir='ltr'>Pater</span> <span class='ocrx_word' id='word_1_167' title='bbox 1555 1278 1626 1303; x_wconf 82' lang='lat' dir='ltr'>vos</span> <span class='ocrx_word' id='word_1_168' title='bbox 1667 1268 1766 1306; x_wconf 80' lang='lat' dir='ltr'>sicut</span> 
     </span>
     <span class='ocr_line' id='line_1_21' title="bbox 326 1318 1763 1374; baseline 0 -14"><span class='ocrx_word' id='word_1_169' title='bbox 326 1323 567 1360; x_wconf 50' lang='lat' dir='ltr'>caries-inuam</span> <span class='ocrx_word' id='word_1_170' title='bbox 596 1329 632 1358; x_wconf 84' lang='lat' dir='ltr'>ec</span> <span class='ocrx_word' id='word_1_171' title='bbox 658 1320 863 1374; x_wconf 71' lang='lat' dir='ltr'>specialem</span> <span class='ocrx_word' id='word_1_172' title='bbox 873 1318 1015 1374; x_wconf 82' lang='lat' dir='ltr'>filium</span> <span class='ocrx_word' id='word_1_173' title='bbox 1041 1318 1212 1365; x_wconf 78' lang='lat' dir='ltr'>salulat;</span> <span class='ocrx_word' id='word_1_174' title='bbox 1256 1318 1428 1356; x_wconf 74' lang='lat' dir='ltr'>salutant</span> <span class='ocrx_word' id='word_1_175' title='bbox 1452 1319 1569 1358; x_wconf 79' lang='lat' dir='ltr'>etiam</span> <span class='ocrx_word' id='word_1_176' title='bbox 1595 1334 1664 1358; x_wconf 84' lang='lat' dir='ltr'>vos</span> <span class='ocrx_word' id='word_1_177' title='bbox 1693 1337 1763 1360; x_wconf 84' lang='lat' dir='ltr'>ve-</span> 
     </span>
     <span class='ocr_line' id='line_1_22' title="bbox 326 1374 1764 1422; baseline 0.001 -7"><span class='ocrx_word' id='word_1_178' title='bbox 326 1377 517 1416; x_wconf 81' lang='lat' dir='ltr'>nerabiles</span> <span class='ocrx_word' id='word_1_179' title='bbox 543 1376 681 1415; x_wconf 72' lang='lat' dir='ltr'>fratres</span> <span class='ocrx_word' id='word_1_180' title='bbox 711 1375 857 1422; x_wconf 83' lang='lat' dir='ltr'>nostri,</span> <span class='ocrx_word' id='word_1_181' title='bbox 902 1374 1046 1412; x_wconf 75' lang='lat' dir='ltr'>Clerici</span> <span class='ocrx_word' id='word_1_182' title='bbox 1070 1382 1199 1411; x_wconf 79' lang='lat' dir='ltr'>autem</span> <span class='ocrx_word' id='word_1_183' title='bbox 1237 1374 1380 1420; x_wconf 70' lang='lat' dir='ltr'>vestri,</span> <span class='ocrx_word' id='word_1_184' title='bbox 1421 1375 1594 1412; x_wconf 79' lang='lat' dir='ltr'>universi</span> <span class='ocrx_word' id='word_1_185' title='bbox 1621 1375 1764 1416; x_wconf 81' lang='lat' dir='ltr'>Cardi-</span> 
     </span>
     <span class='ocr_line' id='line_1_23' title="bbox 327 1427 1654 1484; baseline -0.002 -14"><span class='ocrx_word' id='word_1_186' title='bbox 327 1433 438 1470; x_wconf 80' lang='lat' dir='ltr'>nales</span> <span class='ocrx_word' id='word_1_187' title='bbox 461 1462 470 1478; x_wconf 83' lang='lat'>‚</span> <span class='ocrx_word' id='word_1_188' title='bbox 502 1439 691 1484; x_wconf 75' lang='lat' dir='ltr'>tanquam</span> <span class='ocrx_word' id='word_1_189' title='bbox 717 1430 921 1468; x_wconf 70' lang='lat' dir='ltr'>(lominum</span> <span class='ocrx_word' id='word_1_190' title='bbox 953 1437 990 1466; x_wconf 79' lang='lat' dir='ltr'>et</span> <span class='ocrx_word' id='word_1_191' title='bbox 1010 1427 1295 1482; x_wconf 76' lang='lat' dir='ltr'>Imperatorem</span> <span class='ocrx_word' id='word_1_192' title='bbox 1330 1427 1444 1465; x_wconf 82' lang='lat' dir='ltr'>Urbis</span> <span class='ocrx_word' id='word_1_193' title='bbox 1470 1437 1508 1467; x_wconf 87' lang='lat' dir='ltr'>et</span> <span class='ocrx_word' id='word_1_194' title='bbox 1538 1430 1654 1469; x_wconf 78' lang='lat' dir='ltr'>orbis.</span> 
     </span>
    </p>

    <p class='ocr_par' dir='ltr' id='par_1_5' title="bbox 329 1480 1773 2801">
     <span class='ocr_line' id='line_1_24' title="bbox 437 1480 1765 1539; baseline 0 -14"><span class='ocrx_word' id='word_1_195' title='bbox 437 1488 490 1525; x_wconf 89' lang='lat' dir='ltr'>D.</span> <span class='ocrx_word' id='word_1_196' title='bbox 508 1487 549 1535; x_wconf 76' lang='grc'>4.</span> <span class='ocrx_word' id='word_1_197' title='bbox 582 1485 697 1539; x_wconf 84' lang='lat'>[680,</span> <span class='ocrx_word' id='word_1_198' title='bbox 718 1484 782 1538; x_wconf 78' lang='grc'>9.]</span> <span class='ocrx_word' id='word_1_199' title='bbox 813 1480 1105 1533; x_wconf 71' lang='grc' dir='ltr'><strong><em>οἰκουμειίκὸς.</em></strong></span> <span class='ocrx_word' id='word_1_200' title='bbox 1165 1484 1283 1521; x_wconf 89' lang='lat' dir='ltr'>Hunc</span> <span class='ocrx_word' id='word_1_201' title='bbox 1311 1482 1472 1521; x_wconf 82' lang='lat' dir='ltr'>titulum</span> <span class='ocrx_word' id='word_1_202' title='bbox 1500 1484 1574 1522; x_wconf 88' lang='lat' dir='ltr'>sibi</span> <span class='ocrx_word' id='word_1_203' title='bbox 1611 1485 1765 1526; x_wconf 86' lang='lat' dir='ltr'>tribue-</span> 
     </span>
     <span class='ocr_line' id='line_1_25' title="bbox 329 1538 1764 1591; baseline 0 -11"><span class='ocrx_word' id='word_1_204' title='bbox 329 1541 429 1581; x_wconf 85' lang='lat' dir='ltr'>bant</span> <span class='ocrx_word' id='word_1_205' title='bbox 457 1542 669 1580; x_wconf 71' lang='lat' dir='ltr'>Pontifices</span> <span class='ocrx_word' id='word_1_206' title='bbox 697 1540 893 1589; x_wconf 80' lang='lat' dir='ltr'>Romani3</span> <span class='ocrx_word' id='word_1_207' title='bbox 936 1545 1145 1591; x_wconf 79' lang='lat' dir='ltr'>propterea</span> <span class='ocrx_word' id='word_1_208' title='bbox 1173 1538 1340 1591; x_wconf 82' lang='lat' dir='ltr'>legimus</span> <span class='ocrx_word' id='word_1_209' title='bbox 1367 1551 1458 1576; x_wconf 90' lang='lat' dir='ltr'>eum</span> <span class='ocrx_word' id='word_1_210' title='bbox 1486 1539 1526 1577; x_wconf 89' lang='lat' dir='ltr'>in</span> <span class='ocrx_word' id='word_1_211' title='bbox 1567 1539 1642 1579; x_wconf 88' lang='lat' dir='ltr'>hae</span> <span class='ocrx_word' id='word_1_212' title='bbox 1680 1541 1764 1580; x_wconf 87' lang='lat' dir='ltr'>for-</span> 
     </span>
     <span class='ocr_line' id='line_1_26' title="bbox 329 1593 1767 1648; baseline 0 -13"><span class='ocrx_word' id='word_1_213' title='bbox 329 1597 439 1635; x_wconf 89' lang='lat' dir='ltr'>mula</span> <span class='ocrx_word' id='word_1_214' title='bbox 467 1596 714 1636; x_wconf 87' lang='lat' dir='ltr'>salutationis</span> <span class='ocrx_word' id='word_1_215' title='bbox 744 1595 964 1648; x_wconf 81' lang='lat' dir='ltr'>legatorum</span> <span class='ocrx_word' id='word_1_216' title='bbox 985 1594 1255 1631; x_wconf 86' lang='lat' dir='ltr'>Romanorum</span> <span class='ocrx_word' id='word_1_217' title='bbox 1286 1593 1335 1631; x_wconf 85' lang='lat' dir='ltr'>ad</span> <span class='ocrx_word' id='word_1_218' title='bbox 1352 1593 1651 1645; x_wconf 81' lang='lat' dir='ltr'>Imperatorem.</span> <span class='ocrx_word' id='word_1_219' title='bbox 1709 1597 1767 1635; x_wconf 83' lang='lat' dir='ltr'>At</span> 
     </span>
     <span class='ocr_line' id='line_1_27' title="bbox 332 1647 1764 1701; baseline 0 -11"><span class='ocrx_word' id='word_1_220' title='bbox 332 1653 476 1690; x_wconf 87' lang='lat' dir='ltr'>Graeci</span> <span class='ocrx_word' id='word_1_221' title='bbox 508 1666 600 1690; x_wconf 88' lang='lat' dir='ltr'>eum</span> <span class='ocrx_word' id='word_1_222' title='bbox 645 1651 718 1690; x_wconf 87' lang='lat' dir='ltr'>sibi</span> <span class='ocrx_word' id='word_1_223' title='bbox 752 1650 1037 1697; x_wconf 81' lang='lat' dir='ltr'>vindicabant3</span> <span class='ocrx_word' id='word_1_224' title='bbox 1077 1655 1286 1701; x_wconf 77' lang='lat' dir='ltr'>propterea</span> <span class='ocrx_word' id='word_1_225' title='bbox 1323 1648 1363 1686; x_wconf 88' lang='lat' dir='ltr'>in</span> <span class='ocrx_word' id='word_1_226' title='bbox 1402 1647 1575 1688; x_wconf 85' lang='lat' dir='ltr'>formula</span> <span class='ocrx_word' id='word_1_227' title='bbox 1615 1650 1764 1690; x_wconf 86' lang='lat' dir='ltr'>saluta-</span> 
     </span>
     <span class='ocr_line' id='line_1_28' title="bbox 334 1703 1766 1759; baseline -0.001 -13"><span class='ocrx_word' id='word_1_228' title='bbox 334 1709 454 1746; x_wconf 86' lang='lat' dir='ltr'>tionis</span> <span class='ocrx_word' id='word_1_229' title='bbox 494 1706 636 1745; x_wconf 88' lang='lat' dir='ltr'>Graeei</span> <span class='ocrx_word' id='word_1_230' title='bbox 683 1706 938 1759; x_wconf 79' lang='lat' dir='ltr'>Imperatoris</span> <span class='ocrx_word' id='word_1_231' title='bbox 975 1704 1026 1742; x_wconf 90' lang='lat' dir='ltr'>ad</span> <span class='ocrx_word' id='word_1_232' title='bbox 1054 1704 1207 1756; x_wconf 82' lang='lat' dir='ltr'>Papam</span> <span class='ocrx_word' id='word_1_233' title='bbox 1243 1716 1324 1741; x_wconf 89' lang='lat' dir='ltr'>non</span> <span class='ocrx_word' id='word_1_234' title='bbox 1366 1703 1631 1756; x_wconf 82' lang='lat' dir='ltr'>conspicitur3</span> <span class='ocrx_word' id='word_1_235' title='bbox 1683 1706 1766 1749; x_wconf 89' lang='lat' dir='ltr'>vid.</span> 
     </span>
     <span class='ocr_line' id='line_1_29' title="bbox 334 1757 1767 1814; baseline -0.001 -13"><span class='ocrx_word' id='word_1_236' title='bbox 334 1762 504 1802; x_wconf 89' lang='lat' dir='ltr'>Habert.</span> <span class='ocrx_word' id='word_1_237' title='bbox 531 1761 681 1801; x_wconf 86' lang='lat' dir='ltr'>Pontif.</span> <span class='ocrx_word' id='word_1_238' title='bbox 711 1776 752 1814; x_wconf 87' lang='lat' dir='ltr'>p.</span> <span class='ocrx_word' id='word_1_239' title='bbox 773 1762 867 1801; x_wconf 86' lang='lat'><strong>505.</strong></span> <span class='ocrx_word' id='word_1_240' title='bbox 925 1760 1046 1798; x_wconf 85' lang='lat' dir='ltr'>Recte</span> <span class='ocrx_word' id='word_1_241' title='bbox 1070 1760 1204 1811; x_wconf 82' lang='lat' dir='ltr'>negari</span> <span class='ocrx_word' id='word_1_242' title='bbox 1234 1757 1468 1810; x_wconf 81' lang='lat' dir='ltr'>patriarchis</span> <span class='ocrx_word' id='word_1_243' title='bbox 1494 1758 1665 1798; x_wconf 84' lang='lat' dir='ltr'>CPtanis</span> <span class='ocrx_word' id='word_1_244' title='bbox 1683 1775 1767 1800; x_wconf 90' lang='lat' dir='ltr'>non</span> 
     </span>
     <span class='ocr_line' id='line_1_30' title="bbox 335 1812 1768 1871; baseline -0.001 -15"><span class='ocrx_word' id='word_1_245' title='bbox 335 1819 489 1871; x_wconf 86' lang='lat' dir='ltr'>potuit,</span> <span class='ocrx_word' id='word_1_246' title='bbox 529 1824 569 1856; x_wconf 87' lang='lat' dir='ltr'>et</span> <span class='ocrx_word' id='word_1_247' title='bbox 598 1817 742 1855; x_wconf 85' lang='lat' dir='ltr'>iniuria</span> <span class='ocrx_word' id='word_1_248' title='bbox 769 1816 939 1856; x_wconf 87' lang='lat' dir='ltr'>Romani</span> <span class='ocrx_word' id='word_1_249' title='bbox 967 1814 1177 1867; x_wconf 84' lang='lat' dir='ltr'>pontifices</span> <span class='ocrx_word' id='word_1_250' title='bbox 1207 1827 1296 1852; x_wconf 86' lang='lat' dir='ltr'>eum</span> <span class='ocrx_word' id='word_1_251' title='bbox 1327 1812 1490 1852; x_wconf 87' lang='lat' dir='ltr'>titulum</span> <span class='ocrx_word' id='word_1_252' title='bbox 1516 1814 1568 1852; x_wconf 91' lang='lat' dir='ltr'>ad</span> <span class='ocrx_word' id='word_1_253' title='bbox 1594 1829 1636 1853; x_wconf 88' lang='lat' dir='ltr'>se</span> <span class='ocrx_word' id='word_1_254' title='bbox 1663 1815 1768 1855; x_wconf 87' lang='lat' dir='ltr'>solos</span> 
     </span>
     <span class='ocr_line' id='line_1_31' title="bbox 333 1866 1768 1924; baseline -0.001 -13"><span class='ocrx_word' id='word_1_255' title='bbox 333 1879 564 1923; x_wconf 83' lang='lat' dir='ltr'>traxerunt,</span> <span class='ocrx_word' id='word_1_256' title='bbox 592 1873 626 1911; x_wconf 89' lang='lat' dir='ltr'>si</span> <span class='ocrx_word' id='word_1_257' title='bbox 654 1873 737 1910; x_wconf 90' lang='lat' dir='ltr'>vim</span> <span class='ocrx_word' id='word_1_258' title='bbox 766 1878 805 1909; x_wconf 88' lang='lat' dir='ltr'>et</span> <span class='ocrx_word' id='word_1_259' title='bbox 831 1871 1025 1924; x_wconf 85' lang='lat' dir='ltr'>originem</span> <span class='ocrx_word' id='word_1_260' title='bbox 1053 1868 1238 1907; x_wconf 86' lang='lat' dir='ltr'>vocabuli</span> <span class='ocrx_word' id='word_1_261' title='bbox 1265 1875 1429 1922; x_wconf 88' lang='lat' dir='ltr'>spectes.</span> <span class='ocrx_word' id='word_1_262' title='bbox 1504 1869 1605 1909; x_wconf 82' lang='lat' dir='ltr'>Nam</span> <span class='ocrx_word' id='word_1_263' title='bbox 1639 1866 1662 1909; x_wconf 80' lang='grc' dir='ltr'><strong><em>ὅ</em></strong></span> <span class='ocrx_word' id='word_1_264' title='bbox 1709 1869 1768 1910; x_wconf 82' lang='grc' dir='ltr'>σι’-</span> 
     </span>
     <span class='ocr_line' id='line_1_32' title="bbox 335 1921 1769 1980; baseline -0.001 -14"><span class='ocrx_word' id='word_1_265' title='bbox 335 1923 574 1978; x_wconf 85' lang='grc' dir='ltr'><strong><em>κουμενικὸς</em></strong></span> <span class='ocrx_word' id='word_1_266' title='bbox 612 1925 753 1980; x_wconf 89' lang='lat' dir='ltr'>procul</span> <span class='ocrx_word' id='word_1_267' title='bbox 785 1925 910 1964; x_wconf 89' lang='lat' dir='ltr'>dubio</span> <span class='ocrx_word' id='word_1_268' title='bbox 951 1931 1010 1963; x_wconf 89' lang='lat' dir='ltr'>est</span> <span class='ocrx_word' id='word_1_269' title='bbox 1059 1925 1266 1976; x_wconf 88' lang='lat' dir='ltr'>episcopus</span> <span class='ocrx_word' id='word_1_270' title='bbox 1303 1923 1376 1974; x_wconf 78' lang='grc' dir='ltr'>τῆς</span> <span class='ocrx_word' id='word_1_271' title='bbox 1415 1921 1656 1977; x_wconf 75' lang='grc' dir='ltr'><strong><em>οἰκουμένης</em></strong></span> <span class='ocrx_word' id='word_1_272' title='bbox 1697 1933 1769 1966; x_wconf 84' lang='lat' dir='ltr'>aut</span> 
     </span>
     <span class='ocr_line' id='line_1_33' title="bbox 334 1977 1769 2035; baseline -0.001 -13"><span class='ocrx_word' id='word_1_273' title='bbox 334 1982 419 2022; x_wconf 80' lang='grc' dir='ltr'>τῶν</span> <span class='ocrx_word' id='word_1_274' title='bbox 446 1980 709 2032; x_wconf 79' lang='grc' dir='ltr'><strong><em>οἰκουμένων.</em></strong></span> <span class='ocrx_word' id='word_1_275' title='bbox 766 1981 893 2035; x_wconf 88' lang='lat' dir='ltr'>Atqui</span> <span class='ocrx_word' id='word_1_276' title='bbox 922 1980 1280 2018; x_wconf 83' lang='lat' dir='ltr'>demonstravimus</span> <span class='ocrx_word' id='word_1_277' title='bbox 1316 1980 1359 2017; x_wconf 92' lang='lat' dir='ltr'>in</span> <span class='ocrx_word' id='word_1_278' title='bbox 1386 1978 1682 2032; x_wconf 84' lang='lat' dir='ltr'>superioribus,</span> <span class='ocrx_word' id='word_1_279' title='bbox 1714 1977 1769 2020; x_wconf 73' lang='lat' dir='ltr'>&#39;cci</span> 
     </span>
     <span class='ocr_line' id='line_1_34' title="bbox 336 2033 1770 2089; baseline -0.001 -14"><span class='ocrx_word' id='word_1_280' title='bbox 336 2033 558 2086; x_wconf 80' lang='grc' dir='ltr'><strong><em>οἰκούμενα</em></strong></span> <span class='ocrx_word' id='word_1_281' title='bbox 597 2051 680 2076; x_wconf 89' lang='lat' dir='ltr'>esse</span> <span class='ocrx_word' id='word_1_282' title='bbox 710 2037 922 2089; x_wconf 88' lang='lat' dir='ltr'>imperium</span> <span class='ocrx_word' id='word_1_283' title='bbox 950 2036 1176 2074; x_wconf 88' lang='lat' dir='ltr'>Romanum</span> <span class='ocrx_word' id='word_1_284' title='bbox 1195 2063 1207 2084; x_wconf 80' lang='lat'>,</span> <span class='ocrx_word' id='word_1_285' title='bbox 1235 2041 1430 2087; x_wconf 84' lang='lat' dir='ltr'>quatenus</span> <span class='ocrx_word' id='word_1_286' title='bbox 1458 2035 1770 2088; x_wconf 86' lang='lat' dir='ltr'>Imperatoribus</span> 
     </span>
     <span class='ocr_line' id='line_1_35' title="bbox 336 2088 1771 2145; baseline 0 -15"><span class='ocrx_word' id='word_1_287' title='bbox 336 2093 498 2130; x_wconf 87' lang='lat' dir='ltr'>Graecis</span> <span class='ocrx_word' id='word_1_288' title='bbox 528 2092 717 2145; x_wconf 85' lang='lat' dir='ltr'>parebat,</span> <span class='ocrx_word' id='word_1_289' title='bbox 761 2091 927 2130; x_wconf 86' lang='lat' dir='ltr'>exclusis</span> <span class='ocrx_word' id='word_1_290' title='bbox 965 2089 1151 2128; x_wconf 85' lang='lat' dir='ltr'>omnibus</span> <span class='ocrx_word' id='word_1_291' title='bbox 1192 2088 1343 2128; x_wconf 84' lang='lat' dir='ltr'>alienae</span> <span class='ocrx_word' id='word_1_292' title='bbox 1380 2090 1554 2128; x_wconf 89' lang='lat' dir='ltr'>ditionis.</span> <span class='ocrx_word' id='word_1_293' title='bbox 1630 2091 1771 2142; x_wconf 86' lang='lat' dir='ltr'>Quum</span> 
     </span>
     <span class='ocr_line' id='line_1_36' title="bbox 338 2145 1772 2200; baseline -0.001 -14"><span class='ocrx_word' id='word_1_294' title='bbox 338 2160 432 2200; x_wconf 81' lang='lat' dir='ltr'>ergo</span> <span class='ocrx_word' id='word_1_295' title='bbox 461 2147 628 2186; x_wconf 88' lang='lat' dir='ltr'>Romani</span> <span class='ocrx_word' id='word_1_296' title='bbox 658 2146 862 2199; x_wconf 86' lang='lat' dir='ltr'>pontifices</span> <span class='ocrx_word' id='word_1_297' title='bbox 890 2145 941 2184; x_wconf 89' lang='lat' dir='ltr'>ab</span> <span class='ocrx_word' id='word_1_298' title='bbox 969 2146 1137 2197; x_wconf 87' lang='lat' dir='ltr'>imperio</span> <span class='ocrx_word' id='word_1_299' title='bbox 1168 2145 1322 2183; x_wconf 87' lang='lat' dir='ltr'>Graeco</span> <span class='ocrx_word' id='word_1_300' title='bbox 1350 2159 1392 2183; x_wconf 88' lang='lat' dir='ltr'>se</span> <span class='ocrx_word' id='word_1_301' title='bbox 1420 2151 1627 2198; x_wconf 86' lang='lat' dir='ltr'>totumque</span> <span class='ocrx_word' id='word_1_302' title='bbox 1664 2145 1772 2184; x_wconf 87' lang='lat' dir='ltr'>ocei-</span> 
     </span>
     <span class='ocr_line' id='line_1_37' title="bbox 337 2199 1770 2254; baseline -0.001 -14"><span class='ocrx_word' id='word_1_303' title='bbox 337 2201 500 2241; x_wconf 87' lang='lat' dir='ltr'>dentem</span> <span class='ocrx_word' id='word_1_304' title='bbox 527 2202 756 2252; x_wconf 86' lang='lat' dir='ltr'>avulserint,</span> <span class='ocrx_word' id='word_1_305' title='bbox 786 2203 855 2254; x_wconf 89' lang='lat' dir='ltr'>qui</span> <span class='ocrx_word' id='word_1_306' title='bbox 882 2206 1063 2253; x_wconf 84' lang='lat' dir='ltr'>poterant</span> <span class='ocrx_word' id='word_1_307' title='bbox 1090 2214 1131 2238; x_wconf 89' lang='lat' dir='ltr'>se</span> <span class='ocrx_word' id='word_1_308' title='bbox 1159 2199 1356 2253; x_wconf 88' lang='lat' dir='ltr'>appellare</span> <span class='ocrx_word' id='word_1_309' title='bbox 1391 2201 1664 2239; x_wconf 88' lang='lat' dir='ltr'>oecumenicos</span> <span class='ocrx_word' id='word_1_310' title='bbox 1684 2202 1770 2253; x_wconf 92' lang='lat' dir='ltr'>epi-</span> 
     </span>
     <span class='ocr_line' id='line_1_38' title="bbox 338 2254 1770 2310; baseline -0.002 -14"><span class='ocrx_word' id='word_1_311' title='bbox 338 2271 503 2310; x_wconf 85' lang='lat' dir='ltr'>scopos,</span> <span class='ocrx_word' id='word_1_312' title='bbox 534 2259 602 2310; x_wconf 90' lang='lat' dir='ltr'>qui</span> <span class='ocrx_word' id='word_1_313' title='bbox 629 2264 739 2296; x_wconf 84' lang='lat' dir='ltr'>extra</span> <span class='ocrx_word' id='word_1_314' title='bbox 765 2269 982 2295; x_wconf 87' lang='lat' dir='ltr'>oecumena</span> <span class='ocrx_word' id='word_1_315' title='bbox 1010 2269 1080 2293; x_wconf 91' lang='lat' dir='ltr'>seu</span> <span class='ocrx_word' id='word_1_316' title='bbox 1108 2254 1236 2293; x_wconf 87' lang='lat' dir='ltr'>solum</span> <span class='ocrx_word' id='word_1_317' title='bbox 1268 2256 1425 2307; x_wconf 85' lang='lat' dir='ltr'>imperii</span> <span class='ocrx_word' id='word_1_318' title='bbox 1453 2255 1595 2294; x_wconf 86' lang='lat' dir='ltr'>Graeci</span> <span class='ocrx_word' id='word_1_319' title='bbox 1622 2258 1770 2294; x_wconf 84' lang='lat' dir='ltr'>consti-</span> 
     </span>
     <span class='ocr_line' id='line_1_39' title="bbox 338 2308 1771 2365; baseline -0.002 -15"><span class='ocrx_word' id='word_1_320' title='bbox 338 2314 416 2350; x_wconf 89' lang='lat' dir='ltr'>tuti</span> <span class='ocrx_word' id='word_1_321' title='bbox 456 2319 593 2359; x_wconf 85' lang='lat' dir='ltr'>erant,</span> <span class='ocrx_word' id='word_1_322' title='bbox 635 2311 780 2365; x_wconf 89' lang='lat' dir='ltr'>quibus</span> <span class='ocrx_word' id='word_1_323' title='bbox 818 2312 859 2348; x_wconf 88' lang='lat' dir='ltr'>in</span> <span class='ocrx_word' id='word_1_324' title='bbox 912 2324 1130 2349; x_wconf 87' lang='lat' dir='ltr'>oecumena</span> <span class='ocrx_word' id='word_1_325' title='bbox 1168 2308 1271 2348; x_wconf 86' lang='lat' dir='ltr'>nihil</span> <span class='ocrx_word' id='word_1_326' title='bbox 1314 2309 1472 2348; x_wconf 85' lang='lat' dir='ltr'>licebat.</span> <span class='ocrx_word' id='word_1_327' title='bbox 1553 2309 1638 2348; x_wconf 86' lang='lat' dir='ltr'>Aut</span> <span class='ocrx_word' id='word_1_328' title='bbox 1676 2322 1771 2362; x_wconf 86' lang='lat' dir='ltr'>pro-</span> 
     </span>
     <span class='ocr_line' id='line_1_40' title="bbox 338 2360 1771 2416; baseline -0.002 -11"><span class='ocrx_word' id='word_1_329' title='bbox 338 2367 518 2406; x_wconf 88' lang='lat' dir='ltr'>bandum</span> <span class='ocrx_word' id='word_1_330' title='bbox 546 2368 636 2416; x_wconf 89' lang='lat' dir='ltr'>erit,</span> <span class='ocrx_word' id='word_1_331' title='bbox 666 2363 718 2406; x_wconf 80' lang='grc' dir='ltr'>τὰ</span> <span class='ocrx_word' id='word_1_332' title='bbox 747 2360 964 2415; x_wconf 82' lang='grc' dir='ltr'><strong><em>οἰκούμενα</em></strong></span> <span class='ocrx_word' id='word_1_333' title='bbox 1005 2365 1124 2403; x_wconf 86' lang='lat' dir='ltr'>etiam</span> <span class='ocrx_word' id='word_1_334' title='bbox 1156 2365 1288 2403; x_wconf 85' lang='lat' dir='ltr'>medio</span> <span class='ocrx_word' id='word_1_335' title='bbox 1329 2378 1427 2403; x_wconf 87' lang='lat' dir='ltr'>aevo</span> <span class='ocrx_word' id='word_1_336' title='bbox 1468 2364 1586 2403; x_wconf 84' lang='lat' dir='ltr'>fuisse</span> <span class='ocrx_word' id='word_1_337' title='bbox 1614 2363 1771 2402; x_wconf 85' lang='lat' dir='ltr'>Italiam</span> 
     </span>
     <span class='ocr_line' id='line_1_41' title="bbox 338 2417 1772 2472; baseline -0.003 -11"><span class='ocrx_word' id='word_1_338' title='bbox 338 2429 379 2460; x_wconf 83' lang='lat' dir='ltr'>et</span> <span class='ocrx_word' id='word_1_339' title='bbox 409 2436 568 2461; x_wconf 89' lang='lat' dir='ltr'>omnem</span> <span class='ocrx_word' id='word_1_340' title='bbox 596 2421 840 2460; x_wconf 88' lang='lat' dir='ltr'>occidentem</span> <span class='ocrx_word' id='word_1_341' title='bbox 869 2419 1125 2472; x_wconf 87' lang='lat' dir='ltr'>appellatum.</span> <span class='ocrx_word' id='word_1_342' title='bbox 1189 2419 1276 2457; x_wconf 92' lang='lat' dir='ltr'>Non</span> <span class='ocrx_word' id='word_1_343' title='bbox 1313 2433 1519 2472; x_wconf 82' lang='lat' dir='ltr'>negamus,</span> <span class='ocrx_word' id='word_1_344' title='bbox 1547 2418 1642 2471; x_wconf 86' lang='lat' dir='ltr'>ipsis</span> <span class='ocrx_word' id='word_1_345' title='bbox 1675 2417 1772 2456; x_wconf 87' lang='lat' dir='ltr'>olim</span> 
     </span>
     <span class='ocr_line' id='line_1_42' title="bbox 342 2472 1771 2528; baseline -0.003 -14"><span class='ocrx_word' id='word_1_346' title='bbox 342 2476 462 2515; x_wconf 86' lang='lat' dir='ltr'>fuisse</span> <span class='ocrx_word' id='word_1_347' title='bbox 490 2477 596 2516; x_wconf 90' lang='lat' dir='ltr'>hunc</span> <span class='ocrx_word' id='word_1_348' title='bbox 625 2475 810 2522; x_wconf 89' lang='lat' dir='ltr'>titulum,</span> <span class='ocrx_word' id='word_1_349' title='bbox 860 2489 939 2528; x_wconf 86' lang='lat' dir='ltr'>quo</span> <span class='ocrx_word' id='word_1_350' title='bbox 967 2482 1147 2527; x_wconf 85' lang='lat' dir='ltr'>tempore</span> <span class='ocrx_word' id='word_1_351' title='bbox 1171 2474 1323 2512; x_wconf 87' lang='lat' dir='ltr'>CPtani</span> <span class='ocrx_word' id='word_1_352' title='bbox 1361 2474 1493 2512; x_wconf 87' lang='lat' dir='ltr'>adhuc</span> <span class='ocrx_word' id='word_1_353' title='bbox 1522 2472 1659 2510; x_wconf 79' lang='lat' dir='ltr'>Italiae</span> <span class='ocrx_word' id='word_1_354' title='bbox 1695 2474 1771 2510; x_wconf 90' lang='lat' dir='ltr'>im-</span> 
     </span>
     <span class='ocr_line' id='line_1_43' title="bbox 341 2526 1772 2583; baseline -0.002 -14"><span class='ocrx_word' id='word_1_355' title='bbox 341 2531 551 2583; x_wconf 87' lang='lat' dir='ltr'>perabant.</span> <span class='ocrx_word' id='word_1_356' title='bbox 610 2532 763 2570; x_wconf 89' lang='lat' dir='ltr'>Verum</span> <span class='ocrx_word' id='word_1_357' title='bbox 793 2545 838 2569; x_wconf 89' lang='lat' dir='ltr'>ex</span> <span class='ocrx_word' id='word_1_358' title='bbox 866 2543 947 2582; x_wconf 88' lang='lat' dir='ltr'>quo</span> <span class='ocrx_word' id='word_1_359' title='bbox 977 2530 1113 2583; x_wconf 78' lang='lat' dir='ltr'>iugum</span> <span class='ocrx_word' id='word_1_360' title='bbox 1143 2528 1411 2581; x_wconf 84' lang='lat' dir='ltr'>legitimorum</span> <span class='ocrx_word' id='word_1_361' title='bbox 1438 2540 1600 2567; x_wconf 88' lang='lat' dir='ltr'>suorum</span> <span class='ocrx_word' id='word_1_362' title='bbox 1639 2526 1772 2566; x_wconf 87' lang='lat' dir='ltr'>domi·-</span> 
     </span>
     <span class='ocr_line' id='line_1_44' title="bbox 341 2583 1770 2637; baseline -0.002 -14"><span class='ocrx_word' id='word_1_363' title='bbox 341 2600 485 2624; x_wconf 87' lang='lat' dir='ltr'>norum</span> <span class='ocrx_word' id='word_1_364' title='bbox 536 2586 831 2626; x_wconf 82' lang='lat' dir='ltr'>causationibus</span> <span class='ocrx_word' id='word_1_365' title='bbox 875 2599 956 2623; x_wconf 92' lang='lat' dir='ltr'>non</span> <span class='ocrx_word' id='word_1_366' title='bbox 1009 2584 1194 2637; x_wconf 83' lang='lat' dir='ltr'>legitimis</span> <span class='ocrx_word' id='word_1_367' title='bbox 1245 2588 1520 2626; x_wconf 80' lang='lat' dir='ltr'>excusserunt,</span> <span class='ocrx_word' id='word_1_368' title='bbox 1587 2594 1634 2619; x_wconf 92' lang='lat' dir='ltr'>eo</span> <span class='ocrx_word' id='word_1_369' title='bbox 1683 2583 1770 2634; x_wconf 82' lang='lat' dir='ltr'>ipso</span> 
     </span>
     <span class='ocr_line' id='line_1_45' title="bbox 342 2635 1773 2692; baseline 0 -16"><span class='ocrx_word' id='word_1_370' title='bbox 342 2654 501 2692; x_wconf 84' lang='lat' dir='ltr'>quoque</span> <span class='ocrx_word' id='word_1_371' title='bbox 528 2655 570 2680; x_wconf 87' lang='lat' dir='ltr'>se</span> <span class='ocrx_word' id='word_1_372' title='bbox 600 2641 716 2679; x_wconf 82' lang='lat' dir='ltr'>titulo</span> <span class='ocrx_word' id='word_1_373' title='bbox 745 2640 814 2679; x_wconf 90' lang='lat' dir='ltr'>illo</span> <span class='ocrx_word' id='word_1_374' title='bbox 841 2646 1049 2691; x_wconf 79' lang='lat' dir='ltr'>tantopere</span> <span class='ocrx_word' id='word_1_375' title='bbox 1077 2639 1227 2678; x_wconf 88' lang='lat' dir='ltr'>ambito</span> <span class='ocrx_word' id='word_1_376' title='bbox 1255 2645 1293 2676; x_wconf 91' lang='lat' dir='ltr'>et</span> <span class='ocrx_word' id='word_1_377' title='bbox 1317 2637 1500 2676; x_wconf 84' lang='lat' dir='ltr'>adamato</span> <span class='ocrx_word' id='word_1_378' title='bbox 1515 2635 1773 2676; x_wconf 78' lang='lat' dir='ltr'>oecumenici</span> 
     </span>
     <span class='ocr_line' id='line_1_46' title="bbox 343 2690 1769 2746; baseline -0.001 -15"><span class='ocrx_word' id='word_1_379' title='bbox 343 2695 584 2745; x_wconf 85' lang='lat' dir='ltr'>spoliarunt,</span> <span class='ocrx_word' id='word_1_380' title='bbox 617 2703 657 2734; x_wconf 88' lang='lat' dir='ltr'>et</span> <span class='ocrx_word' id='word_1_381' title='bbox 684 2697 744 2733; x_wconf 89' lang='lat' dir='ltr'>ius</span> <span class='ocrx_word' id='word_1_382' title='bbox 773 2695 847 2733; x_wconf 89' lang='lat' dir='ltr'>fuit</span> <span class='ocrx_word' id='word_1_383' title='bbox 868 2694 1030 2732; x_wconf 86' lang='lat' dir='ltr'>CPtano</span> <span class='ocrx_word' id='word_1_384' title='bbox 1060 2692 1306 2746; x_wconf 85' lang='lat' dir='ltr'>patriarchae</span> <span class='ocrx_word' id='word_1_385' title='bbox 1334 2705 1423 2730; x_wconf 85' lang='lat' dir='ltr'>eum</span> <span class='ocrx_word' id='word_1_386' title='bbox 1448 2690 1522 2728; x_wconf 89' lang='lat' dir='ltr'>sibi</span> <span class='ocrx_word' id='word_1_387' title='bbox 1550 2690 1769 2740; x_wconf 82' lang='lat' dir='ltr'>vindicare,</span> 
     </span>
     <span class='ocr_line' id='line_1_47' title="bbox 344 2746 1772 2801; baseline -0.001 -15"><span class='ocrx_word' id='word_1_388' title='bbox 344 2754 391 2787; x_wconf 87' lang='lat' dir='ltr'>ut</span> <span class='ocrx_word' id='word_1_389' title='bbox 419 2749 463 2788; x_wconf 77' lang='grc' dir='ltr'>ἐν</span> <span class='ocrx_word' id='word_1_390' title='bbox 490 2753 575 2795; x_wconf 83' lang='grc' dir='ltr'><strong><em>τοῖς</em></strong></span> <span class='ocrx_word' id='word_1_391' title='bbox 604 2749 857 2801; x_wconf 76' lang='grc' dir='ltr'><strong><em>οἰκουμένοις</em></strong></span> <span class='ocrx_word' id='word_1_392' title='bbox 887 2748 1084 2790; x_wconf 82' lang='lat' dir='ltr'>habitanti</span> <span class='ocrx_word' id='word_1_393' title='bbox 1115 2755 1154 2787; x_wconf 89' lang='lat' dir='ltr'>et</span> <span class='ocrx_word' id='word_1_394' title='bbox 1182 2749 1243 2787; x_wconf 85' lang='lat' dir='ltr'>ius</span> <span class='ocrx_word' id='word_1_395' title='bbox 1269 2760 1424 2786; x_wconf 82' lang='lat' dir='ltr'>sacrum</span> <span class='ocrx_word' id='word_1_396' title='bbox 1445 2746 1605 2784; x_wconf 85' lang='lat' dir='ltr'>dicenti.</span> <span class='ocrx_word' id='word_1_397' title='bbox 1646 2746 1772 2785; x_wconf 85' lang='lat' dir='ltr'>Grae-</span> 
     </span>
    </p>
   </div>
  </div>
 </body>
</html>
