1832 3126
306 175 326 209 1
346 175 363 210 1
377 176 410 209 Ο
583 177 657 216 10.
681 168 685 171 ’
706 173 812 215 IAC.
860 173 1055 215 RE1SK11
1094 173 1472 219 COMMENTARII

409 277 455 315 B.
487 290 522 315 1.
560 275 649 330 [16‚
671 275 735 330 4.]
763 272 986 327 θυμιατόν.
1047 276 1135 316 Νοη
1166 279 1321 331 reperio
1348 279 1389 318 in
1415 279 1493 319 hoc
1522 278 1659 320 codice
1689 282 1746 322 ri-

284 339 386 370 tum
415 331 697 383 σταυροειδῶς
723 332 979 382 incensandi,
1029 335 1100 386 qui
1131 332 1252 373 hodie
1284 335 1446 374 Graecis
1472 335 1640 375 usitatus
1668 345 1741 379 est.

299 386 412 439 *[De
452 388 534 425 ritu
576 387 804 427 incensandi
850 388 1039 441 imagines
1069 391 1112 426 in
1151 389 1268 428 altari
1299 391 1533 430 constitutas
1558 405 1599 429 v.
1636 392 1743 433 Ord.

298 442 471 479 Roman.
502 457 543 495 p.
574 441 666 493 540.
725 445 818 482 Duo
845 443 1035 482 canonici
1070 445 1279 484 incensant
1307 460 1499 499 magnum
1528 445 1654 486 altare
1680 448 1744 487 in-

297 503 360 535 tra
402 497 598 537 cancellos
639 506 678 537 et
711 507 834 538 extra.
892 499 1071 538 Moleon.
1103 514 1145 553 p.
1168 499 1290 554 88.]*
1347 503 1547 541 Memorat
1577 502 1743 554 Noster,

297 552 367 590 scd
394 567 502 592 nunc
531 567 613 592 non
642 555 838 593 succurrit
866 569 948 607 quo
978 554 1065 594 loco
1082 584 1092 603 ‚
1138 556 1330 595 incensati
1360 557 1640 610 Imperatoris3
1673 558 1743 611 qui

298 621 386 646 mos
417 623 440 647 a
469 608 692 662 gentilismo
723 618 946 650 asservatus
973 611 1061 649 fuit.
1119 611 1285 650 Veteres
1315 612 1446 660 enim,
1477 613 1509 652 si
1537 627 1656 666 quem
1674 613 1744 652 ho-

297 677 442 702 norare
469 664 645 715 vellent,
679 667 782 705 inter
810 666 888 705 alia
915 679 1076 719 quoque
1104 665 1359 705 thuribulum
1389 668 1550 707 fumans
1581 669 1656 722 ipsi
1680 669 1743 708 of-

297 718 493 758 ferebant.
554 721 600 758 In
631 721 895 761 Monumento
925 723 1174 774 Pergameno
1209 722 1316 775 apud
1346 722 1545 762 Chishull.
1577 738 1620 777 p.
1648 723 1740 779 147.

296 773 486 826 leguntur
545 775 672 814 hacc:
737 773 876 826 ἔδοξεν
919 775 1136 816 ἐπαινέσαι
1195 791 1240 816 τε
1284 773 1416 817 αὐτὸν
1465 778 1540 817 καί
1588 792 1745 833 στεφα-

295 829 431 869 νεῦσαι
460 830 607 885 χρυσῷ
640 828 860 888 στεφάνῳ,
905 826 1012 871 εἶναι
1043 830 1090 870 δὲ
1127 829 1240 886 αὐτῷ
1266 828 1340 871 καί
1372 832 1534 885 σίτησιν
1562 832 1608 874 ἐν
1636 848 1746 886 πρυ-

296 883 468 939 τανείῳ,
518 886 835 940 προσφέρεσθαι
875 886 921 926 δὲ
948 883 1020 926 καί
1051 882 1278 937 θυμιατόν.
1333 888 1396 927 De
1421 888 1553 927 thuris
1589 889 1632 928 in
1657 896 1742 930 vet.

296 939 617 980 Christianorum
644 943 763 982 sacris
787 958 863 982 usu
894 942 1213 981 dissertationem
1245 944 1449 996 superiore
1477 958 1585 983 anno
1604 946 1648 984 in
1667 944 1744 984 hac

296 995 500 1035 academia
530 997 655 1036 edidit
683 999 742 1037 M.
773 999 920 1052 Georg.
953 998 1117 1037 Henric.
1152 999 1332 1037 Martini.

407 1051 453 1091 Β.
476 1051 516 1103 4.
543 1052 631 1107 [16.
652 1052 717 1107 6.]
762 1052 1042 1107 pcryra‘cwpt'ov.
1103 1053 1184 1104 „In
1213 1054 1403 1093 inferiore
1432 1053 1591 1107 porticu
1623 1055 1745 1094 meri-

296 1105 447 1146 dionali
478 1107 546 1162 [S.
581 1108 780 1163 Sophiae]
812 1110 958 1148 exstitit
987 1109 1168 1148 aedicula
1198 1109 1264 1148 vel
1293 1109 1412 1160 aula,
1445 1109 1487 1148 in
1513 1123 1594 1162 qua
1619 1110 1744 1164 Impe-

297 1169 410 1201 rator
434 1177 526 1202 cum
557 1178 763 1204 sacrorum
783 1164 980 1204 librorum
1007 1164 1216 1203 lectionem
1240 1165 1380 1204 auditu
1401 1165 1621 1218 exciperet,
1653 1180 1743 1205 con-

295 1218 432 1257 sistere
465 1218 632 1259 solebat.
691 1220 763 1259 Ait
794 1222 901 1259 enim
930 1220 1179 1259 Silentiarius
1209 1228 1314 1259 stare
1339 1221 1389 1259 ad
1419 1220 1626 1259 meridiem
1656 1235 1746 1274 por-

295 1274 420 1312 ticum
461 1289 727 1315 marmoream
764 1275 1063 1328 septentrionali
1093 1277 1258 1315 omnino
1297 1275 1494 1327 similem,
1540 1276 1610 1315 sed
1633 1275 1744 1316 illam

296 1329 489 1381 quiddam
518 1331 666 1371 habere
696 1331 893 1384 amplius,
939 1345 1056 1370 muro
1097 1332 1204 1369 enim
1242 1331 1438 1370 seclusum
1469 1331 1629 1380 locum,
1669 1331 1744 1377 ,ubi

297 1384 562 1437 Imperatores
591 1401 797 1426 sacrorum
827 1386 1024 1427 librorum
1049 1386 1237 1426 lectiones
1266 1386 1408 1426 auditu
1437 1387 1648 1440 excipiant.
1678 1387 1745 1426 Sic

297 1440 404 1480 enim
430 1440 497 1480 ille
525 1450 631 1495 part.
668 1457 707 1481 2.
742 1457 802 1482 vs.
842 1442 950 1494 164.:

470 1517 610 1570 Τείχει
635 1515 718 1572 γάρ
752 1532 833 1558 τινι
863 1519 1005 1571 χῶρον
1036 1518 1318 1573 α’ποκριθέντα
1346 1515 1558 1573 φυλάσσει

462 1569 689 1614 Αὕσονάυν
718 1575 893 1628 βασιλῆϊ
919 1574 1184 1620 θεοστέπτοις
1209 1573 1254 1613 ἐν
1290 1569 1468 1624 ἑορταῖς.

456 1621 625 1668 Ἐνθάδ’
656 1627 756 1679 ἐμὸς
784 1631 970 1683 σκηπτοῦ
970 1644 1046 1683 χος
1076 1624 1285 1683 ἐφήμενος
1312 1623 1446 1682 ἢθάὸι
1474 1626 1601 1685 θώκῳ

461 1681 736 1735 μυστιπόλοις
761 1685 969 1737 βιβλοισιν
999 1681 1073 1738 ἑήν
1103 1684 1329 1725 ἐπέτασσεν
1358 1682 1550 1737 α’κουήν.”

299 1773 436 1813 Verba
466 1782 560 1814 sunt
588 1776 640 1813 D.
669 1775 716 1814 C.
747 1775 798 1814 ad
828 1774 968 1814 Silent.
989 1790 1044 1829 -p-
1069 1773 1162 1826 554.
1221 1774 1332 1812 Idem
1363 1788 1404 1826 p.
1426 1771 1522 1814 580.
1553 1773 1651 1812 haec
1669 1773 1745 1814 ha-

299 1827 368 1867 bet
385 1859 396 1879 ,
425 1830 495 1869 ubi
520 1830 699 1884 loquitur
729 1831 778 1870 de
805 1831 957 1870 concha
974 1860 986 1879 ,
1020 1845 1120 1886 quae
1142 1829 1199 1868 ad
1218 1831 1416 1868 sinistram
1445 1843 1511 1867 seu
1537 1829 1744 1868 meridiem

300 1885 442 1924 altaris
474 1893 533 1925 est
555 1889 804 1941 paratorium
836 1886 933 1925 alias
959 1886 1134 1931 dictum,
1178 1892 1217 1923 et
1245 1884 1427 1938 Cyclium
1460 1883 1575 1935 (vide
1604 1883 1746 1938 paullo

300 1943 424 1993 ante).
487 1942 688 1992 „Peracto
719 1942 910 1982 sacrificio
942 1955 990 1980 eo
1021 1940 1256 1980 secedebant
1293 1939 1516 1979 sacerdotes
1546 1946 1586 1978 et
1615 1939 1745 1978 diaco-

299 1996 368 2043 ni,
410 2004 450 2035 ct
497 2011 702 2037 sacrorum
731 1998 928 2037 librorum
954 1996 1113 2036 lectioni
1142 2009 1305 2048 operam
1333 1994 1498 2033 dabant.
1558 1994 1676 2034 Certe
1699 1997 1743 2033 in

302 2063 349 2089 ea
396 2053 598 2092 conchula
634 2054 758 2093 factas
798 2052 993 2092 eiusmodi
1026 2051 1235 2098 lectiones,
1275 2050 1392 2090 docet
1423 2052 1517 2089 satis
1543 2063 1743 2103 superque

302 2105 480 2147 Codinus
507 2108 590 2148 Off.
623 2109 669 2147 C.
703 2109 797 2148 XV.
829 2123 870 2147 n.
899 2106 938 2159 4.
958 2138 970 2158 ,
999 2107 1096 2146 dum
1117 2107 1198 2153 ait,
1229 2107 1516 2159 Imperatorem
1543 2107 1586 2144 in
1603 2105 1742 2144 aedem

300 2160 544 2214 Sophianam
589 2164 770 2203 secedere
790 2194 801 2214 ,
840 2164 974 2216 ibique
1006 2164 1064 2201 M.
1089 2161 1223 2200 Basilii
1251 2162 1499 2215 precationes
1526 2175 1551 2199 a
1569 2161 1742 2199 Patriar-

301 2215 377 2254 cha
419 2220 634 2270 praelectas
674 2220 812 2258 audire
843 2218 1017 2270 πλησίον
1043 2217 1122 2256 τοῦ
1155 2216 1394 2256 demonum?
1407 2248 1419 2267 ,
1447 2216 1525 2256 hoc
1546 2222 1606 2255 est
1633 2216 1743 2254 iuxta

301 2273 567 2324 conchulam,
613 2289 715 2328 quae
763 2269 1010 2314 Διακονικόν
1053 2279 1238 2311 vocatur.
1295 2272 1401 2310 Nam
1442 2271 1551 2310 haud
1601 2270 1742 2324 procul

301 2330 494 2368 exstitisse
534 2330 667 2369 sedem
703 2329 955 2382 Imperatoris
976 2359 986 2376 ,
1036 2329 1161 2381 quum
1212 2341 1416 2366 sacrorum
1442 2326 1654 2366 >librorum
1684 2325 1744 2365 le-

302 2383 452 2423 ctiones
499 2386 640 2424 auditu
690 2385 930 2438 excipiebat,
977 2398 1100 2437 supra
1129 2383 1390 2436 probavimus
1423 2396 1470 2421 ex
1495 2381 1740 2420 silentiario.

299 2434 562 2479 Diaconicum
607 2441 728 2494 igitur
763 2440 957 2494 appellata
983 2439 1082 2478 haec
1110 2438 1308 2478 conchula
1325 2469 1335 2486 ,
1378 2437 1487 2491 quod
1515 2444 1616 2476 esset
1642 2450 1744 2489 quo-

300 2489 514 2533 dammodo
562 2497 757 2549 appendix
796 2496 955 2534 maioris
983 2495 1175 2533 diaconici
1214 2509 1280 2533 scu
1319 2492 1543 2542 secretarii,
1590 2493 1632 2530 in
1661 2504 1743 2544 quo

299 2545 562 2589 Ecclesiastae
582 2559 710 2591 vestes
731 2559 770 2590 et
789 2566 899 2591 sacra
920 2550 1138 2589 ministeria
1167 2550 1486 2589 asservabantur.
1520 2570 1539 2576 -
1559 2570 1579 2577 -
1600 2547 1742 2585 Sceuo-

301 2600 533 2655 phylacium
578 2607 778 2645 interdum
830 2614 1010 2645 vocatur.
1069 2607 1269 2643 Metaiorii
1308 2605 1478 2656 denique
1509 2601 1742 2655 appellatio-

300 2671 393 2695 nem
430 2659 574 2698 habuit
624 2663 760 2701 eadem
804 2661 1026 2713 conchula,
1068 2661 1404 2713 quemadmodum
1441 2659 1568 2696 maius
1608 2657 1743 2695 diaco-

299 2714 475 2752 nicum.”
527 2716 643 2754 Conf.
694 2733 736 2769 p.
769 2717 861 2771 595.
898 2732 1006 2770 sqq.,
1032 2717 1099 2754 ubi
1151 2717 1412 2754 Diaconicum
1457 2713 1742 2762 secretarium,

302 2770 517 2809 sacristiam
534 2801 543 2819 ,
582 2779 620 2809 ct
649 2773 907 2811 Metatorium
935 2773 1039 2811 idem
1067 2771 1187 2810 fuisse
1216 2772 1360 2824 probat
1391 2768 1543 2808 multis.
