<?xml version="1.0" encoding="UTF-8"?>
<!DOCTYPE html PUBLIC "-//W3C//DTD XHTML 1.0 Transitional//EN"
    "http://www.w3.org/TR/xhtml1/DTD/xhtml1-transitional.dtd">
<html xmlns="http://www.w3.org/1999/xhtml" xml:lang="en" lang="en">
 <head>
  <title>
</title>
<meta http-equiv="Content-Type" content="text/html;charset=utf-8" />
  <meta name='ocr-system' content='tesseract 3.04.00' />
  <meta name='ocr-capabilities' content='ocr_page ocr_carea ocr_par ocr_line ocrx_word'/>
</head>
<body>
  <div class='ocr_page' id='page_1' title='image "./corpusscriptorum08niebuoft/corpusscriptorum08niebuoft_0113.png"; bbox 0 0 1832 3126; ppageno 0'>
   <div class='ocr_carea' id='block_1_1' title="bbox 197 175 1548 242">
    <p class='ocr_par' dir='ltr' id='par_1_1' title="bbox 197 175 1548 242">
     <span class='ocr_line' id='line_1_1' title="bbox 197 175 1548 242; baseline -0.008 0"><span class='ocrx_word' id='word_1_1' title='bbox 197 196 272 242; x_wconf 71' lang='lat' dir='ltr'><strong>An</strong></span> <span class='ocrx_word' id='word_1_2' title='bbox 311 195 608 240; x_wconf 71' lang='lat' dir='ltr'><strong>cons’rm.</strong></span> <span class='ocrx_word' id='word_1_3' title='bbox 646 195 843 238; x_wconf 80' lang='lat' dir='ltr'>PORPH.</span> <span class='ocrx_word' id='word_1_4' title='bbox 882 196 954 236; x_wconf 73' lang='grc' dir='ltr'><strong>ΒΕ</strong></span> <span class='ocrx_word' id='word_1_5' title='bbox 993 193 1176 236; x_wconf 69' lang='lat' dir='ltr'><strong>cmm.</strong></span> <span class='ocrx_word' id='word_1_6' title='bbox 1217 194 1318 236; x_wconf 75' lang='lat' dir='ltr'><strong>Lm.</strong></span> <span class='ocrx_word' id='word_1_7' title='bbox 1362 197 1397 236; x_wconf 93' lang='lat'><strong>1.</strong></span> <span class='ocrx_word' id='word_1_8' title='bbox 1446 175 1548 234; x_wconf 88' lang='lat'><strong>105</strong></span> 
     </span>
    </p>
   </div>
   <div class='ocr_carea' id='block_1_2' title="bbox 109 295 1554 794">
    <p class='ocr_par' dir='ltr' id='par_1_2' title="bbox 109 295 1554 737">
     <span class='ocr_line' id='line_1_2' title="bbox 114 295 1552 363; baseline -0.003 -21"><span class='ocrx_word' id='word_1_9' title='bbox 114 301 182 341; x_wconf 75' lang='lat' dir='ltr'><strong>Sic</strong></span> <span class='ocrx_word' id='word_1_10' title='bbox 208 299 420 355; x_wconf 85' lang='lat' dir='ltr'><strong>legendum</strong></span> <span class='ocrx_word' id='word_1_11' title='bbox 437 329 451 350; x_wconf 89' lang='lat'>‚</span> <span class='ocrx_word' id='word_1_12' title='bbox 479 299 630 352; x_wconf 85' lang='lat' dir='ltr'><strong>ubique</strong></span> <span class='ocrx_word' id='word_1_13' title='bbox 661 311 794 338; x_wconf 83' lang='lat' dir='ltr'><strong>sermo</strong></span> <span class='ocrx_word' id='word_1_14' title='bbox 821 296 873 336; x_wconf 90' lang='lat' dir='ltr'><strong>de</strong></span> <span class='ocrx_word' id='word_1_15' title='bbox 899 295 979 336; x_wconf 89' lang='lat' dir='ltr'><strong>illis</strong></span> <span class='ocrx_word' id='word_1_16' title='bbox 1006 297 1159 336; x_wconf 85' lang='lat' dir='ltr'><strong>foribus</strong></span> <span class='ocrx_word' id='word_1_17' title='bbox 1186 304 1270 344; x_wconf 72' lang='lat' dir='ltr'><strong>est,</strong></span> <span class='ocrx_word' id='word_1_18' title='bbox 1297 311 1371 363; x_wconf 76' lang='lat' dir='ltr'><strong>per</strong></span> <span class='ocrx_word' id='word_1_19' title='bbox 1393 299 1552 352; x_wconf 89' lang='lat' dir='ltr'><strong>quasin</strong></span> 
     </span>
     <span class='ocr_line' id='line_1_3' title="bbox 115 353 1551 407; baseline -0.003 -11"><span class='ocrx_word' id='word_1_20' title='bbox 115 357 440 396; x_wconf 72' lang='lat' dir='ltr'><strong>sau-ifioetorium</strong></span> <span class='ocrx_word' id='word_1_21' title='bbox 466 356 654 399; x_wconf 75' lang='lat' dir='ltr'><strong>intratur.</strong></span> <span class='ocrx_word' id='word_1_22' title='bbox 714 353 870 392; x_wconf 88' lang='lat' dir='ltr'><strong>Passim</strong></span> <span class='ocrx_word' id='word_1_23' title='bbox 907 353 1015 391; x_wconf 87' lang='lat' dir='ltr'><strong>enim</strong></span> <span class='ocrx_word' id='word_1_24' title='bbox 1037 366 1163 406; x_wconf 82' lang='lat' dir='ltr'><strong>prave</strong></span> <span class='ocrx_word' id='word_1_25' title='bbox 1203 353 1425 406; x_wconf 74' lang='grc' dir='ltr'><strong><em>βηλοθυρα</em></strong></span> <span class='ocrx_word' id='word_1_26' title='bbox 1452 353 1551 407; x_wconf 86' lang='lat' dir='ltr'><strong>legi-</strong></span> 
     </span>
     <span class='ocr_line' id='line_1_4' title="bbox 111 407 1553 463; baseline -0.002 -12"><span class='ocrx_word' id='word_1_27' title='bbox 111 418 195 450; x_wconf 83' lang='lat' dir='ltr'><strong>tur.</strong></span> <span class='ocrx_word' id='word_1_28' title='bbox 254 410 374 461; x_wconf 90' lang='lat' dir='ltr'><strong>Quod</strong></span> <span class='ocrx_word' id='word_1_29' title='bbox 404 411 535 463; x_wconf 86' lang='lat' dir='ltr'><strong>specie</strong></span> <span class='ocrx_word' id='word_1_30' title='bbox 569 409 733 462; x_wconf 87' lang='lat' dir='ltr'><strong>quidem</strong></span> <span class='ocrx_word' id='word_1_31' title='bbox 764 421 847 446; x_wconf 87' lang='lat' dir='ltr'><strong>non</strong></span> <span class='ocrx_word' id='word_1_32' title='bbox 874 413 983 446; x_wconf 87' lang='lat' dir='ltr'><strong>caret</strong></span> <span class='ocrx_word' id='word_1_33' title='bbox 997 435 1009 458; x_wconf 92' lang='lat'>,</span> <span class='ocrx_word' id='word_1_34' title='bbox 1052 421 1147 446; x_wconf 90' lang='lat' dir='ltr'><strong>nam</strong></span> <span class='ocrx_word' id='word_1_35' title='bbox 1178 407 1269 446; x_wconf 84' lang='lat' dir='ltr'><strong>vela</strong></span> <span class='ocrx_word' id='word_1_36' title='bbox 1300 407 1364 447; x_wconf 90' lang='lat' dir='ltr'><strong>his</strong></span> <span class='ocrx_word' id='word_1_37' title='bbox 1390 422 1553 462; x_wconf 89' lang='lat' dir='ltr'><strong>quoque</strong></span> 
     </span>
     <span class='ocr_line' id='line_1_5' title="bbox 113 463 1554 518; baseline -0.001 -13"><span class='ocrx_word' id='word_1_38' title='bbox 113 467 263 505; x_wconf 82' lang='lat' dir='ltr'><strong>sanctis</strong></span> <span class='ocrx_word' id='word_1_39' title='bbox 287 465 442 505; x_wconf 83' lang='lat' dir='ltr'><strong>for-ibus</strong></span> <span class='ocrx_word' id='word_1_40' title='bbox 477 471 686 518; x_wconf 86' lang='lat' dir='ltr'><strong>praetensa</strong></span> <span class='ocrx_word' id='word_1_41' title='bbox 711 469 826 502; x_wconf 88' lang='lat' dir='ltr'><strong>erant</strong></span> <span class='ocrx_word' id='word_1_42' title='bbox 839 490 852 511; x_wconf 92' lang='lat'>‚</span> <span class='ocrx_word' id='word_1_43' title='bbox 892 469 932 500; x_wconf 89' lang='lat' dir='ltr'><strong>et</strong></span> <span class='ocrx_word' id='word_1_44' title='bbox 960 463 1100 501; x_wconf 84' lang='lat' dir='ltr'><strong>ianuas</strong></span> <span class='ocrx_word' id='word_1_45' title='bbox 1115 492 1125 509; x_wconf 90' lang='lat'><strong>‚</strong></span> <span class='ocrx_word' id='word_1_46' title='bbox 1172 463 1319 515; x_wconf 90' lang='lat' dir='ltr'><strong>quibus</strong></span> <span class='ocrx_word' id='word_1_47' title='bbox 1340 463 1431 503; x_wconf 89' lang='lat' dir='ltr'><strong>vela</strong></span> <span class='ocrx_word' id='word_1_48' title='bbox 1458 471 1554 503; x_wconf 88' lang='lat' dir='ltr'><strong>sunt</strong></span> 
     </span>
     <span class='ocr_line' id='line_1_6' title="bbox 110 512 1553 574; baseline -0.001 -14"><span class='ocrx_word' id='word_1_49' title='bbox 110 528 349 574; x_wconf 84' lang='lat' dir='ltr'><strong>praetensa,</strong></span> <span class='ocrx_word' id='word_1_50' title='bbox 377 520 474 559; x_wconf 85' lang='lat' dir='ltr'><strong>novi</strong></span> <span class='ocrx_word' id='word_1_51' title='bbox 504 519 645 558; x_wconf 86' lang='lat' dir='ltr'><strong>Graeci</strong></span> <span class='ocrx_word' id='word_1_52' title='bbox 672 512 893 571; x_wconf 76' lang='grc' dir='ltr'><strong><em>βηλόθυρα</em></strong></span> <span class='ocrx_word' id='word_1_53' title='bbox 922 516 1139 569; x_wconf 88' lang='lat' dir='ltr'><strong>appellant.</strong></span> <span class='ocrx_word' id='word_1_54' title='bbox 1199 518 1475 558; x_wconf 84' lang='lat' dir='ltr'><strong>Distinctionis</strong></span> <span class='ocrx_word' id='word_1_55' title='bbox 1490 526 1553 558; x_wconf 89' lang='lat' dir='ltr'><strong>ta-</strong></span> 
     </span>
     <span class='ocr_line' id='line_1_7' title="bbox 110 571 1553 629; baseline -0.001 -14"><span class='ocrx_word' id='word_1_56' title='bbox 110 589 206 615; x_wconf 85' lang='lat' dir='ltr'><strong>men</strong></span> <span class='ocrx_word' id='word_1_57' title='bbox 232 577 360 629; x_wconf 79' lang='lat' dir='ltr'><strong>gratia</strong></span> <span class='ocrx_word' id='word_1_58' title='bbox 388 581 488 628; x_wconf 88' lang='lat' dir='ltr'><strong>puto</strong></span> <span class='ocrx_word' id='word_1_59' title='bbox 514 573 678 613; x_wconf 86' lang='lat' dir='ltr'><strong>omnino</strong></span> <span class='ocrx_word' id='word_1_60' title='bbox 691 603 702 620; x_wconf 93' lang='lat'><em>‚</em></span> <span class='ocrx_word' id='word_1_61' title='bbox 730 572 800 611; x_wconf 88' lang='lat' dir='ltr'><strong>ubi</strong></span> <span class='ocrx_word' id='word_1_62' title='bbox 830 571 882 610; x_wconf 91' lang='lat' dir='ltr'><strong>de</strong></span> <span class='ocrx_word' id='word_1_63' title='bbox 905 573 1052 610; x_wconf 90' lang='lat' dir='ltr'><strong>sanctis</strong></span> <span class='ocrx_word' id='word_1_64' title='bbox 1073 571 1227 611; x_wconf 86' lang='lat' dir='ltr'><strong>foribus</strong></span> <span class='ocrx_word' id='word_1_65' title='bbox 1255 574 1387 625; x_wconf 85' lang='lat' dir='ltr'><strong>agitur</strong></span> <span class='ocrx_word' id='word_1_66' title='bbox 1404 603 1417 623; x_wconf 87' lang='lat'>,</span> <span class='ocrx_word' id='word_1_67' title='bbox 1446 588 1553 613; x_wconf 83' lang='lat' dir='ltr'><strong>sem-</strong></span> 
     </span>
     <span class='ocr_line' id='line_1_8' title="bbox 110 624 1552 684; baseline -0.001 -15"><span class='ocrx_word' id='word_1_68' title='bbox 110 643 186 684; x_wconf 85' lang='lat' dir='ltr'><strong>per</strong></span> <span class='ocrx_word' id='word_1_69' title='bbox 221 624 449 682; x_wconf 77' lang='grc' dir='ltr'><strong>βημόθυρα</strong></span> <span class='ocrx_word' id='word_1_70' title='bbox 490 628 702 680; x_wconf 78' lang='lat' dir='ltr'><strong>legendum</strong></span> <span class='ocrx_word' id='word_1_71' title='bbox 734 641 831 666; x_wconf 88' lang='lat' dir='ltr'><strong>esse.</strong></span> <span class='ocrx_word' id='word_1_72' title='bbox 891 625 1088 679; x_wconf 81' lang='lat' dir='ltr'><strong>Exempla</strong></span> <span class='ocrx_word' id='word_1_73' title='bbox 1123 628 1333 681; x_wconf 88' lang='lat' dir='ltr'><strong>utriusque</strong></span> <span class='ocrx_word' id='word_1_74' title='bbox 1364 627 1552 668; x_wconf 84' lang='lat' dir='ltr'>vocabuli</span> 
     </span>
     <span class='ocr_line' id='line_1_9' title="bbox 109 679 1149 737; baseline -0.004 -13"><span class='ocrx_word' id='word_1_75' title='bbox 109 684 182 724; x_wconf 84' lang='lat' dir='ltr'><strong>dat</strong></span> <span class='ocrx_word' id='word_1_76' title='bbox 212 685 283 724; x_wconf 81' lang='lat' dir='ltr'><strong>Du</strong></span> <span class='ocrx_word' id='word_1_77' title='bbox 301 683 434 737; x_wconf 81' lang='lat' dir='ltr'>Gange</span> <span class='ocrx_word' id='word_1_78' title='bbox 461 684 505 722; x_wconf 89' lang='lat' dir='ltr'><strong>in</strong></span> <span class='ocrx_word' id='word_1_79' title='bbox 524 681 777 735; x_wconf 76' lang='grc' dir='ltr'><strong><em>Βηλόθυρον</em></strong></span> <span class='ocrx_word' id='word_1_80' title='bbox 805 689 845 720; x_wconf 87' lang='lat' dir='ltr'><strong>et</strong></span> <span class='ocrx_word' id='word_1_81' title='bbox 872 679 1149 734; x_wconf 78' lang='grc' dir='ltr'><strong><em>Βημόθυρον.</em></strong></span> 
     </span>
    </p>

    <p class='ocr_par' dir='ltr' id='par_1_3' title="bbox 219 729 1554 794">
     <span class='ocr_line' id='line_1_10' title="bbox 219 729 1554 794; baseline 0.001 -16"><span class='ocrx_word' id='word_1_82' title='bbox 219 739 276 778; x_wconf 89' lang='lat' dir='ltr'><strong>D.</strong></span> <span class='ocrx_word' id='word_1_83' title='bbox 296 753 337 793; x_wconf 81' lang='lat'><strong>7.</strong></span> <span class='ocrx_word' id='word_1_84' title='bbox 361 738 452 794; x_wconf 82' lang='lat'>[15,</span> <span class='ocrx_word' id='word_1_85' title='bbox 480 737 566 792; x_wconf 86' lang='lat'>10.]</span> <span class='ocrx_word' id='word_1_86' title='bbox 594 736 654 782; x_wconf 81' lang='grc' dir='ltr'><strong>εἰς</strong></span> <span class='ocrx_word' id='word_1_87' title='bbox 681 733 728 776; x_wconf 80' lang='grc' dir='ltr'><strong>τὸ</strong></span> <span class='ocrx_word' id='word_1_88' title='bbox 759 736 1008 789; x_wconf 72' lang='grc' dir='ltr'><strong><em>πορφυροῦν</em></strong></span> <span class='ocrx_word' id='word_1_89' title='bbox 1035 729 1262 791; x_wconf 77' lang='grc' dir='ltr'><strong><em>ὀμφάλιον.</em></strong></span> <span class='ocrx_word' id='word_1_90' title='bbox 1315 737 1379 777; x_wconf 91' lang='lat' dir='ltr'><strong>De</strong></span> <span class='ocrx_word' id='word_1_91' title='bbox 1403 739 1554 779; x_wconf 79' lang='lat' dir='ltr'><strong>umbili-</strong></span> 
     </span>
    </p>
   </div>
   <div class='ocr_carea' id='block_1_3' title="bbox 30 791 990 847">
    <p class='ocr_par' dir='ltr' id='par_1_4' title="bbox 30 791 990 847">
     <span class='ocr_line' id='line_1_11' title="bbox 30 791 990 847; baseline -0.006 -11"><span class='ocrx_word' id='word_1_92' title='bbox 30 817 35 821; x_wconf 91' lang='lat'><strong>·</strong></span> <span class='ocrx_word' id='word_1_93' title='bbox 111 795 171 835; x_wconf 75' lang='lat' dir='ltr'><strong>cis</strong></span> <span class='ocrx_word' id='word_1_94' title='bbox 198 801 239 834; x_wconf 83' lang='lat' dir='ltr'><strong>et</strong></span> <span class='ocrx_word' id='word_1_95' title='bbox 262 803 359 834; x_wconf 74' lang='lat' dir='ltr'><strong>rous</strong></span> <span class='ocrx_word' id='word_1_96' title='bbox 385 807 429 834; x_wconf 81' lang='lat' dir='ltr'><strong>v.</strong></span> <span class='ocrx_word' id='word_1_97' title='bbox 460 807 564 847; x_wconf 89' lang='lat' dir='ltr'><strong>quae</strong></span> <span class='ocrx_word' id='word_1_98' title='bbox 590 793 670 832; x_wconf 78' lang='lat' dir='ltr'><strong>dixi</strong></span> <span class='ocrx_word' id='word_1_99' title='bbox 692 792 743 830; x_wconf 88' lang='lat' dir='ltr'><strong>ad</strong></span> <span class='ocrx_word' id='word_1_100' title='bbox 761 807 803 845; x_wconf 90' lang='lat' dir='ltr'><strong>p.</strong></span> <span class='ocrx_word' id='word_1_101' title='bbox 826 792 921 831; x_wconf 77' lang='lat'><strong>502.</strong></span> <span class='ocrx_word' id='word_1_102' title='bbox 942 791 990 830; x_wconf 88' lang='lat' dir='ltr'><strong>C.</strong></span> 
     </span>
    </p>
   </div>
   <div class='ocr_carea' id='block_1_4' title="bbox 103 842 1731 2831">
    <p class='ocr_par' dir='ltr' id='par_1_5' title="bbox 109 842 1553 1233">
     <span class='ocr_line' id='line_1_12' title="bbox 219 842 1552 903; baseline -0.001 -15"><span class='ocrx_word' id='word_1_103' title='bbox 219 849 276 888; x_wconf 88' lang='lat' dir='ltr'><strong>D.</strong></span> <span class='ocrx_word' id='word_1_104' title='bbox 295 862 338 902; x_wconf 88' lang='lat'><strong>9.</strong></span> <span class='ocrx_word' id='word_1_105' title='bbox 369 848 460 903; x_wconf 82' lang='lat'>[¹5,</span> <span class='ocrx_word' id='word_1_106' title='bbox 486 846 573 902; x_wconf 81' lang='lat'>12.]</span> <span class='ocrx_word' id='word_1_107' title='bbox 618 842 847 896; x_wconf 72' lang='grc' dir='ltr'><strong><em>εὗώνυμον.</em></strong></span> <span class='ocrx_word' id='word_1_108' title='bbox 914 847 1048 896; x_wconf 85' lang='lat' dir='ltr'><strong>„Tres</strong></span> <span class='ocrx_word' id='word_1_109' title='bbox 1081 845 1225 885; x_wconf 91' lang='lat' dir='ltr'><strong>ianuae</strong></span> <span class='ocrx_word' id='word_1_110' title='bbox 1255 848 1417 886; x_wconf 85' lang='lat' dir='ltr'><strong>sacrarii</strong></span> <span class='ocrx_word' id='word_1_111' title='bbox 1458 862 1552 888; x_wconf 89' lang='lat' dir='ltr'><strong>cum</strong></span> 
     </span>
     <span class='ocr_line' id='line_1_13' title="bbox 109 901 1551 958; baseline -0.001 -14"><span class='ocrx_word' id='word_1_112' title='bbox 109 902 210 944; x_wconf 78' lang='lat' dir='ltr'><strong>velis</strong></span> <span class='ocrx_word' id='word_1_113' title='bbox 251 906 439 958; x_wconf 84' lang='lat' dir='ltr'><strong>oppansis</strong></span> <span class='ocrx_word' id='word_1_114' title='bbox 495 910 589 943; x_wconf 84' lang='lat' dir='ltr'><strong>sunt</strong></span> <span class='ocrx_word' id='word_1_115' title='bbox 621 904 664 941; x_wconf 90' lang='lat' dir='ltr'><strong>in</strong></span> <span class='ocrx_word' id='word_1_116' title='bbox 702 901 862 954; x_wconf 88' lang='lat' dir='ltr'><strong>templis</strong></span> <span class='ocrx_word' id='word_1_117' title='bbox 902 902 1162 941; x_wconf 86' lang='lat' dir='ltr'><strong>Graecorum.</strong></span> <span class='ocrx_word' id='word_1_118' title='bbox 1222 903 1354 941; x_wconf 87' lang='lat' dir='ltr'><strong>Maior</strong></span> <span class='ocrx_word' id='word_1_119' title='bbox 1390 903 1551 953; x_wconf 85' lang='lat' dir='ltr'><strong>media,</strong></span> 
     </span>
     <span class='ocr_line' id='line_1_14' title="bbox 109 956 1553 1014; baseline -0.001 -15"><span class='ocrx_word' id='word_1_120' title='bbox 109 973 216 1014; x_wconf 81' lang='lat' dir='ltr'><strong>quae</strong></span> <span class='ocrx_word' id='word_1_121' title='bbox 260 959 441 1007; x_wconf 85' lang='lat' dir='ltr'><strong>absolute</strong></span> <span class='ocrx_word' id='word_1_122' title='bbox 480 959 651 1007; x_wconf 88' lang='lat' dir='ltr'><strong>ianuae,</strong></span> <span class='ocrx_word' id='word_1_123' title='bbox 679 956 745 995; x_wconf 84' lang='lat' dir='ltr'><strong>vel</strong></span> <span class='ocrx_word' id='word_1_124' title='bbox 773 959 917 995; x_wconf 88' lang='lat' dir='ltr'><strong>ianuae</strong></span> <span class='ocrx_word' id='word_1_125' title='bbox 936 959 1067 1010; x_wconf 82' lang='lat' dir='ltr'>regiae</span> <span class='ocrx_word' id='word_1_126' title='bbox 1091 957 1254 995; x_wconf 87' lang='lat' dir='ltr'><strong>nomine</strong></span> <span class='ocrx_word' id='word_1_127' title='bbox 1278 958 1454 996; x_wconf 88' lang='lat' dir='ltr'><strong>donatur</strong></span> <span class='ocrx_word' id='word_1_128' title='bbox 1471 987 1483 1007; x_wconf 92' lang='lat'>,</span> <span class='ocrx_word' id='word_1_129' title='bbox 1513 966 1553 998; x_wconf 88' lang='lat' dir='ltr'><strong>et</strong></span> 
     </span>
     <span class='ocr_line' id='line_1_15' title="bbox 111 1011 1553 1066; baseline -0.001 -11"><span class='ocrx_word' id='word_1_130' title='bbox 111 1015 216 1054; x_wconf 84' lang='lat' dir='ltr'><strong>duae</strong></span> <span class='ocrx_word' id='word_1_131' title='bbox 257 1016 432 1054; x_wconf 84' lang='lat' dir='ltr'><strong>minores</strong></span> <span class='ocrx_word' id='word_1_132' title='bbox 474 1013 569 1052; x_wconf 90' lang='lat' dir='ltr'><strong>hinc</strong></span> <span class='ocrx_word' id='word_1_133' title='bbox 601 1019 642 1052; x_wconf 89' lang='lat' dir='ltr'><strong>et</strong></span> <span class='ocrx_word' id='word_1_134' title='bbox 671 1012 762 1051; x_wconf 86' lang='lat' dir='ltr'><strong>inde</strong></span> <span class='ocrx_word' id='word_1_135' title='bbox 794 1012 848 1050; x_wconf 91' lang='lat' dir='ltr'><strong>ab</strong></span> <span class='ocrx_word' id='word_1_136' title='bbox 881 1011 988 1051; x_wconf 89' lang='lat' dir='ltr'><strong>illius</strong></span> <span class='ocrx_word' id='word_1_137' title='bbox 1019 1012 1157 1051; x_wconf 88' lang='lat' dir='ltr'><strong>latere.</strong></span> <span class='ocrx_word' id='word_1_138' title='bbox 1218 1013 1416 1066; x_wconf 86' lang='lat' dir='ltr'>Imagines</span> <span class='ocrx_word' id='word_1_139' title='bbox 1447 1015 1553 1053; x_wconf 88' lang='lat' dir='ltr'><strong>inter</strong></span> 
     </span>
     <span class='ocr_line' id='line_1_16' title="bbox 109 1067 1551 1122; baseline -0.001 -13"><span class='ocrx_word' id='word_1_140' title='bbox 109 1070 249 1109; x_wconf 79' lang='lat' dir='ltr'><strong>ianuas</strong></span> <span class='ocrx_word' id='word_1_141' title='bbox 287 1069 376 1109; x_wconf 82' lang='lat' dir='ltr'><strong>illas</strong></span> <span class='ocrx_word' id='word_1_142' title='bbox 409 1076 563 1108; x_wconf 81' lang='lat' dir='ltr'><strong>erectae</strong></span> <span class='ocrx_word' id='word_1_143' title='bbox 603 1069 813 1115; x_wconf 84' lang='lat' dir='ltr'><strong>visuntur,</strong></span> <span class='ocrx_word' id='word_1_144' title='bbox 844 1081 926 1106; x_wconf 88' lang='lat' dir='ltr'><strong>una</strong></span> <span class='ocrx_word' id='word_1_145' title='bbox 955 1067 1131 1113; x_wconf 88' lang='lat' dir='ltr'>Christi,</span> <span class='ocrx_word' id='word_1_146' title='bbox 1161 1081 1276 1107; x_wconf 88' lang='lat' dir='ltr'><strong>secus</strong></span> <span class='ocrx_word' id='word_1_147' title='bbox 1300 1082 1422 1122; x_wconf 87' lang='lat' dir='ltr'><strong>quam</strong></span> <span class='ocrx_word' id='word_1_148' title='bbox 1442 1069 1551 1122; x_wconf 90' lang='lat' dir='ltr'><strong>apud</strong></span> 
     </span>
     <span class='ocr_line' id='line_1_17' title="bbox 111 1122 1547 1179; baseline -0.001 -15"><span class='ocrx_word' id='word_1_149' title='bbox 111 1138 211 1173; x_wconf 80' lang='lat' dir='ltr'><strong>nos,</strong></span> <span class='ocrx_word' id='word_1_150' title='bbox 263 1124 577 1179; x_wconf 74' lang='lat' dir='ltr'><strong>ingredientibus</strong></span> <span class='ocrx_word' id='word_1_151' title='bbox 618 1122 671 1161; x_wconf 83' lang='lat' dir='ltr'><strong>ad</strong></span> <span class='ocrx_word' id='word_1_152' title='bbox 698 1136 863 1162; x_wconf 87' lang='lat' dir='ltr'><strong>manum</strong></span> <span class='ocrx_word' id='word_1_153' title='bbox 890 1122 1070 1162; x_wconf 82' lang='lat' dir='ltr'><strong>dextram</strong></span> <span class='ocrx_word' id='word_1_154' title='bbox 1098 1122 1275 1175; x_wconf 85' lang='lat' dir='ltr'><strong>ipsorum</strong></span> <span class='ocrx_word' id='word_1_155' title='bbox 1291 1153 1303 1173; x_wconf 88' lang='lat'>‚</span> <span class='ocrx_word' id='word_1_156' title='bbox 1345 1123 1471 1162; x_wconf 85' lang='lat' dir='ltr'><strong>altera</strong></span> <span class='ocrx_word' id='word_1_157' title='bbox 1500 1125 1547 1162; x_wconf 94' lang='lat' dir='ltr'><strong>B.</strong></span> 
     </span>
     <span class='ocr_line' id='line_1_18' title="bbox 110 1178 1553 1233; baseline 0 -14"><span class='ocrx_word' id='word_1_158' title='bbox 110 1178 289 1233; x_wconf 79' lang='lat' dir='ltr'><strong>Virginis</strong></span> <span class='ocrx_word' id='word_1_159' title='bbox 334 1179 387 1218; x_wconf 84' lang='lat' dir='ltr'><strong>ad</strong></span> <span class='ocrx_word' id='word_1_160' title='bbox 431 1181 634 1219; x_wconf 85' lang='lat' dir='ltr'><strong>sinistram</strong></span> <span class='ocrx_word' id='word_1_161' title='bbox 675 1191 912 1222; x_wconf 83' lang='lat' dir='ltr'><strong>occurrens,</strong></span> <span class='ocrx_word' id='word_1_162' title='bbox 957 1178 1147 1216; x_wconf 88' lang='lat' dir='ltr'><strong>accedens</strong></span> <span class='ocrx_word' id='word_1_163' title='bbox 1183 1181 1350 1231; x_wconf 88' lang='lat' dir='ltr'><strong>propius</strong></span> <span class='ocrx_word' id='word_1_164' title='bbox 1375 1179 1427 1217; x_wconf 92' lang='lat' dir='ltr'><strong>ad</strong></span> <span class='ocrx_word' id='word_1_165' title='bbox 1465 1178 1553 1219; x_wconf 84' lang='lat' dir='ltr'><strong>illas</strong></span> 
     </span>
    </p>

    <p class='ocr_par' dir='ltr' id='par_1_6' title="bbox 108 1232 1554 1507">
     <span class='ocr_line' id='line_1_19' title="bbox 162 1232 1554 1287; baseline -0.001 -12"><span class='ocrx_word' id='word_1_166' title='bbox 162 1234 339 1275; x_wconf 71' lang='lat' dir='ltr'><strong>hiat-cha</strong></span> <span class='ocrx_word' id='word_1_167' title='bbox 368 1237 608 1287; x_wconf 79' lang='grc' dir='ltr'><em>προσκυνεῖ,</em></span> <span class='ocrx_word' id='word_1_168' title='bbox 653 1233 813 1280; x_wconf 86' lang='lat' dir='ltr'><strong>adorat,</strong></span> <span class='ocrx_word' id='word_1_169' title='bbox 866 1247 948 1272; x_wconf 90' lang='lat' dir='ltr'><strong>non</strong></span> <span class='ocrx_word' id='word_1_170' title='bbox 976 1232 1045 1272; x_wconf 88' lang='lat' dir='ltr'><strong>illa</strong></span> <span class='ocrx_word' id='word_1_171' title='bbox 1074 1233 1329 1281; x_wconf 78' lang='lat' dir='ltr'><strong>adoratione,</strong></span> <span class='ocrx_word' id='word_1_172' title='bbox 1377 1248 1458 1287; x_wconf 90' lang='lat' dir='ltr'><strong>qua</strong></span> <span class='ocrx_word' id='word_1_173' title='bbox 1486 1249 1554 1274; x_wconf 75' lang='grc'><strong>80-</strong></span> 
     </span>
     <span class='ocr_line' id='line_1_20' title="bbox 108 1247 1553 1342; baseline 0 -14"><span class='ocrx_word' id='word_1_174' title='bbox 108 1247 198 1328; x_wconf 57' lang='lat' dir='ltr'><strong>ffin</strong></span> <span class='ocrx_word' id='word_1_175' title='bbox 236 1289 436 1340; x_wconf 76' lang='lat' dir='ltr'><strong>hasiatur,</strong></span> <span class='ocrx_word' id='word_1_176' title='bbox 478 1289 548 1329; x_wconf 82' lang='lat' dir='ltr'><strong>sed</strong></span> <span class='ocrx_word' id='word_1_177' title='bbox 578 1289 733 1328; x_wconf 88' lang='lat' dir='ltr'><strong>minore</strong></span> <span class='ocrx_word' id='word_1_178' title='bbox 752 1289 999 1327; x_wconf 83' lang='lat' dir='ltr'><strong>reverentiae</strong></span> <span class='ocrx_word' id='word_1_179' title='bbox 1022 1288 1309 1341; x_wconf 82' lang='lat' dir='ltr'><strong>significatione</strong></span> <span class='ocrx_word' id='word_1_180' title='bbox 1322 1320 1334 1336; x_wconf 91' lang='lat'>‚</span> <span class='ocrx_word' id='word_1_181' title='bbox 1364 1304 1468 1342; x_wconf 90' lang='lat' dir='ltr'><strong>quae</strong></span> <span class='ocrx_word' id='word_1_182' title='bbox 1485 1304 1553 1328; x_wconf 90' lang='lat' dir='ltr'><strong>no-</strong></span> 
     </span>
     <span class='ocr_line' id='line_1_21' title="bbox 111 1338 1553 1396; baseline -0.001 -12"><span class='ocrx_word' id='word_1_183' title='bbox 111 1346 223 1384; x_wconf 82' lang='lat' dir='ltr'><strong>mine</strong></span> <span class='ocrx_word' id='word_1_184' title='bbox 257 1338 575 1396; x_wconf 78' lang='grc' dir='ltr'><strong><em>προσκυνήσεως</em></strong></span> <span class='ocrx_word' id='word_1_185' title='bbox 615 1357 697 1382; x_wconf 90' lang='lat' dir='ltr'><strong>non</strong></span> <span class='ocrx_word' id='word_1_186' title='bbox 723 1343 844 1382; x_wconf 87' lang='lat' dir='ltr'><strong>semel</strong></span> <span class='ocrx_word' id='word_1_187' title='bbox 869 1344 911 1381; x_wconf 89' lang='lat' dir='ltr'><strong>in</strong></span> <span class='ocrx_word' id='word_1_188' title='bbox 940 1343 1016 1382; x_wconf 87' lang='lat' dir='ltr'><strong>hoc</strong></span> <span class='ocrx_word' id='word_1_189' title='bbox 1043 1344 1203 1396; x_wconf 86' lang='lat' dir='ltr'><strong>negotio</strong></span> <span class='ocrx_word' id='word_1_190' title='bbox 1226 1344 1452 1394; x_wconf 85' lang='lat' dir='ltr'><strong>indicatur,</strong></span> <span class='ocrx_word' id='word_1_191' title='bbox 1481 1359 1553 1383; x_wconf 88' lang='lat' dir='ltr'><strong>nu·</strong></span> 
     </span>
     <span class='ocr_line' id='line_1_22' title="bbox 111 1398 1548 1450; baseline 0.001 -12"><span class='ocrx_word' id='word_1_192' title='bbox 111 1405 159 1438; x_wconf 83' lang='lat' dir='ltr'><strong>tu</strong></span> <span class='ocrx_word' id='word_1_193' title='bbox 199 1406 359 1440; x_wconf 86' lang='lat' dir='ltr'><strong>tantum</strong></span> <span class='ocrx_word' id='word_1_194' title='bbox 374 1429 388 1450; x_wconf 83' lang='lat'>‚</span> <span class='ocrx_word' id='word_1_195' title='bbox 441 1398 697 1438; x_wconf 84' lang='lat' dir='ltr'><strong>inclinatione</strong></span> <span class='ocrx_word' id='word_1_196' title='bbox 717 1406 758 1438; x_wconf 90' lang='lat' dir='ltr'><strong>et</strong></span> <span class='ocrx_word' id='word_1_197' title='bbox 784 1399 1103 1439; x_wconf 82' lang='lat' dir='ltr'><strong>reverentissima</strong></span> <span class='ocrx_word' id='word_1_198' title='bbox 1128 1399 1407 1440; x_wconf 89' lang='lat' dir='ltr'><strong>salutatione.”</strong></span> <span class='ocrx_word' id='word_1_199' title='bbox 1460 1400 1548 1439; x_wconf 87' lang='lat' dir='ltr'><strong>Ha-</strong></span> 
     </span>
     <span class='ocr_line' id='line_1_23' title="bbox 109 1452 632 1507; baseline 0 -13"><span class='ocrx_word' id='word_1_200' title='bbox 109 1453 250 1495; x_wconf 70' lang='lat' dir='ltr'><strong>bea-ms</strong></span> <span class='ocrx_word' id='word_1_201' title='bbox 277 1454 466 1494; x_wconf 83' lang='lat' dir='ltr'><strong>Pontific.</strong></span> <span class='ocrx_word' id='word_1_202' title='bbox 498 1469 541 1507; x_wconf 90' lang='lat' dir='ltr'><strong>p.</strong></span> <span class='ocrx_word' id='word_1_203' title='bbox 563 1452 632 1494; x_wconf 86' lang='lat'><strong>62.</strong></span> 
     </span>
    </p>

    <p class='ocr_par' dir='ltr' id='par_1_7' title="bbox 103 1508 1731 2831">
     <span class='ocr_line' id='line_1_24' title="bbox 221 1508 1550 1563; baseline 0 -15"><span class='ocrx_word' id='word_1_204' title='bbox 221 1510 277 1548; x_wconf 87' lang='lat' dir='ltr'><strong>D.</strong></span> <span class='ocrx_word' id='word_1_205' title='bbox 297 1517 483 1561; x_wconf 84' lang='lat' dir='ltr'><strong>antepen.</strong></span> <span class='ocrx_word' id='word_1_206' title='bbox 513 1509 604 1563; x_wconf 83' lang='lat'>[15‚</span> <span class='ocrx_word' id='word_1_207' title='bbox 644 1508 730 1562; x_wconf 62' lang='lat'><strong>14]</strong></span> <span class='ocrx_word' id='word_1_208' title='bbox 761 1508 1053 1561; x_wconf 80' lang='grc' dir='ltr'><strong><em>Εἶσὲρχονται.</em></strong></span> <span class='ocrx_word' id='word_1_209' title='bbox 1113 1509 1327 1550; x_wconf 87' lang='lat' dir='ltr'><strong>Habebant</strong></span> <span class='ocrx_word' id='word_1_210' title='bbox 1351 1509 1448 1549; x_wconf 86' lang='lat' dir='ltr'><strong>olim</strong></span> <span class='ocrx_word' id='word_1_211' title='bbox 1466 1509 1550 1548; x_wconf 85' lang='lat' dir='ltr'><strong>Im-</strong></span> 
     </span>
     <span class='ocr_line' id='line_1_25' title="bbox 114 1563 1551 1618; baseline 0.001 -16"><span class='ocrx_word' id='word_1_212' title='bbox 114 1571 319 1616; x_wconf 64' lang='lat' dir='ltr'><strong>pei-atores</strong></span> <span class='ocrx_word' id='word_1_213' title='bbox 346 1563 575 1603; x_wconf 79' lang='lat' dir='ltr'><strong>facultatem</strong></span> <span class='ocrx_word' id='word_1_214' title='bbox 599 1566 643 1603; x_wconf 87' lang='lat' dir='ltr'><strong>in</strong></span> <span class='ocrx_word' id='word_1_215' title='bbox 668 1565 832 1603; x_wconf 88' lang='lat' dir='ltr'><strong>tribuna</strong></span> <span class='ocrx_word' id='word_1_216' title='bbox 865 1564 1028 1603; x_wconf 89' lang='lat' dir='ltr'><strong>sedendi</strong></span> <span class='ocrx_word' id='word_1_217' title='bbox 1050 1571 1091 1603; x_wconf 91' lang='lat' dir='ltr'><strong>et</strong></span> <span class='ocrx_word' id='word_1_218' title='bbox 1112 1565 1298 1604; x_wconf 88' lang='lat' dir='ltr'><strong>manendi</strong></span> <span class='ocrx_word' id='word_1_219' title='bbox 1326 1579 1399 1618; x_wconf 86' lang='lat' dir='ltr'><strong>per</strong></span> <span class='ocrx_word' id='word_1_220' title='bbox 1421 1572 1551 1604; x_wconf 79' lang='lat' dir='ltr'><strong>totam</strong></span> 
     </span>
     <span class='ocr_line' id='line_1_26' title="bbox 111 1617 1548 1672; baseline 0.001 -14"><span class='ocrx_word' id='word_1_221' title='bbox 111 1617 331 1672; x_wconf 83' lang='lat' dir='ltr'><strong>liturgiam.</strong></span> <span class='ocrx_word' id='word_1_222' title='bbox 390 1619 469 1658; x_wconf 87' lang='lat' dir='ltr'><strong>Sed</strong></span> <span class='ocrx_word' id='word_1_223' title='bbox 500 1625 590 1672; x_wconf 88' lang='lat' dir='ltr'><strong>post</strong></span> <span class='ocrx_word' id='word_1_224' title='bbox 618 1618 820 1657; x_wconf 88' lang='lat' dir='ltr'><strong>Ambrosii</strong></span> <span class='ocrx_word' id='word_1_225' title='bbox 851 1626 892 1658; x_wconf 90' lang='lat' dir='ltr'><strong>et</strong></span> <span class='ocrx_word' id='word_1_226' title='bbox 921 1619 1138 1658; x_wconf 89' lang='lat' dir='ltr'><strong>Theodosii</strong></span> <span class='ocrx_word' id='word_1_227' title='bbox 1166 1619 1443 1659; x_wconf 85' lang='lat' dir='ltr'><strong>altercationes</strong></span> <span class='ocrx_word' id='word_1_228' title='bbox 1481 1634 1548 1659; x_wconf 87' lang='lat' dir='ltr'><strong>ex-</strong></span> 
     </span>
     <span class='ocr_line' id='line_1_27' title="bbox 111 1673 1544 1728; baseline 0.001 -16"><span class='ocrx_word' id='word_1_229' title='bbox 111 1675 192 1712; x_wconf 86' lang='lat' dir='ltr'><strong>acti</strong></span> <span class='ocrx_word' id='word_1_230' title='bbox 223 1673 402 1720; x_wconf 71' lang='lat' dir='ltr'><strong>fimrunt,</strong></span> <span class='ocrx_word' id='word_1_231' title='bbox 445 1680 490 1712; x_wconf 88' lang='lat' dir='ltr'><strong>ut</strong></span> <span class='ocrx_word' id='word_1_232' title='bbox 527 1673 634 1719; x_wconf 81' lang='lat' dir='ltr'><strong>laici,</strong></span> <span class='ocrx_word' id='word_1_233' title='bbox 678 1674 943 1727; x_wconf 86' lang='lat' dir='ltr'><strong>Imperatores</strong></span> <span class='ocrx_word' id='word_1_234' title='bbox 977 1675 1034 1725; x_wconf 90' lang='lat' dir='ltr'><strong>(v.</strong></span> <span class='ocrx_word' id='word_1_235' title='bbox 1068 1674 1173 1713; x_wconf 73' lang='lat' dir='ltr'><strong>inFra</strong></span> <span class='ocrx_word' id='word_1_236' title='bbox 1202 1675 1255 1714; x_wconf 90' lang='lat' dir='ltr'><strong>ad</strong></span> <span class='ocrx_word' id='word_1_237' title='bbox 1283 1676 1331 1714; x_wconf 91' lang='lat' dir='ltr'><strong>L.</strong></span> <span class='ocrx_word' id='word_1_238' title='bbox 1366 1675 1421 1713; x_wconf 90' lang='lat'><strong>11.</strong></span> <span class='ocrx_word' id='word_1_239' title='bbox 1454 1689 1544 1728; x_wconf 88' lang='lat' dir='ltr'><strong>cap.</strong></span> 
     </span>
     <span class='ocr_line' id='line_1_28' title="bbox 116 1727 1548 1782; baseline 0.001 -15"><span class='ocrx_word' id='word_1_240' title='bbox 116 1727 186 1768; x_wconf 76' lang='lat'><strong>26.</strong></span> <span class='ocrx_word' id='word_1_241' title='bbox 221 1736 263 1768; x_wconf 81' lang='lat' dir='ltr'><strong>et</strong></span> <span class='ocrx_word' id='word_1_242' title='bbox 286 1729 356 1768; x_wconf 88' lang='lat' dir='ltr'><strong>Du</strong></span> <span class='ocrx_word' id='word_1_243' title='bbox 385 1729 520 1782; x_wconf 85' lang='lat' dir='ltr'><strong>Gange</strong></span> <span class='ocrx_word' id='word_1_244' title='bbox 547 1728 600 1767; x_wconf 94' lang='lat' dir='ltr'><strong>ad</strong></span> <span class='ocrx_word' id='word_1_245' title='bbox 626 1729 774 1767; x_wconf 89' lang='lat' dir='ltr'><strong>Zonar.</strong></span> <span class='ocrx_word' id='word_1_246' title='bbox 817 1743 860 1782; x_wconf 92' lang='lat' dir='ltr'><strong>p.</strong></span> <span class='ocrx_word' id='word_1_247' title='bbox 902 1730 1011 1779; x_wconf 66' lang='lat'>104.)</span> <span class='ocrx_word' id='word_1_248' title='bbox 1049 1736 1089 1767; x_wconf 87' lang='lat' dir='ltr'><strong>et</strong></span> <span class='ocrx_word' id='word_1_249' title='bbox 1118 1737 1326 1782; x_wconf 87' lang='lat' dir='ltr'><strong>praetenta</strong></span> <span class='ocrx_word' id='word_1_250' title='bbox 1353 1729 1443 1769; x_wconf 87' lang='lat' dir='ltr'><strong>vela</strong></span> <span class='ocrx_word' id='word_1_251' title='bbox 1471 1732 1548 1770; x_wconf 89' lang='lat' dir='ltr'><strong>tri-</strong></span> 
     </span>
     <span class='ocr_line' id='line_1_29' title="bbox 110 1782 1544 1837; baseline 0.001 -15"><span class='ocrx_word' id='word_1_252' title='bbox 110 1782 246 1823; x_wconf 82' lang='lat' dir='ltr'><strong>bunae</strong></span> <span class='ocrx_word' id='word_1_253' title='bbox 280 1798 306 1822; x_wconf 86' lang='lat' dir='ltr'><strong>a</strong></span> <span class='ocrx_word' id='word_1_254' title='bbox 339 1783 508 1831; x_wconf 86' lang='lat' dir='ltr'><strong>clericis,</strong></span> <span class='ocrx_word' id='word_1_255' title='bbox 549 1784 801 1836; x_wconf 88' lang='lat' dir='ltr'><strong>cupientibus</strong></span> <span class='ocrx_word' id='word_1_256' title='bbox 833 1784 984 1836; x_wconf 89' lang='lat' dir='ltr'><strong>absque</strong></span> <span class='ocrx_word' id='word_1_257' title='bbox 1011 1783 1165 1823; x_wconf 82' lang='lat' dir='ltr'><strong>arbitro</strong></span> <span class='ocrx_word' id='word_1_258' title='bbox 1195 1799 1327 1837; x_wconf 84' lang='lat' dir='ltr'><strong>agere,</strong></span> <span class='ocrx_word' id='word_1_259' title='bbox 1358 1792 1399 1824; x_wconf 86' lang='lat' dir='ltr'><strong>et</strong></span> <span class='ocrx_word' id='word_1_260' title='bbox 1430 1784 1544 1824; x_wconf 82' lang='lat' dir='ltr'><strong>obla-</strong></span> 
     </span>
     <span class='ocr_line' id='line_1_30' title="bbox 109 1838 1541 1892; baseline 0.001 -15"><span class='ocrx_word' id='word_1_261' title='bbox 109 1838 240 1877; x_wconf 74' lang='lat' dir='ltr'><strong>tiones</strong></span> <span class='ocrx_word' id='word_1_262' title='bbox 264 1838 441 1879; x_wconf 85' lang='lat' dir='ltr'><strong>fidelium</strong></span> <span class='ocrx_word' id='word_1_263' title='bbox 472 1838 546 1879; x_wconf 87' lang='lat' dir='ltr'><strong>toti</strong></span> <span class='ocrx_word' id='word_1_264' title='bbox 572 1840 702 1878; x_wconf 84' lang='lat' dir='ltr'><strong>coetui</strong></span> <span class='ocrx_word' id='word_1_265' title='bbox 734 1839 1027 1881; x_wconf 80' lang='lat' dir='ltr'><strong>distribuendas</strong></span> <span class='ocrx_word' id='word_1_266' title='bbox 1053 1841 1108 1878; x_wconf 91' lang='lat' dir='ltr'><strong>ita</strong></span> <span class='ocrx_word' id='word_1_267' title='bbox 1136 1841 1292 1892; x_wconf 86' lang='lat' dir='ltr'><strong>partiri,</strong></span> <span class='ocrx_word' id='word_1_268' title='bbox 1322 1847 1369 1879; x_wconf 87' lang='lat' dir='ltr'><strong>ut</strong></span> <span class='ocrx_word' id='word_1_269' title='bbox 1398 1841 1541 1879; x_wconf 79' lang='lat' dir='ltr'><strong>inluri-</strong></span> 
     </span>
     <span class='ocr_line' id='line_1_31' title="bbox 108 1891 1538 1948; baseline 0.001 -16"><span class='ocrx_word' id='word_1_270' title='bbox 108 1906 178 1932; x_wconf 87' lang='lat' dir='ltr'><strong>am</strong></span> <span class='ocrx_word' id='word_1_271' title='bbox 202 1891 283 1932; x_wconf 85' lang='lat' dir='ltr'><strong>illis</strong></span> <span class='ocrx_word' id='word_1_272' title='bbox 314 1894 463 1934; x_wconf 82' lang='lat' dir='ltr'><strong>faceret</strong></span> <span class='ocrx_word' id='word_1_273' title='bbox 476 1923 489 1944; x_wconf 85' lang='lat'>,</span> <span class='ocrx_word' id='word_1_274' title='bbox 518 1896 589 1947; x_wconf 85' lang='lat' dir='ltr'><strong>qui</strong></span> <span class='ocrx_word' id='word_1_275' title='bbox 622 1894 771 1934; x_wconf 89' lang='lat' dir='ltr'><strong>diceret</strong></span> <span class='ocrx_word' id='word_1_276' title='bbox 794 1909 862 1934; x_wconf 93' lang='lat' dir='ltr'><strong>eos</strong></span> <span class='ocrx_word' id='word_1_277' title='bbox 890 1901 1045 1948; x_wconf 85' lang='lat' dir='ltr'><strong>partem</strong></span> <span class='ocrx_word' id='word_1_278' title='bbox 1073 1895 1327 1934; x_wconf 81' lang='lat' dir='ltr'><strong>deterrimam</strong></span> <span class='ocrx_word' id='word_1_279' title='bbox 1350 1895 1425 1934; x_wconf 86' lang='lat' dir='ltr'><strong>sibi</strong></span> <span class='ocrx_word' id='word_1_280' title='bbox 1454 1910 1538 1935; x_wconf 88' lang='lat' dir='ltr'><strong>ser-</strong></span> 
     </span>
     <span class='ocr_line' id='line_1_32' title="bbox 109 1949 1547 2005; baseline 0.001 -17"><span class='ocrx_word' id='word_1_281' title='bbox 109 1961 239 1988; x_wconf 79' lang='lat' dir='ltr'><strong>vasse.</strong></span> <span class='ocrx_word' id='word_1_282' title='bbox 296 1949 400 1988; x_wconf 80' lang='lat' dir='ltr'><strong>Solis</strong></span> <span class='ocrx_word' id='word_1_283' title='bbox 415 1951 537 2003; x_wconf 82' lang='lat' dir='ltr'><strong>igitur</strong></span> <span class='ocrx_word' id='word_1_284' title='bbox 565 1949 706 1988; x_wconf 85' lang='lat' dir='ltr'><strong>diebus</strong></span> <span class='ocrx_word' id='word_1_285' title='bbox 737 1949 845 1989; x_wconf 86' lang='lat' dir='ltr'><strong>festis</strong></span> <span class='ocrx_word' id='word_1_286' title='bbox 872 1950 1032 1988; x_wconf 84' lang='lat' dir='ltr'><strong>veniam</strong></span> <span class='ocrx_word' id='word_1_287' title='bbox 1058 1950 1370 2005; x_wconf 89' lang='lat' dir='ltr'><strong>Imperatoribus</strong></span> <span class='ocrx_word' id='word_1_288' title='bbox 1395 1949 1547 1990; x_wconf 88' lang='lat' dir='ltr'><strong>dabant</strong></span> 
     </span>
     <span class='ocr_line' id='line_1_33' title="bbox 110 2002 1546 2045; baseline 0.002 -4"><span class='ocrx_word' id='word_1_289' title='bbox 110 2002 154 2041; x_wconf 86' lang='lat' dir='ltr'><strong>in</strong></span> <span class='ocrx_word' id='word_1_290' title='bbox 181 2003 387 2044; x_wconf 75' lang='lat' dir='ltr'><strong>tribunam</strong></span> <span class='ocrx_word' id='word_1_291' title='bbox 426 2004 601 2043; x_wconf 85' lang='lat' dir='ltr'><strong>intrandi</strong></span> <span class='ocrx_word' id='word_1_292' title='bbox 629 2005 831 2043; x_wconf 89' lang='lat' dir='ltr'><strong>donorum</strong></span> <span class='ocrx_word' id='word_1_293' title='bbox 858 2005 1152 2044; x_wconf 87' lang='lat' dir='ltr'><strong>offerendorum</strong></span> <span class='ocrx_word' id='word_1_294' title='bbox 1184 2012 1224 2044; x_wconf 90' lang='lat' dir='ltr'><strong>et</strong></span> <span class='ocrx_word' id='word_1_295' title='bbox 1261 2006 1302 2044; x_wconf 84' lang='lat' dir='ltr'><strong>in</strong></span> <span class='ocrx_word' id='word_1_296' title='bbox 1332 2019 1444 2045; x_wconf 87' lang='lat' dir='ltr'><strong>sacra</strong></span> <span class='ocrx_word' id='word_1_297' title='bbox 1475 2019 1546 2044; x_wconf 88' lang='lat' dir='ltr'><strong>en-</strong></span> 
     </span>
     <span class='ocr_line' id='line_1_34' title="bbox 114 2057 1548 2113; baseline 0.003 -17"><span class='ocrx_word' id='word_1_298' title='bbox 114 2057 213 2112; x_wconf 78' lang='lat' dir='ltr'><strong>dyta</strong></span> <span class='ocrx_word' id='word_1_299' title='bbox 242 2058 570 2113; x_wconf 81' lang='lat' dir='ltr'><strong>deponendorum</strong></span> <span class='ocrx_word' id='word_1_300' title='bbox 607 2060 734 2112; x_wconf 83' lang='lat' dir='ltr'><strong>gratia</strong></span> <span class='ocrx_word' id='word_1_301' title='bbox 749 2089 762 2107; x_wconf 87' lang='lat'>‚</span> <span class='ocrx_word' id='word_1_302' title='bbox 805 2067 853 2099; x_wconf 90' lang='lat' dir='ltr'><strong>ut</strong></span> <span class='ocrx_word' id='word_1_303' title='bbox 895 2074 918 2099; x_wconf 88' lang='lat' dir='ltr'><strong>e</strong></span> <span class='ocrx_word' id='word_1_304' title='bbox 953 2060 1090 2099; x_wconf 86' lang='lat' dir='ltr'><strong>multis</strong></span> <span class='ocrx_word' id='word_1_305' title='bbox 1118 2060 1215 2100; x_wconf 89' lang='lat' dir='ltr'><strong>locis</strong></span> <span class='ocrx_word' id='word_1_306' title='bbox 1244 2062 1372 2100; x_wconf 88' lang='lat' dir='ltr'><strong>nostri</strong></span> <span class='ocrx_word' id='word_1_307' title='bbox 1399 2060 1548 2100; x_wconf 87' lang='lat' dir='ltr'><strong>codicis</strong></span> 
     </span>
     <span class='ocr_line' id='line_1_35' title="bbox 110 2114 1555 2155; baseline 0.001 -3"><span class='ocrx_word' id='word_1_308' title='bbox 110 2120 267 2152; x_wconf 74' lang='lat' dir='ltr'><strong>constat</strong></span> <span class='ocrx_word' id='word_1_309' title='bbox 290 2129 302 2153; x_wconf 88' lang='lat'><strong>:</strong></span> <span class='ocrx_word' id='word_1_310' title='bbox 339 2122 398 2154; x_wconf 75' lang='lat' dir='ltr'><strong>&#39;et</strong></span> <span class='ocrx_word' id='word_1_311' title='bbox 445 2129 468 2154; x_wconf 91' lang='lat' dir='ltr'><strong>e</strong></span> <span class='ocrx_word' id='word_1_312' title='bbox 513 2114 672 2153; x_wconf 86' lang='lat' dir='ltr'><strong>decreto</strong></span> <span class='ocrx_word' id='word_1_313' title='bbox 713 2115 928 2154; x_wconf 85' lang='lat' dir='ltr'><strong>Theodosii</strong></span> <span class='ocrx_word' id='word_1_314' title='bbox 983 2116 1156 2155; x_wconf 89' lang='lat' dir='ltr'><strong>Iunioris</strong></span> <span class='ocrx_word' id='word_1_315' title='bbox 1196 2122 1237 2154; x_wconf 88' lang='lat' dir='ltr'><strong>et</strong></span> <span class='ocrx_word' id='word_1_316' title='bbox 1275 2115 1555 2155; x_wconf 84' lang='lat' dir='ltr'><strong>Valentiniani-</strong></span> 
     </span>
     <span class='ocr_line' id='line_1_36' title="bbox 109 2168 1549 2222; baseline 0.002 -15"><span class='ocrx_word' id='word_1_317' title='bbox 109 2175 204 2221; x_wconf 83' lang='lat' dir='ltr'><strong>post</strong></span> <span class='ocrx_word' id='word_1_318' title='bbox 235 2168 459 2211; x_wconf 83' lang='lat' dir='ltr'><strong>Concilium</strong></span> <span class='ocrx_word' id='word_1_319' title='bbox 488 2169 737 2222; x_wconf 70' lang='lat' dir='ltr'><strong>Ephesinum</strong></span> <span class='ocrx_word' id='word_1_320' title='bbox 753 2184 766 2209; x_wconf 75' lang='lat' dir='ltr'><em>z</em></span> <span class='ocrx_word' id='word_1_321' title='bbox 804 2170 878 2210; x_wconf 85' lang='lat' dir='ltr'><strong>Ad</strong></span> <span class='ocrx_word' id='word_1_322' title='bbox 903 2184 1018 2209; x_wconf 82' lang='lat' dir='ltr'><strong>sacra</strong></span> <span class='ocrx_word' id='word_1_323' title='bbox 1048 2172 1196 2210; x_wconf 76' lang='lat' dir='ltr'><strong>altaria</strong></span> <span class='ocrx_word' id='word_1_324' title='bbox 1227 2184 1426 2210; x_wconf 81' lang='lat' dir='ltr'><strong>munerum</strong></span> <span class='ocrx_word' id='word_1_325' title='bbox 1458 2179 1549 2209; x_wconf 83' lang='lat' dir='ltr'><strong>tan-</strong></span> 
     </span>
     <span class='ocr_line' id='line_1_37' title="bbox 106 2223 1549 2281; baseline 0.001 -18"><span class='ocrx_word' id='word_1_326' title='bbox 106 2232 191 2263; x_wconf 77' lang='lat' dir='ltr'><strong>tum</strong></span> <span class='ocrx_word' id='word_1_327' title='bbox 216 2223 503 2276; x_wconf 63' lang='lat' dir='ltr'><strong>offerendorum</strong></span> <span class='ocrx_word' id='word_1_328' title='bbox 528 2226 661 2278; x_wconf 77' lang='lat' dir='ltr'><strong>gralia</strong></span> <span class='ocrx_word' id='word_1_329' title='bbox 685 2225 913 2274; x_wconf 76' lang='lat' dir='ltr'><strong>accedimus,</strong></span> <span class='ocrx_word' id='word_1_330' title='bbox 938 2235 976 2265; x_wconf 81' lang='lat' dir='ltr'><strong>ec</strong></span> <span class='ocrx_word' id='word_1_331' title='bbox 993 2241 1080 2264; x_wconf 79' lang='lat' dir='ltr'><strong>cum</strong></span> <span class='ocrx_word' id='word_1_332' title='bbox 1101 2227 1391 2281; x_wconf 77' lang='lat' dir='ltr'><strong>circwnsepeum</strong></span> <span class='ocrx_word' id='word_1_333' title='bbox 1413 2239 1549 2265; x_wconf 80' lang='lat' dir='ltr'><strong>sacro·</strong></span> 
     </span>
     <span class='ocr_line' id='line_1_38' title="bbox 103 2279 1402 2334; baseline 0.002 -16"><span class='ocrx_word' id='word_1_334' title='bbox 103 2281 201 2318; x_wconf 63' lang='lat' dir='ltr'><strong>m</strong></span> <span class='ocrx_word' id='word_1_335' title='bbox 226 2279 436 2330; x_wconf 61' lang='grc' dir='ltr'><strong>(τάχιον-ατη</strong></span> <span class='ocrx_word' id='word_1_336' title='bbox 464 2281 628 2331; x_wconf 59' lang='lat' dir='ltr'><strong>ingressi</strong></span> <span class='ocrx_word' id='word_1_337' title='bbox 653 2294 792 2329; x_wconf 78' lang='lat' dir='ltr'><strong>sumus,</strong></span> <span class='ocrx_word' id='word_1_338' title='bbox 824 2282 955 2320; x_wconf 77' lang='lat' dir='ltr'><strong>statim</strong></span> <span class='ocrx_word' id='word_1_339' title='bbox 980 2281 1212 2334; x_wconf 73' lang='lat' dir='ltr'><strong>egredimur,</strong></span> <span class='ocrx_word' id='word_1_340' title='bbox 1250 2295 1299 2320; x_wconf 83' lang='lat' dir='ltr'><strong>ne</strong></span> <span class='ocrx_word' id='word_1_341' title='bbox 1331 2282 1402 2334; x_wconf 84' lang='lat' dir='ltr'><strong>qui</strong></span> 
     </span>
     <span class='ocr_line' id='line_1_39' title="bbox 110 2334 1731 2389; baseline 0.003 -17"><span class='ocrx_word' id='word_1_342' title='bbox 110 2347 168 2372; x_wconf 76' lang='lat' dir='ltr'><strong>ex</strong></span> <span class='ocrx_word' id='word_1_343' title='bbox 199 2336 426 2389; x_wconf 83' lang='lat' dir='ltr'><strong>propinqua</strong></span> <span class='ocrx_word' id='word_1_344' title='bbox 464 2334 671 2373; x_wconf 82' lang='lat' dir='ltr'><strong>divim‘tate</strong></span> <span class='ocrx_word' id='word_1_345' title='bbox 705 2337 815 2374; x_wconf 60' lang='lat' dir='ltr'><strong>nobis·</strong></span> <span class='ocrx_word' id='word_1_346' title='bbox 846 2350 1085 2388; x_wconf 75' lang='lat' dir='ltr'><strong>arrogemus.</strong></span> <span class='ocrx_word' id='word_1_347' title='bbox 1152 2335 1289 2375; x_wconf 84' lang='lat' dir='ltr'><strong>Verba</strong></span> <span class='ocrx_word' id='word_1_348' title='bbox 1314 2335 1542 2375; x_wconf 86' lang='lat' dir='ltr'><strong>Theodosio</strong></span> <span class='ocrx_word' id='word_1_349' title='bbox 1556 2342 1621 2379; x_wconf 83' lang='lat' dir='ltr'><strong>Ed.</strong></span> <span class='ocrx_word' id='word_1_350' title='bbox 1635 2343 1676 2378; x_wconf 90' lang='lat' dir='ltr'><strong>L.</strong></span> <span class='ocrx_word' id='word_1_351' title='bbox 1687 2343 1731 2388; x_wconf 71' lang='grc'><strong>34</strong></span> 
     </span>
     <span class='ocr_line' id='line_1_40' title="bbox 111 2387 1546 2443; baseline 0.002 -16"><span class='ocrx_word' id='word_1_352' title='bbox 111 2387 274 2431; x_wconf 84' lang='lat' dir='ltr'><strong>Iuniore</strong></span> <span class='ocrx_word' id='word_1_353' title='bbox 303 2389 439 2442; x_wconf 81' lang='lat' dir='ltr'><strong>digna.</strong></span> <span class='ocrx_word' id='word_1_354' title='bbox 493 2389 549 2430; x_wconf 90' lang='lat' dir='ltr'><strong>Et</strong></span> <span class='ocrx_word' id='word_1_355' title='bbox 574 2391 756 2443; x_wconf 82' lang='lat' dir='ltr'><strong>quamvis</strong></span> <span class='ocrx_word' id='word_1_356' title='bbox 780 2391 1002 2430; x_wconf 87' lang='lat' dir='ltr'><strong>sacerdotes</strong></span> <span class='ocrx_word' id='word_1_357' title='bbox 1030 2390 1169 2429; x_wconf 84' lang='lat' dir='ltr'><strong>Graeci</strong></span> <span class='ocrx_word' id='word_1_358' title='bbox 1206 2405 1347 2431; x_wconf 84' lang='lat' dir='ltr'><strong>revera</strong></span> <span class='ocrx_word' id='word_1_359' title='bbox 1384 2390 1546 2431; x_wconf 87' lang='lat' dir='ltr'><strong>veniam</strong></span> 
     </span>
     <span class='ocr_line' id='line_1_41' title="bbox 107 2441 1540 2499; baseline 0.002 -18"><span class='ocrx_word' id='word_1_360' title='bbox 107 2441 221 2481; x_wconf 82' lang='lat' dir='ltr'><strong>illam</strong></span> <span class='ocrx_word' id='word_1_361' title='bbox 245 2458 319 2497; x_wconf 90' lang='lat' dir='ltr'><strong>pro</strong></span> <span class='ocrx_word' id='word_1_362' title='bbox 346 2444 482 2483; x_wconf 86' lang='lat' dir='ltr'><strong>decem</strong></span> <span class='ocrx_word' id='word_1_363' title='bbox 497 2474 510 2495; x_wconf 92' lang='lat'>‚</span> <span class='ocrx_word' id='word_1_364' title='bbox 550 2443 752 2485; x_wconf 86' lang='lat' dir='ltr'><strong>interdum</strong></span> <span class='ocrx_word' id='word_1_365' title='bbox 787 2460 948 2499; x_wconf 85' lang='lat' dir='ltr'><strong>quoque</strong></span> <span class='ocrx_word' id='word_1_366' title='bbox 975 2453 1150 2491; x_wconf 84' lang='lat' dir='ltr'><strong>centum,</strong></span> <span class='ocrx_word' id='word_1_367' title='bbox 1185 2444 1263 2485; x_wconf 86' lang='lat' dir='ltr'><strong>illis</strong></span> <span class='ocrx_word' id='word_1_368' title='bbox 1293 2445 1396 2484; x_wconf 84' lang='lat' dir='ltr'><strong>litris</strong></span> <span class='ocrx_word' id='word_1_369' title='bbox 1426 2447 1540 2494; x_wconf 90' lang='lat' dir='ltr'><strong>auri,</strong></span> 
     </span>
     <span class='ocr_line' id='line_1_42' title="bbox 111 2496 1544 2552; baseline 0.003 -17"><span class='ocrx_word' id='word_1_370' title='bbox 111 2496 279 2551; x_wconf 88' lang='lat' dir='ltr'><strong>aliisque</strong></span> <span class='ocrx_word' id='word_1_371' title='bbox 298 2499 431 2549; x_wconf 87' lang='lat' dir='ltr'><strong>donis,</strong></span> <span class='ocrx_word' id='word_1_372' title='bbox 464 2513 567 2552; x_wconf 88' lang='lat' dir='ltr'><strong>quae</strong></span> <span class='ocrx_word' id='word_1_373' title='bbox 593 2500 813 2552; x_wconf 85' lang='lat' dir='ltr'><strong>Imperator</strong></span> <span class='ocrx_word' id='word_1_374' title='bbox 835 2500 1052 2540; x_wconf 88' lang='lat' dir='ltr'><strong>identidem</strong></span> <span class='ocrx_word' id='word_1_375' title='bbox 1075 2500 1219 2539; x_wconf 83' lang='lat' dir='ltr'><strong>offerre</strong></span> <span class='ocrx_word' id='word_1_376' title='bbox 1238 2500 1422 2548; x_wconf 86' lang='lat' dir='ltr'><strong>debebat,</strong></span> <span class='ocrx_word' id='word_1_377' title='bbox 1445 2514 1544 2540; x_wconf 82' lang='lat' dir='ltr'><strong>ven-</strong></span> 
     </span>
     <span class='ocr_line' id='line_1_43' title="bbox 113 2551 1543 2608; baseline 0.003 -18"><span class='ocrx_word' id='word_1_378' title='bbox 113 2551 280 2605; x_wconf 86' lang='lat' dir='ltr'><strong>derent,</strong></span> <span class='ocrx_word' id='word_1_379' title='bbox 324 2568 376 2595; x_wconf 89' lang='lat' dir='ltr'><strong>ne</strong></span> <span class='ocrx_word' id='word_1_380' title='bbox 401 2561 535 2593; x_wconf 86' lang='lat' dir='ltr'><strong>tamen</strong></span> <span class='ocrx_word' id='word_1_381' title='bbox 562 2554 793 2594; x_wconf 88' lang='lat' dir='ltr'><strong>viderentur</strong></span> <span class='ocrx_word' id='word_1_382' title='bbox 821 2555 948 2608; x_wconf 81' lang='lat' dir='ltr'><strong>legem</strong></span> <span class='ocrx_word' id='word_1_383' title='bbox 979 2555 1052 2608; x_wconf 89' lang='lat' dir='ltr'><strong>ipsi</strong></span> <span class='ocrx_word' id='word_1_384' title='bbox 1081 2566 1194 2597; x_wconf 84' lang='lat' dir='ltr'><strong>suam</strong></span> <span class='ocrx_word' id='word_1_385' title='bbox 1225 2555 1276 2594; x_wconf 86' lang='lat' dir='ltr'><strong>de</strong></span> <span class='ocrx_word' id='word_1_386' title='bbox 1302 2555 1405 2595; x_wconf 89' lang='lat' dir='ltr'><strong>laico</strong></span> <span class='ocrx_word' id='word_1_387' title='bbox 1435 2556 1543 2596; x_wconf 87' lang='lat' dir='ltr'><strong>intra</strong></span> 
     </span>
     <span class='ocr_line' id='line_1_44' title="bbox 110 2608 1543 2664; baseline 0.003 -18"><span class='ocrx_word' id='word_1_388' title='bbox 110 2619 243 2647; x_wconf 79' lang='lat' dir='ltr'><strong>sacros</strong></span> <span class='ocrx_word' id='word_1_389' title='bbox 268 2608 463 2648; x_wconf 84' lang='lat' dir='ltr'><strong>cancellos</strong></span> <span class='ocrx_word' id='word_1_390' title='bbox 482 2623 565 2649; x_wconf 88' lang='lat' dir='ltr'><strong>non</strong></span> <span class='ocrx_word' id='word_1_391' title='bbox 590 2609 836 2651; x_wconf 79' lang='lat' dir='ltr'><strong>admittendo</strong></span> <span class='ocrx_word' id='word_1_392' title='bbox 862 2609 1016 2648; x_wconf 79' lang='lat' dir='ltr'><strong>violare</strong></span> <span class='ocrx_word' id='word_1_393' title='bbox 1029 2639 1042 2658; x_wconf 84' lang='lat'>‚</span> <span class='ocrx_word' id='word_1_394' title='bbox 1073 2609 1303 2650; x_wconf 87' lang='lat' dir='ltr'><strong>tribuebant</strong></span> <span class='ocrx_word' id='word_1_395' title='bbox 1323 2611 1543 2664; x_wconf 86' lang='lat' dir='ltr'><strong>Imperato-</strong></span> 
     </span>
     <span class='ocr_line' id='line_1_45' title="bbox 110 2660 1543 2718; baseline 0.003 -17"><span class='ocrx_word' id='word_1_396' title='bbox 110 2660 147 2713; x_wconf 74' lang='lat' dir='ltr'><strong>ri</strong></span> <span class='ocrx_word' id='word_1_397' title='bbox 160 2691 172 2708; x_wconf 93' lang='lat'>‚</span> <span class='ocrx_word' id='word_1_398' title='bbox 220 2670 260 2702; x_wconf 84' lang='lat' dir='ltr'><strong>et</strong></span> <span class='ocrx_word' id='word_1_399' title='bbox 290 2663 400 2703; x_wconf 88' lang='lat' dir='ltr'><strong>laicis</strong></span> <span class='ocrx_word' id='word_1_400' title='bbox 435 2663 512 2703; x_wconf 88' lang='lat' dir='ltr'><strong>illis</strong></span> <span class='ocrx_word' id='word_1_401' title='bbox 550 2665 734 2704; x_wconf 87' lang='lat' dir='ltr'><strong>omnibus</strong></span> <span class='ocrx_word' id='word_1_402' title='bbox 748 2695 761 2716; x_wconf 87' lang='lat'>‚</span> <span class='ocrx_word' id='word_1_403' title='bbox 802 2666 874 2718; x_wconf 88' lang='lat' dir='ltr'><strong>qui</strong></span> <span class='ocrx_word' id='word_1_404' title='bbox 902 2664 1087 2704; x_wconf 88' lang='lat' dir='ltr'><strong>ecclesiae</strong></span> <span class='ocrx_word' id='word_1_405' title='bbox 1115 2664 1282 2705; x_wconf 89' lang='lat' dir='ltr'><strong>alicuius</strong></span> <span class='ocrx_word' id='word_1_406' title='bbox 1315 2665 1543 2705; x_wconf 84' lang='lat' dir='ltr'><strong>defensores</strong></span> 
     </span>
     <span class='ocr_line' id='line_1_46' title="bbox 112 2718 1542 2773; baseline 0.003 -18"><span class='ocrx_word' id='word_1_407' title='bbox 112 2724 240 2756; x_wconf 83' lang='lat' dir='ltr'><strong>essent</strong></span> <span class='ocrx_word' id='word_1_408' title='bbox 253 2747 266 2768; x_wconf 91' lang='lat'>,</span> <span class='ocrx_word' id='word_1_409' title='bbox 294 2718 431 2771; x_wconf 88' lang='lat' dir='ltr'><strong>quales</strong></span> <span class='ocrx_word' id='word_1_410' title='bbox 455 2718 539 2759; x_wconf 88' lang='lat' dir='ltr'><strong>nati</strong></span> <span class='ocrx_word' id='word_1_411' title='bbox 558 2733 697 2759; x_wconf 87' lang='lat' dir='ltr'><strong>omnes</strong></span> <span class='ocrx_word' id='word_1_412' title='bbox 721 2721 982 2773; x_wconf 86' lang='lat' dir='ltr'><strong>Imperatores</strong></span> <span class='ocrx_word' id='word_1_413' title='bbox 1006 2727 1143 2767; x_wconf 88' lang='lat' dir='ltr'><strong>erant,</strong></span> <span class='ocrx_word' id='word_1_414' title='bbox 1182 2735 1392 2773; x_wconf 89' lang='lat' dir='ltr'><strong>personam</strong></span> <span class='ocrx_word' id='word_1_415' title='bbox 1420 2721 1542 2759; x_wconf 89' lang='lat' dir='ltr'><strong>lecto-</strong></span> 
     </span>
     <span class='ocr_line' id='line_1_47' title="bbox 112 2770 1543 2831; baseline 0.001 -18"><span class='ocrx_word' id='word_1_416' title='bbox 112 2770 167 2813; x_wconf 73' lang='lat' dir='ltr'><strong>ris</strong></span> <span class='ocrx_word' id='word_1_417' title='bbox 190 2779 261 2812; x_wconf 87' lang='lat' dir='ltr'><strong>aut</strong></span> <span class='ocrx_word' id='word_1_418' title='bbox 286 2772 533 2827; x_wconf 83' lang='lat' dir='ltr'><strong>subdiaconi,</strong></span> <span class='ocrx_word' id='word_1_419' title='bbox 565 2788 690 2831; x_wconf 82' lang='lat' dir='ltr'><strong>eoque</strong></span> <span class='ocrx_word' id='word_1_420' title='bbox 718 2776 780 2815; x_wconf 88' lang='lat' dir='ltr'><strong>ius</strong></span> <span class='ocrx_word' id='word_1_421' title='bbox 805 2777 848 2816; x_wconf 87' lang='lat' dir='ltr'><strong>in</strong></span> <span class='ocrx_word' id='word_1_422' title='bbox 869 2775 1074 2815; x_wconf 81' lang='lat' dir='ltr'><strong>tribunam</strong></span> <span class='ocrx_word' id='word_1_423' title='bbox 1102 2775 1292 2816; x_wconf 81' lang='lat' dir='ltr'><strong>intrandi.</strong></span> <span class='ocrx_word' id='word_1_424' title='bbox 1352 2775 1424 2816; x_wconf 86' lang='lat' dir='ltr'><strong>Illa</strong></span> <span class='ocrx_word' id='word_1_425' title='bbox 1447 2789 1543 2829; x_wconf 84' lang='lat' dir='ltr'><strong>pro-</strong></span> 
     </span>
    </p>
   </div>
  </div>
 </body>
</html>
