<?xml version="1.0" encoding="UTF-8"?>
<!DOCTYPE html PUBLIC "-//W3C//DTD XHTML 1.0 Transitional//EN"
    "http://www.w3.org/TR/xhtml1/DTD/xhtml1-transitional.dtd">
<html xmlns="http://www.w3.org/1999/xhtml" xml:lang="en" lang="en">
 <head>
  <title>
</title>
<meta http-equiv="Content-Type" content="text/html;charset=utf-8" />
  <meta name='ocr-system' content='tesseract 3.04.00' />
  <meta name='ocr-capabilities' content='ocr_page ocr_carea ocr_par ocr_line ocrx_word'/>
</head>
<body>
  <div class='ocr_page' id='page_1' title='image "./corpusscriptorum08niebuoft_0053.png"; bbox 0 0 1826 3126; ppageno 0'>
   <div class='ocr_carea' id='block_1_1' title="bbox 232 180 1549 254">
    <p class='ocr_par' dir='ltr' id='par_1_1' title="bbox 232 180 1549 254">
     <span class='ocr_line' id='line_1_1' title="bbox 232 180 1549 254; baseline -0.01 0"><span class='ocrx_word' id='word_1_1' title='bbox 232 212 306 254; x_wconf 75' lang='lat' dir='ltr'><strong>AD</strong></span> <span class='ocrx_word' id='word_1_2' title='bbox 347 209 646 253; x_wconf 76' lang='lat' dir='ltr'><strong>CONSTANT.</strong></span> <span class='ocrx_word' id='word_1_3' title='bbox 684 208 881 251; x_wconf 78' lang='lat' dir='ltr'><strong>PORPH.</strong></span> <span class='ocrx_word' id='word_1_4' title='bbox 919 208 991 248; x_wconf 83' lang='lat' dir='ltr'><strong>DE</strong></span> <span class='ocrx_word' id='word_1_5' title='bbox 1030 190 1210 250; x_wconf 66' lang='lat' dir='ltr'><strong>cunin.</strong></span> <span class='ocrx_word' id='word_1_6' title='bbox 1251 206 1347 247; x_wconf 78' lang='lat' dir='ltr'><strong>Lm.</strong></span> <span class='ocrx_word' id='word_1_7' title='bbox 1388 205 1421 243; x_wconf 86' lang='lat'><strong>1.</strong></span> <span class='ocrx_word' id='word_1_8' title='bbox 1475 180 1549 249; x_wconf 73' lang='lat'><strong>45</strong></span> 
     </span>
    </p>
   </div>
   <div class='ocr_carea' id='block_1_2' title="bbox 48 308 1611 2846">
    <p class='ocr_par' dir='ltr' id='par_1_2' title="bbox 103 308 1555 972">
     <span class='ocr_line' id='line_1_2' title="bbox 217 308 1551 368; baseline -0.004 -14"><span class='ocrx_word' id='word_1_9' title='bbox 217 315 273 355; x_wconf 88' lang='lat' dir='ltr'><strong>D.</strong></span> <span class='ocrx_word' id='word_1_10' title='bbox 295 328 359 354; x_wconf 89' lang='grc' dir='ltr'><strong>ιο</strong></span> <span class='ocrx_word' id='word_1_11' title='bbox 390 312 455 368; x_wconf 81' lang='grc'><strong>[7,</strong></span> <span class='ocrx_word' id='word_1_12' title='bbox 472 311 537 367; x_wconf 73' lang='grc'><strong>4.]</strong></span> <span class='ocrx_word' id='word_1_13' title='bbox 593 311 824 362; x_wconf 85' lang='grc' dir='ltr'><strong><em>στέμματα.</em></strong></span> <span class='ocrx_word' id='word_1_14' title='bbox 881 309 1052 349; x_wconf 87' lang='lat' dir='ltr'><strong>Reddidi</strong></span> <span class='ocrx_word' id='word_1_15' title='bbox 1081 309 1186 348; x_wconf 89' lang='lat' dir='ltr'><strong>hanc</strong></span> <span class='ocrx_word' id='word_1_16' title='bbox 1221 323 1362 348; x_wconf 86' lang='lat' dir='ltr'><strong>vocem</strong></span> <span class='ocrx_word' id='word_1_17' title='bbox 1401 308 1551 363; x_wconf 85' lang='lat' dir='ltr'><strong>ubique</strong></span> 
     </span>
     <span class='ocr_line' id='line_1_3' title="bbox 107 364 1551 420; baseline -0.004 -9"><span class='ocrx_word' id='word_1_18' title='bbox 107 384 204 411; x_wconf 81' lang='lat' dir='ltr'><strong>voce</strong></span> <span class='ocrx_word' id='word_1_19' title='bbox 237 370 381 409; x_wconf 86' lang='lat' dir='ltr'><strong>Latina</strong></span> <span class='ocrx_word' id='word_1_20' title='bbox 420 369 578 420; x_wconf 71' lang='lat' dir='ltr'><strong>irfida,</strong></span> <span class='ocrx_word' id='word_1_21' title='bbox 618 381 699 420; x_wconf 91' lang='lat' dir='ltr'><strong>quo</strong></span> <span class='ocrx_word' id='word_1_22' title='bbox 727 364 905 418; x_wconf 85' lang='lat' dir='ltr'>intelligo</span> <span class='ocrx_word' id='word_1_23' title='bbox 941 365 1126 403; x_wconf 82' lang='lat' dir='ltr'>cucusam</span> <span class='ocrx_word' id='word_1_24' title='bbox 1160 365 1402 404; x_wconf 76' lang='lat' dir='ltr'><strong>ornamentis</strong></span> <span class='ocrx_word' id='word_1_25' title='bbox 1430 366 1551 405; x_wconf 90' lang='lat' dir='ltr'><strong>variis</strong></span> 
     </span>
     <span class='ocr_line' id='line_1_4' title="bbox 107 420 1550 479; baseline -0.003 -14"><span class='ocrx_word' id='word_1_26' title='bbox 107 433 218 465; x_wconf 84' lang='lat' dir='ltr'><strong>certo</strong></span> <span class='ocrx_word' id='word_1_27' title='bbox 242 424 419 479; x_wconf 89' lang='lat' dir='ltr'><strong>quodam</strong></span> <span class='ocrx_word' id='word_1_28' title='bbox 449 423 569 462; x_wconf 90' lang='lat' dir='ltr'><strong>modo</strong></span> <span class='ocrx_word' id='word_1_29' title='bbox 597 421 919 471; x_wconf 80' lang='lat' dir='ltr'>conformatam,</span> <span class='ocrx_word' id='word_1_30' title='bbox 949 421 1062 458; x_wconf 90' lang='lat' dir='ltr'><strong>cuius</strong></span> <span class='ocrx_word' id='word_1_31' title='bbox 1081 420 1166 474; x_wconf 85' lang='lat' dir='ltr'>typi</span> <span class='ocrx_word' id='word_1_32' title='bbox 1189 421 1230 460; x_wconf 87' lang='lat' dir='ltr'><strong>in</strong></span> <span class='ocrx_word' id='word_1_33' title='bbox 1253 421 1412 469; x_wconf 83' lang='lat' dir='ltr'><strong>numis‚</strong></span> <span class='ocrx_word' id='word_1_34' title='bbox 1441 421 1550 474; x_wconf 88' lang='lat' dir='ltr'><strong>apud</strong></span> 
     </span>
     <span class='ocr_line' id='line_1_5' title="bbox 107 474 1552 528; baseline -0.003 -8"><span class='ocrx_word' id='word_1_35' title='bbox 107 480 324 520; x_wconf 85' lang='lat' dir='ltr'><strong>Goarum‘</strong></span> <span class='ocrx_word' id='word_1_36' title='bbox 314 494 356 518; x_wconf 87' lang='grc' dir='ltr'><strong>ιιι</strong></span> <span class='ocrx_word' id='word_1_37' title='bbox 380 479 460 517; x_wconf 87' lang='lat' dir='ltr'><strong>fine</strong></span> <span class='ocrx_word' id='word_1_38' title='bbox 489 475 758 528; x_wconf 85' lang='lat' dir='ltr'><strong>Euchologii‚</strong></span> <span class='ocrx_word' id='word_1_39' title='bbox 840 475 896 514; x_wconf 92' lang='lat' dir='ltr'><strong>ud</strong></span> <span class='ocrx_word' id='word_1_40' title='bbox 933 475 1226 514; x_wconf 88' lang='lat' dir='ltr'><strong>Rhamnusium</strong></span> <span class='ocrx_word' id='word_1_41' title='bbox 1251 475 1301 514; x_wconf 91' lang='lat' dir='ltr'><strong>de</strong></span> <span class='ocrx_word' id='word_1_42' title='bbox 1335 474 1442 514; x_wconf 90' lang='lat' dir='ltr'><strong>bello</strong></span> <span class='ocrx_word' id='word_1_43' title='bbox 1469 476 1552 515; x_wconf 84' lang='lat' dir='ltr'><strong>Ve-</strong></span> 
     </span>
     <span class='ocr_line' id='line_1_6' title="bbox 108 490 1551 584; baseline -0.003 -9"><span class='ocrx_word' id='word_1_44' title='bbox 108 543 203 575; x_wconf 88' lang='lat' dir='ltr'><strong>neto</strong></span> <span class='ocrx_word' id='word_1_45' title='bbox 229 549 322 574; x_wconf 90' lang='lat' dir='ltr'><strong>cum</strong></span> <span class='ocrx_word' id='word_1_46' title='bbox 350 533 548 583; x_wconf 83' lang='lat' dir='ltr'><strong>CPtanis‚</strong></span> <span class='ocrx_word' id='word_1_47' title='bbox 586 531 693 584; x_wconf 85' lang='lat' dir='ltr'><strong>apud</strong></span> <span class='ocrx_word' id='word_1_48' title='bbox 725 490 1004 579; x_wconf 53' lang='lat' dir='ltr'><strong>B&#39;angurimm</strong></span> <span class='ocrx_word' id='word_1_49' title='bbox 1033 531 1103 568; x_wconf 92' lang='lat' dir='ltr'><strong>Du</strong></span> <span class='ocrx_word' id='word_1_50' title='bbox 1128 530 1358 583; x_wconf 86' lang='lat' dir='ltr'><strong>Cangium</strong></span> <span class='ocrx_word' id='word_1_51' title='bbox 1348 546 1389 569; x_wconf 90' lang='grc' dir='ltr'><strong>ιιι</strong></span> <span class='ocrx_word' id='word_1_52' title='bbox 1414 531 1551 571; x_wconf 90' lang='lat' dir='ltr'><strong>Fami-</strong></span> 
     </span>
     <span class='ocr_line' id='line_1_7' title="bbox 106 546 1550 653; baseline -0.003 -23"><span class='ocrx_word' id='word_1_53' title='bbox 106 589 170 630; x_wconf 80' lang='lat' dir='ltr'><strong>liis</strong></span> <span class='ocrx_word' id='word_1_54' title='bbox 202 588 456 653; x_wconf 79' lang='lat' dir='ltr'><strong>Byzantinis,</strong></span> <span class='ocrx_word' id='word_1_55' title='bbox 500 587 542 626; x_wconf 92' lang='lat' dir='ltr'><strong>in</strong></span> <span class='ocrx_word' id='word_1_56' title='bbox 573 546 782 625; x_wconf 84' lang='lat' dir='ltr'><strong>Dissertat.</strong></span> <span class='ocrx_word' id='word_1_57' title='bbox 813 585 865 625; x_wconf 93' lang='lat' dir='ltr'><strong>ad</strong></span> <span class='ocrx_word' id='word_1_58' title='bbox 898 584 1082 624; x_wconf 91' lang='lat' dir='ltr'><strong>loinville</strong></span> <span class='ocrx_word' id='word_1_59' title='bbox 1103 586 1275 636; x_wconf 70' lang='lat' dir='ltr'>XXIV„</span> <span class='ocrx_word' id='word_1_60' title='bbox 1311 586 1351 624; x_wconf 89' lang='lat' dir='ltr'><strong>in</strong></span> <span class='ocrx_word' id='word_1_61' title='bbox 1381 587 1550 627; x_wconf 84' lang='lat' dir='ltr'><strong>Dissert.</strong></span> 
     </span>
     <span class='ocr_line' id='line_1_8' title="bbox 105 640 1552 694; baseline -0.003 -9"><span class='ocrx_word' id='word_1_62' title='bbox 105 645 158 685; x_wconf 87' lang='lat' dir='ltr'><strong>de</strong></span> <span class='ocrx_word' id='word_1_63' title='bbox 185 645 318 684; x_wconf 86' lang='lat' dir='ltr'><strong>numis</strong></span> <span class='ocrx_word' id='word_1_64' title='bbox 347 643 435 683; x_wconf 81' lang='lat' dir='ltr'><strong>aevi</strong></span> <span class='ocrx_word' id='word_1_65' title='bbox 465 642 615 691; x_wconf 88' lang='lat' dir='ltr'><strong>medii,</strong></span> <span class='ocrx_word' id='word_1_66' title='bbox 648 649 687 680; x_wconf 91' lang='lat' dir='ltr'><strong>ct</strong></span> <span class='ocrx_word' id='word_1_67' title='bbox 717 640 840 692; x_wconf 84' lang='lat' dir='ltr'><strong>alibi,</strong></span> <span class='ocrx_word' id='word_1_68' title='bbox 884 640 954 679; x_wconf 91' lang='lat' dir='ltr'><strong>ubi</strong></span> <span class='ocrx_word' id='word_1_69' title='bbox 984 641 1279 694; x_wconf 77' lang='lat' dir='ltr'><strong>Imperatorum</strong></span> <span class='ocrx_word' id='word_1_70' title='bbox 1312 641 1552 694; x_wconf 84' lang='lat' dir='ltr'><strong>Byzantino-</strong></span> 
     </span>
     <span class='ocr_line' id='line_1_9' title="bbox 105 696 1553 754; baseline -0.003 -14"><span class='ocrx_word' id='word_1_71' title='bbox 105 714 198 740; x_wconf 85' lang='lat' dir='ltr'><strong>rum</strong></span> <span class='ocrx_word' id='word_1_72' title='bbox 234 699 424 754; x_wconf 83' lang='lat' dir='ltr'><strong>imagines</strong></span> <span class='ocrx_word' id='word_1_73' title='bbox 461 697 760 751; x_wconf 88' lang='lat' dir='ltr'><strong>conspiciuntur</strong></span> <span class='ocrx_word' id='word_1_74' title='bbox 777 726 788 747; x_wconf 93' lang='lat'><strong>‚</strong></span> <span class='ocrx_word' id='word_1_75' title='bbox 842 703 1012 735; x_wconf 83' lang='lat' dir='ltr'><strong>exstant.</strong></span> <span class='ocrx_word' id='word_1_76' title='bbox 1069 696 1174 735; x_wconf 88' lang='lat' dir='ltr'><strong>Sunt</strong></span> <span class='ocrx_word' id='word_1_77' title='bbox 1209 696 1315 734; x_wconf 89' lang='lat' dir='ltr'><strong>enim</strong></span> <span class='ocrx_word' id='word_1_78' title='bbox 1349 697 1418 749; x_wconf 88' lang='lat' dir='ltr'><strong>qui</strong></span> <span class='ocrx_word' id='word_1_79' title='bbox 1454 711 1553 736; x_wconf 89' lang='lat' dir='ltr'><strong>voce</strong></span> 
     </span>
     <span class='ocr_line' id='line_1_10' title="bbox 105 750 1555 805; baseline -0.002 -10"><span class='ocrx_word' id='word_1_80' title='bbox 105 755 206 795; x_wconf 84' lang='lat' dir='ltr'><strong>vitta</strong></span> <span class='ocrx_word' id='word_1_81' title='bbox 228 762 270 794; x_wconf 85' lang='lat' dir='ltr'><strong>et</strong></span> <span class='ocrx_word' id='word_1_82' title='bbox 300 752 429 793; x_wconf 81' lang='lat' dir='ltr'><strong>infula</strong></span> <span class='ocrx_word' id='word_1_83' title='bbox 462 751 602 804; x_wconf 78' lang='lat' dir='ltr'><strong>alitex,</strong></span> <span class='ocrx_word' id='word_1_84' title='bbox 635 759 755 805; x_wconf 88' lang='lat' dir='ltr'><strong>atque</strong></span> <span class='ocrx_word' id='word_1_85' title='bbox 781 765 879 803; x_wconf 84' lang='lat' dir='ltr'><strong>nos,</strong></span> <span class='ocrx_word' id='word_1_86' title='bbox 910 758 1097 790; x_wconf 86' lang='lat' dir='ltr'><strong>utuntur.</strong></span> <span class='ocrx_word' id='word_1_87' title='bbox 1155 750 1410 790; x_wconf 88' lang='lat' dir='ltr'>Vocabulum</span> <span class='ocrx_word' id='word_1_88' title='bbox 1443 753 1555 792; x_wconf 67' lang='lat' dir='ltr'><strong>xenit</strong></span> 
     </span>
     <span class='ocr_line' id='line_1_11' title="bbox 104 805 1551 874; baseline -0.002 -25"><span class='ocrx_word' id='word_1_89' title='bbox 104 806 189 849; x_wconf 79' lang='grc' dir='ltr'><strong>α’πὸ</strong></span> <span class='ocrx_word' id='word_1_90' title='bbox 218 809 295 849; x_wconf 73' lang='grc' dir='ltr'><strong>τοῦ</strong></span> <span class='ocrx_word' id='word_1_91' title='bbox 315 807 486 862; x_wconf 75' lang='grc' dir='ltr'><strong><em>στέφειν</em></strong></span> <span class='ocrx_word' id='word_1_92' title='bbox 514 808 568 847; x_wconf 83' lang='lat' dir='ltr'><strong>ab</strong></span> <span class='ocrx_word' id='word_1_93' title='bbox 600 807 839 858; x_wconf 85' lang='lat' dir='ltr'><strong>ambiendo,</strong></span> <span class='ocrx_word' id='word_1_94' title='bbox 882 807 977 871; x_wconf 86' lang='lat' dir='ltr'><strong>quia</strong></span> <span class='ocrx_word' id='word_1_95' title='bbox 1016 814 1146 845; x_wconf 87' lang='lat' dir='ltr'><strong>totum</strong></span> <span class='ocrx_word' id='word_1_96' title='bbox 1176 814 1299 874; x_wconf 89' lang='lat' dir='ltr'><strong>caput</strong></span> <span class='ocrx_word' id='word_1_97' title='bbox 1323 805 1436 846; x_wconf 85' lang='lat' dir='ltr'><strong>velut</strong></span> <span class='ocrx_word' id='word_1_98' title='bbox 1465 822 1551 846; x_wconf 88' lang='lat' dir='ltr'><strong>cas-</strong></span> 
     </span>
     <span class='ocr_line' id='line_1_12' title="bbox 103 858 1554 919; baseline -0.002 -14"><span class='ocrx_word' id='word_1_99' title='bbox 103 865 158 913; x_wconf 78' lang='lat' dir='ltr'><strong>sis</strong></span> <span class='ocrx_word' id='word_1_100' title='bbox 180 863 510 919; x_wconf 74' lang='lat' dir='ltr'>amplectebatur.</span> <span class='ocrx_word' id='word_1_101' title='bbox 566 862 712 902; x_wconf 83' lang='lat' dir='ltr'><strong>Differt</strong></span> <span class='ocrx_word' id='word_1_102' title='bbox 740 878 764 902; x_wconf 88' lang='lat' dir='ltr'><strong>a</strong></span> <span class='ocrx_word' id='word_1_103' title='bbox 785 858 975 916; x_wconf 69' lang='grc' dir='ltr'><strong><em>στεφάνη)</em></strong></span> <span class='ocrx_word' id='word_1_104' title='bbox 1002 876 1162 902; x_wconf 79' lang='lat' dir='ltr'><strong>corona.</strong></span> <span class='ocrx_word' id='word_1_105' title='bbox 1220 858 1433 914; x_wconf 73' lang='grc' dir='ltr'><strong><em>Στέφανος</em></strong></span> <span class='ocrx_word' id='word_1_106' title='bbox 1447 860 1554 902; x_wconf 86' lang='grc' dir='ltr'><strong>Ῥω-</strong></span> 
     </span>
     <span class='ocr_line' id='line_1_13' title="bbox 104 916 1550 972; baseline -0.001 -12"><span class='ocrx_word' id='word_1_107' title='bbox 104 923 232 972; x_wconf 76' lang='grc' dir='ltr'><strong><em>μαῖος</em></strong></span> <span class='ocrx_word' id='word_1_108' title='bbox 257 919 457 959; x_wconf 86' lang='lat' dir='ltr'><strong>Chronico</strong></span> <span class='ocrx_word' id='word_1_109' title='bbox 483 917 755 958; x_wconf 88' lang='lat' dir='ltr'><strong>Alexandrino</strong></span> <span class='ocrx_word' id='word_1_110' title='bbox 785 917 892 971; x_wconf 93' lang='lat' dir='ltr'><strong>apud</strong></span> <span class='ocrx_word' id='word_1_111' title='bbox 930 916 1098 956; x_wconf 86' lang='lat' dir='ltr'><strong>Salmas.</strong></span> <span class='ocrx_word' id='word_1_112' title='bbox 1128 917 1181 956; x_wconf 90' lang='grc' dir='ltr'><strong>Τ.</strong></span> <span class='ocrx_word' id='word_1_113' title='bbox 1208 918 1265 956; x_wconf 91' lang='lat'><strong>11.</strong></span> <span class='ocrx_word' id='word_1_114' title='bbox 1291 918 1379 956; x_wconf 84' lang='lat' dir='ltr'><strong>Ser.</strong></span> <span class='ocrx_word' id='word_1_115' title='bbox 1410 917 1464 957; x_wconf 88' lang='lat' dir='ltr'><strong>H.</strong></span> <span class='ocrx_word' id='word_1_116' title='bbox 1494 918 1550 958; x_wconf 89' lang='lat' dir='ltr'><strong>A.</strong></span> 
     </span>
    </p>

    <p class='ocr_par' dir='ltr' id='par_1_3' title="bbox 48 972 1611 2846">
     <span class='ocr_line' id='line_1_14' title="bbox 176 972 1611 1022; baseline -0.002 -7"><span class='ocrx_word' id='word_1_117' title='bbox 176 973 274 1015; x_wconf 82' lang='lat'><strong>851.</strong></span> <span class='ocrx_word' id='word_1_118' title='bbox 299 981 358 1014; x_wconf 60' lang='lat' dir='ltr'><strong>eet</strong></span> <span class='ocrx_word' id='word_1_119' title='bbox 386 973 558 1014; x_wconf 88' lang='lat' dir='ltr'><strong>circulus</strong></span> <span class='ocrx_word' id='word_1_120' title='bbox 589 988 733 1013; x_wconf 88' lang='lat' dir='ltr'><strong>aureus</strong></span> <span class='ocrx_word' id='word_1_121' title='bbox 765 987 856 1012; x_wconf 91' lang='lat' dir='ltr'><strong>cum</strong></span> <span class='ocrx_word' id='word_1_122' title='bbox 882 973 1126 1012; x_wconf 83' lang='lat' dir='ltr'><strong>exstantibus</strong></span> <span class='ocrx_word' id='word_1_123' title='bbox 1144 972 1264 1011; x_wconf 89' lang='lat' dir='ltr'><strong>radiis</strong></span> <span class='ocrx_word' id='word_1_124' title='bbox 1291 973 1443 1022; x_wconf 88' lang='lat' dir='ltr'><strong>acutis,</strong></span> <span class='ocrx_word' id='word_1_125' title='bbox 1481 988 1551 1012; x_wconf 79' lang='lat' dir='ltr'><strong>ve·</strong></span> <span class='ocrx_word' id='word_1_126' title='bbox 1607 975 1611 981; x_wconf 75' lang='grc'><strong>“</strong></span> 
     </span>
     <span class='ocr_line' id='line_1_15' title="bbox 103 988 1549 1084; baseline -0.001 -15"><span class='ocrx_word' id='word_1_127' title='bbox 103 988 168 1069; x_wconf 69' lang='lat' dir='ltr'><strong>iiit</strong></span> <span class='ocrx_word' id='word_1_128' title='bbox 205 1029 394 1069; x_wconf 82' lang='lat' dir='ltr'><strong>dentibus</strong></span> <span class='ocrx_word' id='word_1_129' title='bbox 433 1043 590 1081; x_wconf 68' lang='lat' dir='ltr'><strong>serraer,</strong></span> <span class='ocrx_word' id='word_1_130' title='bbox 647 1028 776 1084; x_wconf 88' lang='lat' dir='ltr'><strong>qualis</strong></span> <span class='ocrx_word' id='word_1_131' title='bbox 815 1029 856 1068; x_wconf 90' lang='lat' dir='ltr'><strong>in</strong></span> <span class='ocrx_word' id='word_1_132' title='bbox 895 1029 1027 1068; x_wconf 87' lang='lat' dir='ltr'><strong>numis</strong></span> <span class='ocrx_word' id='word_1_133' title='bbox 1064 1029 1254 1067; x_wconf 88' lang='lat' dir='ltr'><strong>Romanis</strong></span> <span class='ocrx_word' id='word_1_134' title='bbox 1292 1029 1549 1082; x_wconf 82' lang='lat' dir='ltr'><strong>conspicitur.</strong></span> 
     </span>
     <span class='ocr_line' id='line_1_16' title="bbox 105 1083 1551 1139; baseline -0.001 -14"><span class='ocrx_word' id='word_1_135' title='bbox 105 1083 282 1136; x_wconf 80' lang='grc' dir='ltr'><strong><em>Στέμμα</em></strong></span> <span class='ocrx_word' id='word_1_136' title='bbox 317 1098 439 1135; x_wconf 79' lang='lat' dir='ltr'><strong>vero,</strong></span> <span class='ocrx_word' id='word_1_137' title='bbox 484 1099 508 1125; x_wconf 91' lang='lat' dir='ltr'><strong>a</strong></span> <span class='ocrx_word' id='word_1_138' title='bbox 547 1084 658 1139; x_wconf 81' lang='lat' dir='ltr'><strong>galea</strong></span> <span class='ocrx_word' id='word_1_139' title='bbox 702 1092 836 1124; x_wconf 81' lang='lat' dir='ltr'><strong>ortum</strong></span> <span class='ocrx_word' id='word_1_140' title='bbox 854 1113 867 1134; x_wconf 83' lang='lat'><strong><em>,</em></strong></span> <span class='ocrx_word' id='word_1_141' title='bbox 915 1091 1001 1123; x_wconf 87' lang='lat' dir='ltr'><strong>erat·</strong></span> <span class='ocrx_word' id='word_1_142' title='bbox 1039 1084 1182 1123; x_wconf 88' lang='lat' dir='ltr'><strong>cucufa</strong></span> <span class='ocrx_word' id='word_1_143' title='bbox 1201 1113 1213 1134; x_wconf 89' lang='lat'>‚</span> <span class='ocrx_word' id='word_1_144' title='bbox 1261 1098 1353 1122; x_wconf 89' lang='lat' dir='ltr'><strong>cum</strong></span> <span class='ocrx_word' id='word_1_145' title='bbox 1392 1083 1551 1123; x_wconf 88' lang='lat' dir='ltr'><strong>circulis</strong></span> 
     </span>
     <span class='ocr_line' id='line_1_17' title="bbox 105 1138 1552 1193; baseline 0.001 -15"><span class='ocrx_word' id='word_1_146' title='bbox 105 1141 237 1180; x_wconf 85' lang='lat' dir='ltr'><strong>aureis</strong></span> <span class='ocrx_word' id='word_1_147' title='bbox 268 1154 351 1180; x_wconf 92' lang='lat' dir='ltr'><strong>uno</strong></span> <span class='ocrx_word' id='word_1_148' title='bbox 388 1140 563 1180; x_wconf 88' lang='lat' dir='ltr'><strong>rotundo</strong></span> <span class='ocrx_word' id='word_1_149' title='bbox 592 1147 723 1180; x_wconf 91' lang='lat' dir='ltr'><strong>totum</strong></span> <span class='ocrx_word' id='word_1_150' title='bbox 750 1147 870 1193; x_wconf 89' lang='lat' dir='ltr'><strong>caput</strong></span> <span class='ocrx_word' id='word_1_151' title='bbox 892 1138 1193 1178; x_wconf 85' lang='lat' dir='ltr'><strong>horizontaliter</strong></span> <span class='ocrx_word' id='word_1_152' title='bbox 1219 1138 1474 1191; x_wconf 84' lang='lat' dir='ltr'><strong>includente,</strong></span> <span class='ocrx_word' id='word_1_153' title='bbox 1510 1147 1552 1180; x_wconf 88' lang='lat' dir='ltr'><strong>et</strong></span> 
     </span>
     <span class='ocr_line' id='line_1_18' title="bbox 103 1189 1551 1249; baseline 0.001 -15"><span class='ocrx_word' id='word_1_154' title='bbox 103 1189 263 1235; x_wconf 88' lang='lat' dir='ltr'><strong>duobus</strong></span> <span class='ocrx_word' id='word_1_155' title='bbox 288 1209 372 1235; x_wconf 89' lang='lat' dir='ltr'><strong>sese</strong></span> <span class='ocrx_word' id='word_1_156' title='bbox 403 1196 454 1235; x_wconf 88' lang='lat' dir='ltr'><strong>ad</strong></span> <span class='ocrx_word' id='word_1_157' title='bbox 488 1203 615 1236; x_wconf 84' lang='lat' dir='ltr'><strong>rectos</strong></span> <span class='ocrx_word' id='word_1_158' title='bbox 646 1194 812 1249; x_wconf 86' lang='lat' dir='ltr'><strong>angulos</strong></span> <span class='ocrx_word' id='word_1_159' title='bbox 845 1194 1070 1235; x_wconf 86' lang='lat' dir='ltr'><strong>secantibus</strong></span> <span class='ocrx_word' id='word_1_160' title='bbox 1097 1193 1481 1245; x_wconf 77' lang='lat' dir='ltr'><strong>semieireulmibus,</strong></span> <span class='ocrx_word' id='word_1_161' title='bbox 1511 1203 1551 1235; x_wconf 91' lang='lat' dir='ltr'><strong>et</strong></span> 
     </span>
     <span class='ocr_line' id='line_1_19' title="bbox 103 1249 1551 1305; baseline 0 -15"><span class='ocrx_word' id='word_1_162' title='bbox 103 1250 405 1305; x_wconf 82' lang='lat' dir='ltr'><strong>superimposita</strong></span> <span class='ocrx_word' id='word_1_163' title='bbox 447 1252 587 1292; x_wconf 84' lang='lat' dir='ltr'><strong>vertici</strong></span> <span class='ocrx_word' id='word_1_164' title='bbox 626 1249 862 1305; x_wconf 88' lang='lat' dir='ltr'><strong>plerumque</strong></span> <span class='ocrx_word' id='word_1_165' title='bbox 901 1264 1042 1300; x_wconf 85' lang='lat' dir='ltr'><strong>cruce,</strong></span> <span class='ocrx_word' id='word_1_166' title='bbox 1089 1258 1244 1289; x_wconf 87' lang='lat' dir='ltr'><strong>caetera</strong></span> <span class='ocrx_word' id='word_1_167' title='bbox 1285 1263 1419 1304; x_wconf 89' lang='lat' dir='ltr'><strong>panno</strong></span> <span class='ocrx_word' id='word_1_168' title='bbox 1451 1264 1551 1290; x_wconf 89' lang='lat' dir='ltr'><strong>con-</strong></span> 
     </span>
     <span class='ocr_line' id='line_1_20' title="bbox 103 1305 1550 1360; baseline -0.001 -14"><span class='ocrx_word' id='word_1_169' title='bbox 103 1312 214 1346; x_wconf 81' lang='lat' dir='ltr'><strong>stans</strong></span> <span class='ocrx_word' id='word_1_170' title='bbox 243 1307 443 1360; x_wconf 86' lang='lat' dir='ltr'><strong>pretioso,</strong></span> <span class='ocrx_word' id='word_1_171' title='bbox 471 1307 637 1360; x_wconf 89' lang='lat' dir='ltr'><strong>gemmis</strong></span> <span class='ocrx_word' id='word_1_172' title='bbox 668 1313 709 1345; x_wconf 89' lang='lat' dir='ltr'><strong>et</strong></span> <span class='ocrx_word' id='word_1_173' title='bbox 735 1306 958 1359; x_wconf 82' lang='lat' dir='ltr'><strong>mmgaritis</strong></span> <span class='ocrx_word' id='word_1_174' title='bbox 986 1306 1130 1345; x_wconf 88' lang='lat' dir='ltr'><strong>obsito.</strong></span> <span class='ocrx_word' id='word_1_175' title='bbox 1189 1305 1311 1345; x_wconf 90' lang='lat' dir='ltr'><strong>Anna</strong></span> <span class='ocrx_word' id='word_1_176' title='bbox 1346 1305 1550 1345; x_wconf 87' lang='lat' dir='ltr'><strong>Comnena</strong></span> 
     </span>
     <span class='ocr_line' id='line_1_21' title="bbox 102 1356 1550 1428; baseline 0 -28"><span class='ocrx_word' id='word_1_177' title='bbox 102 1361 300 1400; x_wconf 90' lang='lat' dir='ltr'><strong>mundum</strong></span> <span class='ocrx_word' id='word_1_178' title='bbox 341 1361 586 1428; x_wconf 88' lang='lat' dir='ltr'><strong>imperialem</strong></span> <span class='ocrx_word' id='word_1_179' title='bbox 624 1375 815 1402; x_wconf 88' lang='lat' dir='ltr'><strong>enarrans</strong></span> <span class='ocrx_word' id='word_1_180' title='bbox 854 1362 909 1401; x_wconf 90' lang='lat' dir='ltr'><strong>sic</strong></span> <span class='ocrx_word' id='word_1_181' title='bbox 936 1361 1123 1428; x_wconf 86' lang='lat' dir='ltr'><strong>describit</strong></span> <span class='ocrx_word' id='word_1_182' title='bbox 1163 1356 1208 1400; x_wconf 83' lang='grc' dir='ltr'><strong>τὸ</strong></span> <span class='ocrx_word' id='word_1_183' title='bbox 1249 1359 1429 1423; x_wconf 79' lang='grc' dir='ltr'><em>στέμμα.</em></span> <span class='ocrx_word' id='word_1_184' title='bbox 1491 1358 1550 1400; x_wconf 87' lang='grc' dir='ltr'><strong>Τὸ</strong></span> 
     </span>
     <span class='ocr_line' id='line_1_22' title="bbox 101 1412 1551 1481; baseline 0 -25"><span class='ocrx_word' id='word_1_185' title='bbox 101 1412 322 1481; x_wconf 78' lang='grc' dir='ltr'>βασιλικὸν</span> <span class='ocrx_word' id='word_1_186' title='bbox 345 1413 559 1470; x_wconf 76' lang='grc' dir='ltr'><strong><em>διάδημα,</em></strong></span> <span class='ocrx_word' id='word_1_187' title='bbox 595 1418 678 1466; x_wconf 88' lang='lat' dir='ltr'><strong>ait,</strong></span> <span class='ocrx_word' id='word_1_188' title='bbox 718 1415 912 1480; x_wconf 79' lang='grc' dir='ltr'><strong><em>καθάπερ</em></strong></span> <span class='ocrx_word' id='word_1_189' title='bbox 947 1414 1225 1479; x_wconf 80' lang='grc' dir='ltr'><em>ἡμισφαίριον</em></span> <span class='ocrx_word' id='word_1_190' title='bbox 1262 1428 1439 1468; x_wconf 78' lang='grc' dir='ltr'><strong><em>ευγυρον</em></strong></span> <span class='ocrx_word' id='word_1_191' title='bbox 1474 1413 1551 1468; x_wconf 79' lang='grc' dir='ltr'><strong><em>τήν</em></strong></span> 
     </span>
     <span class='ocr_line' id='line_1_23' title="bbox 102 1448 1551 1539; baseline 0.001 -30"><span class='ocrx_word' id='word_1_192' title='bbox 102 1467 292 1539; x_wconf 76' lang='grc' dir='ltr'><strong><em>κεφαλήν</em></strong></span> <span class='ocrx_word' id='word_1_193' title='bbox 314 1470 461 1511; x_wconf 50' lang='lat' dir='ltr'><strong>&amp;athe</strong></span> <span class='ocrx_word' id='word_1_194' title='bbox 477 1448 747 1524; x_wconf 74' lang='grc' dir='ltr'><strong><em>πανταχόθεν</em></strong></span> <span class='ocrx_word' id='word_1_195' title='bbox 771 1466 1006 1523; x_wconf 76' lang='grc' dir='ltr'><strong><em>μαργάροις</em></strong></span> <span class='ocrx_word' id='word_1_196' title='bbox 1028 1484 1333 1521; x_wconf 83' lang='grc' dir='ltr'><strong><em>κοσμουμενον,</em></strong></span> <span class='ocrx_word' id='word_1_197' title='bbox 1362 1474 1448 1518; x_wconf 85' lang='grc' dir='ltr'><strong><em>τοῖς</em></strong></span> <span class='ocrx_word' id='word_1_198' title='bbox 1469 1469 1551 1520; x_wconf 82' lang='grc' dir='ltr'><strong><em>μὲν</em></strong></span> 
     </span>
     <span class='ocr_line' id='line_1_24' title="bbox 106 1524 1550 1578; baseline 0.001 -14"><span class='ocrx_word' id='word_1_199' title='bbox 106 1523 377 1576; x_wconf 72' lang='grc' dir='ltr'><strong><em>ἐγκειμένοις,</em></strong></span> <span class='ocrx_word' id='word_1_200' title='bbox 418 1530 506 1573; x_wconf 85' lang='grc' dir='ltr'><strong><em>τοῖς</em></strong></span> <span class='ocrx_word' id='word_1_201' title='bbox 551 1526 598 1567; x_wconf 80' lang='grc' dir='ltr'><strong>δὲ</strong></span> <span class='ocrx_word' id='word_1_202' title='bbox 640 1541 710 1566; x_wconf 85' lang='grc' dir='ltr'>και</span> <span class='ocrx_word' id='word_1_203' title='bbox 741 1525 1040 1578; x_wconf 78' lang='grc' dir='ltr'><strong><em>ἐξηρτημένοις.</em></strong></span> <span class='ocrx_word' id='word_1_204' title='bbox 1096 1526 1403 1565; x_wconf 89' lang='lat' dir='ltr'><strong>Distinctionem</strong></span> <span class='ocrx_word' id='word_1_205' title='bbox 1436 1525 1550 1565; x_wconf 86' lang='lat' dir='ltr'><strong>addit</strong></span> 
     </span>
     <span class='ocr_line' id='line_1_25' title="bbox 102 1578 1548 1634; baseline 0 -16"><span class='ocrx_word' id='word_1_206' title='bbox 102 1578 323 1619; x_wconf 82' lang='lat' dir='ltr'><strong>infillarum</strong></span> <span class='ocrx_word' id='word_1_207' title='bbox 351 1581 614 1634; x_wconf 87' lang='lat' dir='ltr'><strong>imperialium</strong></span> <span class='ocrx_word' id='word_1_208' title='bbox 638 1582 691 1620; x_wconf 88' lang='lat' dir='ltr'><strong>ab</strong></span> <span class='ocrx_word' id='word_1_209' title='bbox 717 1580 852 1620; x_wconf 88' lang='lat' dir='ltr'><strong>infulis</strong></span> <span class='ocrx_word' id='word_1_210' title='bbox 879 1581 1093 1619; x_wconf 85' lang='lat' dir='ltr'><strong>Caesarum</strong></span> <span class='ocrx_word' id='word_1_211' title='bbox 1125 1587 1165 1619; x_wconf 90' lang='lat' dir='ltr'><strong>et</strong></span> <span class='ocrx_word' id='word_1_212' title='bbox 1197 1580 1423 1630; x_wconf 82' lang='lat' dir='ltr'><strong>minorum3</strong></span> <span class='ocrx_word' id='word_1_213' title='bbox 1464 1581 1548 1633; x_wconf 89' lang='lat' dir='ltr'><strong>pri-</strong></span> 
     </span>
     <span class='ocr_line' id='line_1_26' title="bbox 102 1634 1547 1691; baseline 0.001 -18"><span class='ocrx_word' id='word_1_214' title='bbox 102 1647 242 1684; x_wconf 88' lang='lat' dir='ltr'><strong>mam,</strong></span> <span class='ocrx_word' id='word_1_215' title='bbox 275 1635 384 1688; x_wconf 90' lang='lat' dir='ltr'><strong>quod</strong></span> <span class='ocrx_word' id='word_1_216' title='bbox 418 1635 496 1675; x_wconf 90' lang='lat' dir='ltr'><strong>hae</strong></span> <span class='ocrx_word' id='word_1_217' title='bbox 528 1651 610 1676; x_wconf 92' lang='lat' dir='ltr'><strong>non</strong></span> <span class='ocrx_word' id='word_1_218' title='bbox 644 1636 840 1675; x_wconf 89' lang='lat' dir='ltr'><strong>haberent</strong></span> <span class='ocrx_word' id='word_1_219' title='bbox 874 1635 1075 1674; x_wconf 87' lang='lat' dir='ltr'><strong>catenulas</strong></span> <span class='ocrx_word' id='word_1_220' title='bbox 1092 1664 1105 1685; x_wconf 83' lang='lat'>‚</span> <span class='ocrx_word' id='word_1_221' title='bbox 1131 1634 1303 1691; x_wconf 81' lang='lat' dir='ltr'><strong>flectas,</strong></span> <span class='ocrx_word' id='word_1_222' title='bbox 1340 1642 1387 1673; x_wconf 88' lang='lat' dir='ltr'><strong>ut</strong></span> <span class='ocrx_word' id='word_1_223' title='bbox 1414 1635 1547 1675; x_wconf 88' lang='lat' dir='ltr'><strong>medio</strong></span> 
     </span>
     <span class='ocr_line' id='line_1_27' title="bbox 103 1688 1547 1745; baseline 0.001 -17"><span class='ocrx_word' id='word_1_224' title='bbox 103 1702 208 1729; x_wconf 80' lang='lat' dir='ltr'><strong>aevo</strong></span> <span class='ocrx_word' id='word_1_225' title='bbox 231 1688 530 1743; x_wconf 81' lang='lat' dir='ltr'><strong>loquebantur,</strong></span> <span class='ocrx_word' id='word_1_226' title='bbox 563 1706 586 1730; x_wconf 92' lang='lat' dir='ltr'><strong>e</strong></span> <span class='ocrx_word' id='word_1_227' title='bbox 619 1691 843 1745; x_wconf 86' lang='lat' dir='ltr'><strong>margaritis</strong></span> <span class='ocrx_word' id='word_1_228' title='bbox 872 1698 912 1729; x_wconf 90' lang='lat' dir='ltr'><strong>et</strong></span> <span class='ocrx_word' id='word_1_229' title='bbox 942 1691 1106 1744; x_wconf 85' lang='lat' dir='ltr'><strong>gemmis</strong></span> <span class='ocrx_word' id='word_1_230' title='bbox 1139 1689 1297 1743; x_wconf 84' lang='lat' dir='ltr'><strong>plexas,</strong></span> <span class='ocrx_word' id='word_1_231' title='bbox 1330 1689 1436 1744; x_wconf 89' lang='lat' dir='ltr'><strong>apud</strong></span> <span class='ocrx_word' id='word_1_232' title='bbox 1471 1705 1547 1730; x_wconf 87' lang='lat' dir='ltr'><strong>au·-</strong></span> 
     </span>
     <span class='ocr_line' id='line_1_28' title="bbox 101 1745 1546 1800; baseline 0.001 -17"><span class='ocrx_word' id='word_1_233' title='bbox 101 1758 188 1784; x_wconf 82' lang='lat' dir='ltr'><strong>rem</strong></span> <span class='ocrx_word' id='word_1_234' title='bbox 224 1752 437 1799; x_wconf 87' lang='lat' dir='ltr'><strong>utramque</strong></span> <span class='ocrx_word' id='word_1_235' title='bbox 474 1746 765 1800; x_wconf 77' lang='lat' dir='ltr'><strong>dependentes3</strong></span> <span class='ocrx_word' id='word_1_236' title='bbox 808 1745 973 1784; x_wconf 88' lang='lat' dir='ltr'><strong>alteram</strong></span> <span class='ocrx_word' id='word_1_237' title='bbox 988 1775 1000 1794; x_wconf 91' lang='lat'>‚</span> <span class='ocrx_word' id='word_1_238' title='bbox 1045 1746 1155 1799; x_wconf 88' lang='lat' dir='ltr'><strong>quod</strong></span> <span class='ocrx_word' id='word_1_239' title='bbox 1191 1745 1268 1783; x_wconf 88' lang='lat' dir='ltr'><strong>hae</strong></span> <span class='ocrx_word' id='word_1_240' title='bbox 1309 1759 1391 1784; x_wconf 88' lang='lat' dir='ltr'><strong>non</strong></span> <span class='ocrx_word' id='word_1_241' title='bbox 1419 1759 1546 1799; x_wconf 84' lang='lat' dir='ltr'><strong>aeque</strong></span> 
     </span>
     <span class='ocr_line' id='line_1_29' title="bbox 102 1799 1546 1864; baseline 0.001 -26"><span class='ocrx_word' id='word_1_242' title='bbox 102 1807 288 1839; x_wconf 84' lang='lat' dir='ltr'><strong>accurate</strong></span> <span class='ocrx_word' id='word_1_243' title='bbox 322 1801 520 1840; x_wconf 88' lang='lat' dir='ltr'><strong>rotundae</strong></span> <span class='ocrx_word' id='word_1_244' title='bbox 562 1801 737 1851; x_wconf 87' lang='lat' dir='ltr'><strong>fuerint,</strong></span> <span class='ocrx_word' id='word_1_245' title='bbox 772 1808 891 1854; x_wconf 88' lang='lat' dir='ltr'><strong>atque</strong></span> <span class='ocrx_word' id='word_1_246' title='bbox 927 1799 1077 1840; x_wconf 89' lang='lat' dir='ltr'><strong>infulae</strong></span> <span class='ocrx_word' id='word_1_247' title='bbox 1107 1801 1422 1864; x_wconf 78' lang='lat' dir='ltr'><strong>Imperatorum3</strong></span> <span class='ocrx_word' id='word_1_248' title='bbox 1453 1808 1546 1840; x_wconf 87' lang='lat' dir='ltr'><strong>tan-</strong></span> 
     </span>
     <span class='ocr_line' id='line_1_30' title="bbox 100 1853 1543 1924; baseline 0.001 -31"><span class='ocrx_word' id='word_1_249' title='bbox 100 1853 194 1894; x_wconf 78' lang='lat' dir='ltr'><strong>dem</strong></span> <span class='ocrx_word' id='word_1_250' title='bbox 220 1855 330 1909; x_wconf 88' lang='lat' dir='ltr'><strong>quod</strong></span> <span class='ocrx_word' id='word_1_251' title='bbox 355 1856 576 1924; x_wconf 82' lang='lat' dir='ltr'><strong>imperiales</strong></span> <span class='ocrx_word' id='word_1_252' title='bbox 598 1856 865 1896; x_wconf 86' lang='lat' dir='ltr'><strong>crebrioribus</strong></span> <span class='ocrx_word' id='word_1_253' title='bbox 892 1856 1112 1920; x_wconf 83' lang='lat' dir='ltr'><strong>margaritis</strong></span> <span class='ocrx_word' id='word_1_254' title='bbox 1133 1869 1330 1919; x_wconf 88' lang='lat' dir='ltr'><strong>respersae</strong></span> <span class='ocrx_word' id='word_1_255' title='bbox 1353 1856 1543 1908; x_wconf 82' lang='lat' dir='ltr'><strong>niterent,</strong></span> 
     </span>
     <span class='ocr_line' id='line_1_31' title="bbox 100 1906 1546 1978; baseline 0.001 -30"><span class='ocrx_word' id='word_1_256' title='bbox 100 1923 224 1976; x_wconf 87' lang='lat' dir='ltr'><strong>quam</strong></span> <span class='ocrx_word' id='word_1_257' title='bbox 264 1909 380 1951; x_wconf 88' lang='lat' dir='ltr'><strong>aliae.</strong></span> <span class='ocrx_word' id='word_1_258' title='bbox 433 1909 711 1976; x_wconf 71' lang='grc' dir='ltr'><strong><em>Ἑκατέρωθιεν</em></strong></span> <span class='ocrx_word' id='word_1_259' title='bbox 745 1908 825 1963; x_wconf 77' lang='grc' dir='ltr'><strong>γάρ</strong></span> <span class='ocrx_word' id='word_1_260' title='bbox 860 1912 946 1950; x_wconf 77' lang='grc' dir='ltr'><strong><em>τῶν</em></strong></span> <span class='ocrx_word' id='word_1_261' title='bbox 971 1906 1193 1978; x_wconf 62' lang='grc' dir='ltr'><strong><em>κροτάφων</em></strong></span> <span class='ocrx_word' id='word_1_262' title='bbox 1219 1906 1409 1974; x_wconf 79' lang='grc' dir='ltr'><strong><em>ὄρμαθοί</em></strong></span> <span class='ocrx_word' id='word_1_263' title='bbox 1436 1924 1546 1958; x_wconf 82' lang='grc' dir='ltr'><strong><em>τινες</em></strong></span> 
     </span>
     <span class='ocr_line' id='line_1_32' title="bbox 101 1961 1545 2021; baseline 0 -18"><span class='ocrx_word' id='word_1_264' title='bbox 101 1962 358 2018; x_wconf 80' lang='grc' dir='ltr'>αιωροῦνται</span> <span class='ocrx_word' id='word_1_265' title='bbox 383 1962 456 2005; x_wconf 77' lang='grc' dir='ltr'><strong>διὰ</strong></span> <span class='ocrx_word' id='word_1_266' title='bbox 486 1963 716 2021; x_wconf 77' lang='grc' dir='ltr'><strong><em>μαργάρων</em></strong></span> <span class='ocrx_word' id='word_1_267' title='bbox 745 1981 816 2007; x_wconf 85' lang='grc' dir='ltr'>και</span> <span class='ocrx_word' id='word_1_268' title='bbox 845 1966 1000 2016; x_wconf 77' lang='grc' dir='ltr'><strong><em>λίθων,</em></strong></span> <span class='ocrx_word' id='word_1_269' title='bbox 1038 1980 1108 2005; x_wconf 84' lang='grc' dir='ltr'>και</span> <span class='ocrx_word' id='word_1_270' title='bbox 1143 1978 1220 2011; x_wconf 91' lang='grc' dir='ltr'><strong><em>τας</em></strong></span> <span class='ocrx_word' id='word_1_271' title='bbox 1251 1961 1429 2018; x_wconf 83' lang='grc' dir='ltr'><strong><em>παρειὰς</em></strong></span> <span class='ocrx_word' id='word_1_272' title='bbox 1451 1965 1545 2005; x_wconf 78' lang='grc' dir='ltr'>ἑπι-</span> 
     </span>
     <span class='ocr_line' id='line_1_33' title="bbox 102 2018 1545 2085; baseline 0 -27"><span class='ocrx_word' id='word_1_273' title='bbox 102 2018 256 2067; x_wconf 81' lang='grc' dir='ltr'>ξέουσι.</span> <span class='ocrx_word' id='word_1_274' title='bbox 311 2019 390 2060; x_wconf 80' lang='grc' dir='ltr'><strong>καί</strong></span> <span class='ocrx_word' id='word_1_275' title='bbox 412 2022 501 2062; x_wconf 81' lang='grc' dir='ltr'>ἐστι</span> <span class='ocrx_word' id='word_1_276' title='bbox 529 2022 649 2061; x_wconf 83' lang='grc' dir='ltr'><strong><em>τοῦτο</em></strong></span> <span class='ocrx_word' id='word_1_277' title='bbox 677 2020 941 2085; x_wconf 77' lang='grc' dir='ltr'><strong><em>ἐξῃρημένον</em></strong></span> <span class='ocrx_word' id='word_1_278' title='bbox 955 2035 998 2060; x_wconf 87' lang='grc' dir='ltr'><strong>τι</strong></span> <span class='ocrx_word' id='word_1_279' title='bbox 1036 2019 1185 2072; x_wconf 77' lang='grc' dir='ltr'><strong><em>χρῆμα</em></strong></span> <span class='ocrx_word' id='word_1_280' title='bbox 1210 2022 1295 2068; x_wconf 82' lang='grc' dir='ltr'><strong><em>τοῖς</em></strong></span> <span class='ocrx_word' id='word_1_281' title='bbox 1322 2021 1545 2070; x_wconf 72' lang='grc' dir='ltr'>βασιλεῦσι</span> 
     </span>
     <span class='ocr_line' id='line_1_34' title="bbox 48 2071 1543 2143; baseline 0 -29"><span class='ocrx_word' id='word_1_282' title='bbox 48 2078 50 2081; x_wconf 84' lang='grc'><strong>’</strong></span> <span class='ocrx_word' id='word_1_283' title='bbox 99 2073 266 2127; x_wconf 82' lang='grc' dir='ltr'><strong><em>στολῆς.</em></strong></span> <span class='ocrx_word' id='word_1_284' title='bbox 318 2072 361 2115; x_wconf 84' lang='grc' dir='ltr'><strong>οἱ</strong></span> <span class='ocrx_word' id='word_1_285' title='bbox 399 2075 447 2116; x_wconf 81' lang='grc' dir='ltr'><strong>δὲ</strong></span> <span class='ocrx_word' id='word_1_286' title='bbox 494 2075 578 2116; x_wconf 76' lang='grc' dir='ltr'><strong><em>τῶν</em></strong></span> <span class='ocrx_word' id='word_1_287' title='bbox 617 2071 1031 2143; x_wconf 74' lang='grc' dir='ltr'><strong><em>Σεβαστοκρατόρων</em></strong></span> <span class='ocrx_word' id='word_1_288' title='bbox 1070 2075 1143 2115; x_wconf 80' lang='grc' dir='ltr'>καί</span> <span class='ocrx_word' id='word_1_289' title='bbox 1183 2075 1266 2115; x_wconf 75' lang='grc' dir='ltr'><strong><em>τῶν</em></strong></span> <span class='ocrx_word' id='word_1_290' title='bbox 1308 2072 1543 2142; x_wconf 77' lang='grc' dir='ltr'><strong>Καισάρων</strong></span> 
     </span>
     <span class='ocr_line' id='line_1_35' title="bbox 98 2125 1543 2197; baseline 0.001 -29"><span class='ocrx_word' id='word_1_291' title='bbox 98 2129 304 2191; x_wconf 81' lang='grc' dir='ltr'><strong><em>στεφανοι</em></strong></span> <span class='ocrx_word' id='word_1_292' title='bbox 345 2125 585 2197; x_wconf 76' lang='grc' dir='ltr'><strong>σποράδην</strong></span> <span class='ocrx_word' id='word_1_293' title='bbox 608 2130 720 2172; x_wconf 79' lang='grc' dir='ltr'><strong><em>ἐστιν</em></strong></span> <span class='ocrx_word' id='word_1_294' title='bbox 769 2126 873 2170; x_wconf 72' lang='grc' dir='ltr'><strong><em>ὅπου</em></strong></span> <span class='ocrx_word' id='word_1_295' title='bbox 917 2131 999 2170; x_wconf 79' lang='grc' dir='ltr'><strong><em>τῶν</em></strong></span> <span class='ocrx_word' id='word_1_296' title='bbox 1031 2127 1259 2183; x_wconf 82' lang='grc' dir='ltr'><strong><em>μαργάρων</em></strong></span> <span class='ocrx_word' id='word_1_297' title='bbox 1298 2126 1370 2169; x_wconf 80' lang='grc' dir='ltr'><strong>καὶ</strong></span> <span class='ocrx_word' id='word_1_298' title='bbox 1408 2129 1543 2170; x_wconf 76' lang='grc' dir='ltr'><strong><em>λίθων</em></strong></span> 
     </span>
     <span class='ocr_line' id='line_1_36' title="bbox 98 2175 1542 2239; baseline 0.001 -17"><span class='ocrx_word' id='word_1_299' title='bbox 98 2175 202 2222; x_wconf 67' lang='grc' dir='ltr'><strong><em>ἄνευ</em></strong></span> <span class='ocrx_word' id='word_1_300' title='bbox 230 2184 310 2223; x_wconf 70' lang='grc' dir='ltr'><strong>τοῦ</strong></span> <span class='ocrx_word' id='word_1_301' title='bbox 345 2182 729 2239; x_wconf 81' lang='grc' dir='ltr'><strong><em>ἐπισφαιρωματος.</em></strong></span> <span class='ocrx_word' id='word_1_302' title='bbox 782 2187 846 2225; x_wconf 89' lang='lat' dir='ltr'><strong>De</strong></span> <span class='ocrx_word' id='word_1_303' title='bbox 877 2186 1128 2236; x_wconf 69' lang='lat' dir='ltr'><strong>Caesariens,</strong></span> <span class='ocrx_word' id='word_1_304' title='bbox 1172 2199 1242 2224; x_wconf 88' lang='lat' dir='ltr'><strong>seu</strong></span> <span class='ocrx_word' id='word_1_305' title='bbox 1279 2183 1413 2224; x_wconf 83' lang='lat' dir='ltr'><strong>infulis</strong></span> <span class='ocrx_word' id='word_1_306' title='bbox 1442 2185 1542 2224; x_wconf 88' lang='lat' dir='ltr'><strong>Cae-</strong></span> 
     </span>
     <span class='ocr_line' id='line_1_37' title="bbox 97 2239 1542 2294; baseline 0.003 -18"><span class='ocrx_word' id='word_1_307' title='bbox 97 2251 235 2277; x_wconf 83' lang='lat' dir='ltr'><strong>sarum</strong></span> <span class='ocrx_word' id='word_1_308' title='bbox 252 2267 265 2289; x_wconf 85' lang='lat'>,</span> <span class='ocrx_word' id='word_1_309' title='bbox 302 2253 464 2292; x_wconf 84' lang='lat' dir='ltr'><strong>agemus</strong></span> <span class='ocrx_word' id='word_1_310' title='bbox 496 2240 585 2286; x_wconf 89' lang='lat' dir='ltr'><strong>loco</strong></span> <span class='ocrx_word' id='word_1_311' title='bbox 613 2256 702 2281; x_wconf 90' lang='lat' dir='ltr'><strong>suo.</strong></span> <span class='ocrx_word' id='word_1_312' title='bbox 761 2241 937 2292; x_wconf 86' lang='lat' dir='ltr'><strong>Quando</strong></span> <span class='ocrx_word' id='word_1_313' title='bbox 968 2256 1043 2280; x_wconf 93' lang='lat' dir='ltr'><strong>usu</strong></span> <span class='ocrx_word' id='word_1_314' title='bbox 1073 2248 1253 2294; x_wconf 86' lang='lat' dir='ltr'><strong>receptae</strong></span> <span class='ocrx_word' id='word_1_315' title='bbox 1279 2240 1428 2279; x_wconf 87' lang='lat' dir='ltr'><strong>fuerint</strong></span> <span class='ocrx_word' id='word_1_316' title='bbox 1442 2239 1542 2280; x_wconf 80' lang='lat' dir='ltr'><strong>tales</strong></span> 
     </span>
     <span class='ocr_line' id='line_1_38' title="bbox 98 2291 1540 2364; baseline 0.002 -32"><span class='ocrx_word' id='word_1_317' title='bbox 98 2291 249 2332; x_wconf 75' lang='lat' dir='ltr'><strong>infulae</strong></span> <span class='ocrx_word' id='word_1_318' title='bbox 279 2294 379 2334; x_wconf 85' lang='lat' dir='ltr'><strong>mihi</strong></span> <span class='ocrx_word' id='word_1_319' title='bbox 415 2309 498 2335; x_wconf 90' lang='lat' dir='ltr'><strong>non</strong></span> <span class='ocrx_word' id='word_1_320' title='bbox 534 2295 677 2364; x_wconf 83' lang='lat' dir='ltr'><strong>liquet.</strong></span> <span class='ocrx_word' id='word_1_321' title='bbox 734 2296 904 2336; x_wconf 86' lang='lat' dir='ltr'><strong>Saeculo</strong></span> <span class='ocrx_word' id='word_1_322' title='bbox 943 2296 1103 2350; x_wconf 89' lang='lat' dir='ltr'><strong>quidem</strong></span> <span class='ocrx_word' id='word_1_323' title='bbox 1135 2296 1300 2349; x_wconf 89' lang='lat' dir='ltr'><strong>septimo</strong></span> <span class='ocrx_word' id='word_1_324' title='bbox 1335 2295 1468 2335; x_wconf 89' lang='lat' dir='ltr'><strong>adhuc</strong></span> <span class='ocrx_word' id='word_1_325' title='bbox 1497 2297 1540 2335; x_wconf 91' lang='lat' dir='ltr'><strong>in</strong></span> 
     </span>
     <span class='ocr_line' id='line_1_39' title="bbox 98 2346 1539 2416; baseline 0.002 -29"><span class='ocrx_word' id='word_1_326' title='bbox 98 2361 175 2386; x_wconf 86' lang='lat' dir='ltr'><strong>usu</strong></span> <span class='ocrx_word' id='word_1_327' title='bbox 210 2356 325 2388; x_wconf 87' lang='lat' dir='ltr'><strong>erant</strong></span> <span class='ocrx_word' id='word_1_328' title='bbox 357 2351 477 2390; x_wconf 88' lang='lat' dir='ltr'><strong>modo</strong></span> <span class='ocrx_word' id='word_1_329' title='bbox 507 2347 547 2390; x_wconf 79' lang='grc' dir='ltr'><strong>οἱ</strong></span> <span class='ocrx_word' id='word_1_330' title='bbox 587 2351 788 2405; x_wconf 82' lang='grc' dir='ltr'><strong><em>στέφανοι</em></strong></span> <span class='ocrx_word' id='word_1_331' title='bbox 816 2353 955 2416; x_wconf 39' lang='lat' dir='ltr'><strong>ezr-‘culi</strong></span> <span class='ocrx_word' id='word_1_332' title='bbox 991 2352 1165 2401; x_wconf 77' lang='lat' dir='ltr'><strong>radiati,</strong></span> <span class='ocrx_word' id='word_1_333' title='bbox 1208 2351 1329 2390; x_wconf 91' lang='lat' dir='ltr'><strong>modo</strong></span> <span class='ocrx_word' id='word_1_334' title='bbox 1363 2346 1417 2390; x_wconf 76' lang='lat' dir='ltr'><strong>wi</strong></span> <span class='ocrx_word' id='word_1_335' title='bbox 1445 2350 1539 2390; x_wconf 81' lang='grc' dir='ltr'>δια-</span> 
     </span>
     <span class='ocr_line' id='line_1_40' title="bbox 97 2397 1541 2459; baseline 0.003 -18"><span class='ocrx_word' id='word_1_336' title='bbox 97 2397 267 2455; x_wconf 81' lang='grc' dir='ltr'><strong><em>δῆματα</em></strong></span> <span class='ocrx_word' id='word_1_337' title='bbox 279 2432 296 2450; x_wconf 92' lang='lat'><em>,</em></span> <span class='ocrx_word' id='word_1_338' title='bbox 327 2418 398 2443; x_wconf 90' lang='lat' dir='ltr'><strong>seu</strong></span> <span class='ocrx_word' id='word_1_339' title='bbox 414 2435 426 2457; x_wconf 91' lang='lat'>,</span> <span class='ocrx_word' id='word_1_340' title='bbox 460 2405 568 2459; x_wconf 89' lang='lat' dir='ltr'><strong>quod</strong></span> <span class='ocrx_word' id='word_1_341' title='bbox 594 2407 698 2446; x_wconf 87' lang='lat' dir='ltr'><strong>idem</strong></span> <span class='ocrx_word' id='word_1_342' title='bbox 720 2414 806 2457; x_wconf 82' lang='lat' dir='ltr'><strong>est,</strong></span> <span class='ocrx_word' id='word_1_343' title='bbox 836 2404 882 2446; x_wconf 82' lang='grc' dir='ltr'><strong>αἱ</strong></span> <span class='ocrx_word' id='word_1_344' title='bbox 906 2420 1059 2445; x_wconf 87' lang='grc' dir='ltr'>ταινιαι</span> <span class='ocrx_word' id='word_1_345' title='bbox 1086 2408 1231 2455; x_wconf 80' lang='lat' dir='ltr'><strong>vittae,</strong></span> <span class='ocrx_word' id='word_1_346' title='bbox 1268 2420 1338 2445; x_wconf 87' lang='lat' dir='ltr'><strong>seu</strong></span> <span class='ocrx_word' id='word_1_347' title='bbox 1363 2406 1541 2445; x_wconf 81' lang='lat' dir='ltr'><strong>lemm’sci</strong></span> 
     </span>
     <span class='ocr_line' id='line_1_41' title="bbox 96 2437 1536 2515; baseline 0.002 -18"><span class='ocrx_word' id='word_1_348' title='bbox 96 2458 174 2496; x_wconf 76' lang='lat' dir='ltr'><strong>lati</strong></span> <span class='ocrx_word' id='word_1_349' title='bbox 201 2461 399 2513; x_wconf 57' lang='lat' dir='ltr'><strong>put-putei</strong></span> <span class='ocrx_word' id='word_1_350' title='bbox 413 2489 426 2511; x_wconf 88' lang='lat'>‚</span> <span class='ocrx_word' id='word_1_351' title='bbox 471 2461 540 2514; x_wconf 88' lang='lat' dir='ltr'><strong>qui</strong></span> <span class='ocrx_word' id='word_1_352' title='bbox 574 2462 616 2501; x_wconf 88' lang='lat' dir='ltr'><strong>in</strong></span> <span class='ocrx_word' id='word_1_353' title='bbox 648 2437 830 2515; x_wconf 83' lang='lat' dir='ltr'><strong>occipitio</strong></span> <span class='ocrx_word' id='word_1_354' title='bbox 866 2461 1166 2515; x_wconf 84' lang='lat' dir='ltr'><strong>religabantur3</strong></span> <span class='ocrx_word' id='word_1_355' title='bbox 1197 2461 1390 2515; x_wconf 87' lang='lat' dir='ltr'><strong>siquidem</strong></span> <span class='ocrx_word' id='word_1_356' title='bbox 1415 2461 1536 2500; x_wconf 86' lang='lat' dir='ltr'><strong>fidem</strong></span> 
     </span>
     <span class='ocr_line' id='line_1_42' title="bbox 95 2514 1536 2570; baseline 0.002 -19"><span class='ocrx_word' id='word_1_357' title='bbox 95 2519 273 2552; x_wconf 83' lang='lat' dir='ltr'><strong>meretur</strong></span> <span class='ocrx_word' id='word_1_358' title='bbox 312 2514 557 2568; x_wconf 86' lang='lat' dir='ltr'><strong>Nicephorus</strong></span> <span class='ocrx_word' id='word_1_359' title='bbox 598 2517 833 2556; x_wconf 88' lang='lat' dir='ltr'><strong>Patriarcha</strong></span> <span class='ocrx_word' id='word_1_360' title='bbox 869 2517 967 2555; x_wconf 86' lang='lat' dir='ltr'><strong>CPt.</strong></span> <span class='ocrx_word' id='word_1_361' title='bbox 1015 2531 1181 2556; x_wconf 86' lang='lat' dir='ltr'><strong>narrans</strong></span> <span class='ocrx_word' id='word_1_362' title='bbox 1202 2531 1244 2570; x_wconf 91' lang='lat' dir='ltr'><strong>p.</strong></span> <span class='ocrx_word' id='word_1_363' title='bbox 1276 2517 1346 2567; x_wconf 82' lang='lat'><strong>39.</strong></span> <span class='ocrx_word' id='word_1_364' title='bbox 1363 2546 1375 2567; x_wconf 92' lang='lat'>‚</span> <span class='ocrx_word' id='word_1_365' title='bbox 1405 2517 1536 2555; x_wconf 88' lang='lat' dir='ltr'><strong>Hera-</strong></span> 
     </span>
     <span class='ocr_line' id='line_1_43' title="bbox 96 2565 1536 2639; baseline 0.003 -33"><span class='ocrx_word' id='word_1_366' title='bbox 96 2565 243 2617; x_wconf 81' lang='lat' dir='ltr'><strong>elium,</strong></span> <span class='ocrx_word' id='word_1_367' title='bbox 279 2583 361 2622; x_wconf 82' lang='lat' dir='ltr'><strong>quo</strong></span> <span class='ocrx_word' id='word_1_368' title='bbox 391 2571 516 2610; x_wconf 89' lang='lat' dir='ltr'><strong>tutius</strong></span> <span class='ocrx_word' id='word_1_369' title='bbox 533 2570 673 2638; x_wconf 73' lang='lat' dir='ltr'><strong>lateret</strong></span> <span class='ocrx_word' id='word_1_370' title='bbox 698 2579 738 2611; x_wconf 89' lang='lat' dir='ltr'><strong>et</strong></span> <span class='ocrx_word' id='word_1_371' title='bbox 766 2572 972 2625; x_wconf 87' lang='lat' dir='ltr'><strong>aufugeret</strong></span> <span class='ocrx_word' id='word_1_372' title='bbox 996 2585 1019 2610; x_wconf 93' lang='lat' dir='ltr'><strong>e</strong></span> <span class='ocrx_word' id='word_1_373' title='bbox 1036 2586 1200 2610; x_wconf 87' lang='lat' dir='ltr'><strong>suorum</strong></span> <span class='ocrx_word' id='word_1_374' title='bbox 1229 2570 1341 2611; x_wconf 88' lang='lat' dir='ltr'><strong>clade</strong></span> <span class='ocrx_word' id='word_1_375' title='bbox 1372 2567 1536 2639; x_wconf 84' lang='grc' dir='ltr'><strong><em>οικτρόν</em></strong></span> 
     </span>
     <span class='ocr_line' id='line_1_44' title="bbox 95 2619 1535 2691; baseline 0.003 -31"><span class='ocrx_word' id='word_1_376' title='bbox 95 2635 141 2661; x_wconf 83' lang='grc' dir='ltr'><strong>τε</strong></span> <span class='ocrx_word' id='word_1_377' title='bbox 167 2621 241 2661; x_wconf 81' lang='grc' dir='ltr'><em>καί</em></span> <span class='ocrx_word' id='word_1_378' title='bbox 271 2621 491 2690; x_wconf 81' lang='grc' dir='ltr'><strong><em>πενιχρὸν,</em></strong></span> <span class='ocrx_word' id='word_1_379' title='bbox 530 2640 590 2672; x_wconf 87' lang='grc' dir='ltr'><strong><em>ως</em></strong></span> <span class='ocrx_word' id='word_1_380' title='bbox 613 2619 666 2667; x_wconf 74' lang='grc' dir='ltr'><strong><em>ἂν</em></strong></span> <span class='ocrx_word' id='word_1_381' title='bbox 695 2626 863 2691; x_wconf 76' lang='grc' dir='ltr'>ιδιωτης</span> <span class='ocrx_word' id='word_1_382' title='bbox 877 2630 964 2672; x_wconf 81' lang='grc' dir='ltr'><strong><em>τοῖς</em></strong></span> <span class='ocrx_word' id='word_1_383' title='bbox 991 2625 1293 2690; x_wconf 79' lang='grc' dir='ltr'><strong><em>ἐντευξομένοις</em></strong></span> <span class='ocrx_word' id='word_1_384' title='bbox 1328 2623 1535 2680; x_wconf 76' lang='grc' dir='ltr'><strong><em>φαίνοιτο,</em></strong></span> 
     </span>
     <span class='ocr_line' id='line_1_45' title="bbox 96 2674 1536 2748; baseline 0.003 -34"><span class='ocrx_word' id='word_1_385' title='bbox 96 2674 421 2728; x_wconf 83' lang='grc' dir='ltr'><strong><em>περιβαλόμενος</em></strong></span> <span class='ocrx_word' id='word_1_386' title='bbox 449 2676 619 2743; x_wconf 70' lang='grc' dir='ltr'><strong><em>ἔνδυμα</em></strong></span> <span class='ocrx_word' id='word_1_387' title='bbox 625 2710 638 2730; x_wconf 86' lang='grc'>,</span> <span class='ocrx_word' id='word_1_388' title='bbox 686 2677 759 2721; x_wconf 85' lang='grc' dir='ltr'><strong><em>τόν</em></strong></span> <span class='ocrx_word' id='word_1_389' title='bbox 786 2695 831 2721; x_wconf 83' lang='grc' dir='ltr'><strong>τε</strong></span> <span class='ocrx_word' id='word_1_390' title='bbox 859 2681 1067 2733; x_wconf 83' lang='grc' dir='ltr'><strong><em>στέφανον</em></strong></span> <span class='ocrx_word' id='word_1_391' title='bbox 1099 2677 1171 2722; x_wconf 82' lang='grc' dir='ltr'><strong><em>τὸν</em></strong></span> <span class='ocrx_word' id='word_1_392' title='bbox 1197 2679 1432 2748; x_wconf 76' lang='grc' dir='ltr'><strong><em>βασίλειον</em></strong></span> <span class='ocrx_word' id='word_1_393' title='bbox 1445 2681 1536 2744; x_wconf 80' lang='lat' dir='ltr'><strong>[de-</strong></span> 
     </span>
     <span class='ocr_line' id='line_1_46' title="bbox 97 2729 1534 2791; baseline 0.003 -22"><span class='ocrx_word' id='word_1_394' title='bbox 97 2729 225 2782; x_wconf 76' lang='lat' dir='ltr'><strong>signat</strong></span> <span class='ocrx_word' id='word_1_395' title='bbox 263 2732 464 2788; x_wconf 87' lang='lat' dir='ltr'><strong>diadema]</strong></span> <span class='ocrx_word' id='word_1_396' title='bbox 500 2735 552 2788; x_wconf 86' lang='grc' dir='ltr'><em>τῇ</em></span> <span class='ocrx_word' id='word_1_397' title='bbox 584 2730 716 2791; x_wconf 77' lang='grc' dir='ltr'><strong><em>αἷλένῃ</em></strong></span> <span class='ocrx_word' id='word_1_398' title='bbox 746 2734 1060 2789; x_wconf 82' lang='grc' dir='ltr'><strong><em>περιαψάμενος</em></strong></span> <span class='ocrx_word' id='word_1_399' title='bbox 1077 2759 1132 2768; x_wconf 90' lang='grc'><strong>--</strong></span> <span class='ocrx_word' id='word_1_400' title='bbox 1153 2735 1213 2783; x_wconf 82' lang='grc' dir='ltr'><strong><em>εἷς</em></strong></span> <span class='ocrx_word' id='word_1_401' title='bbox 1243 2733 1383 2790; x_wconf 75' lang='grc' dir='ltr'><strong><em>φυγήν</em></strong></span> <span class='ocrx_word' id='word_1_402' title='bbox 1410 2732 1534 2788; x_wconf 78' lang='grc' dir='ltr'><strong><em>ἐτρά-</em></strong></span> 
     </span>
     <span class='ocr_line' id='line_1_47' title="bbox 98 2787 1533 2846; baseline 0.006 -24"><span class='ocrx_word' id='word_1_403' title='bbox 98 2796 210 2826; x_wconf 83' lang='grc' dir='ltr'><strong><em>πετο.</em></strong></span> <span class='ocrx_word' id='word_1_404' title='bbox 250 2787 416 2830; x_wconf 86' lang='lat' dir='ltr'><strong>Invenio</strong></span> <span class='ocrx_word' id='word_1_405' title='bbox 434 2790 597 2846; x_wconf 87' lang='lat' dir='ltr'><strong>quidem</strong></span> <span class='ocrx_word' id='word_1_406' title='bbox 610 2798 776 2834; x_wconf 87' lang='lat' dir='ltr'><strong>stemma</strong></span> <span class='ocrx_word' id='word_1_407' title='bbox 792 2792 872 2833; x_wconf 88' lang='lat' dir='ltr'><strong>iam</strong></span> <span class='ocrx_word' id='word_1_408' title='bbox 886 2791 928 2832; x_wconf 90' lang='lat' dir='ltr'><strong>in</strong></span> <span class='ocrx_word' id='word_1_409' title='bbox 947 2805 1071 2833; x_wconf 89' lang='lat' dir='ltr'><strong>numo</strong></span> <span class='ocrx_word' id='word_1_410' title='bbox 1085 2792 1288 2834; x_wconf 84' lang='lat' dir='ltr'><strong>Eudociae</strong></span> <span class='ocrx_word' id='word_1_411' title='bbox 1311 2792 1533 2846; x_wconf 82' lang='lat' dir='ltr'><strong>Augustae,</strong></span> 
     </span>
    </p>
   </div>
  </div>
 </body>
</html>
