1884 3132
319 129 430 196 848
627 149 700 191 10.
745 149 848 191 nie.
890 151 1083 192 Rssisxn
1124 151 1498 200 comOENTARn

318 267 360 294 v.
412 252 716 293 Bamalaureus.
774 255 1012 295 Baccalaria
1051 270 1146 296 vero
1162 287 1174 306 ,
1215 272 1318 310 qnae
1344 265 1404 298 est
1440 258 1590 312 praedii
1619 261 1756 300 rustici

318 311 491 362 species,
527 316 574 348 ut
596 309 671 348 hoc
702 308 819 349 liceat
842 312 879 349 in
907 312 1076 350 transitu
1110 313 1326 366 attingere,
1362 321 1420 353 est
1440 322 1627 367 corrupta
1664 329 1760 368 pro-

317 366 517 404 nuntiatio
545 366 654 403 vocis
679 366 914 413 bucellaria,
946 368 1152 420 praedium
1179 367 1295 407 alicui
1316 371 1358 408 in
1380 369 1577 408 bucellam
1603 369 1758 419 datum,

318 420 426 458 unde
458 422 608 458 vietum
645 420 802 460 habeat.
858 422 947 460 Vox
994 423 1180 461 baiularis
1219 425 1326 477 apud
1366 425 1637 477 Ugutionem,
1686 426 1758 479 qui

317 477 495 514 iuvenem
504 477 661 527 sortem
688 477 906 529 significare
938 479 993 515 ait
1014 507 1026 526 ,
1062 485 1119 516 est
1146 478 1283 517 eadem
1304 486 1424 532 atque
1450 481 1669 518 bacalarim
1695 479 1760 519 vel

317 531 608 569 baccalaureus.
667 531 757 570 Vox
781 539 912 571 autem
936 534 1099 583 bayulus
1126 547 1199 585 pro
1237 542 1446 584 curatore,
1481 535 1588 574 unde
1629 535 1772 587 baillff

318 593 484 635 natum,
514 587 544 625 si
565 587 654 639 quis
670 586 721 624 ab
743 587 819 625 hoc
851 588 928 638 hay
973 595 1011 626 et
1053 591 1135 627 eius
1156 589 1403 630 deminutivo
1432 591 1549 641 bayel
1577 589 1759 629 derivare

319 641 442 688 velit,
474 656 538 680 me
565 641 727 695 quidem
762 657 842 681 non
886 643 1053 681 habebit
1095 653 1404 697 repugnantem:
1455 644 1592 684 malim
1625 651 1759 684 tamen

321 707 372 746 ab
399 707 574 747 Arabico
619 700 754 756 ὀξείῃ,
808 708 1003 761 PVaglu'l,
1038 709 1096 763 (id
1121 718 1233 749 notat
1272 708 1647 762 ἐπιτετραμμένον,
1692 710 1759 762 ἐγ·

316 760 661 815 κεχαρισμένον,
702 765 813 802 cuius
848 764 938 802 fidei
976 772 1014 802 et
1048 779 1166 804 curae
1193 766 1343 818 aliquid
1374 767 1628 805 commissum
1664 766 1760 815 est,)

321 826 515 871 repetere.
572 818 650 857 Sed
680 822 754 856 hoc
788 820 829 858 in
867 821 1052 858 transitu.
1111 821 1229 860 Nunc
1268 821 1455 874 exemplis
1484 821 1761 859 demonstran-

322 875 421 912 dum
451 882 532 920 est,
565 873 716 912 litteras
741 875 782 924 i,
805 890 840 926 y
865 883 903 913 et
925 890 953 927 g
985 875 1212 915 alternasse.
1271 877 1425 929 Nempe
1446 884 1596 915 veteres
1633 876 1701 914 bai
1721 883 1760 915 et

318 930 400 981 hay
430 937 468 968 et
493 930 569 981 bag
593 929 793 968 dicebant.
855 931 1046 969 Immanis
1062 931 1201 970 talium
1226 940 1358 984 posset
1372 946 1537 970 acervus
1571 932 1764 981 construi,

323 985 392 1023 sed
419 999 468 1023 ne
488 992 621 1023 tamen
646 985 770 1023 desim
793 985 1130 1033 desiderantibus,
1161 988 1295 1039 paucis
1330 987 1539 1040 defungar.
1596 987 1651 1025 Et
1669 999 1764 1024 sane

324 1040 471 1090 nescio,
510 1041 651 1077 annon
671 1047 824 1078 veteres
859 1043 982 1078 nostri
1011 1041 1197 1080 Germani
1238 1049 1276 1080 et
1297 1055 1436 1080 eorum
1461 1041 1616 1080 soboles
1637 1040 1762 1093 Angli

321 1094 418 1132 ibii
453 1102 491 1133 et
524 1109 559 1146 y
598 1109 751 1147 semper
792 1097 1044 1147 scripserint,
1085 1096 1154 1134 ubi
1192 1111 1265 1136 nos
1304 1097 1476 1145 solemus
1515 1111 1543 1149 g
1577 1095 1764 1134 scribere.

323 1149 406 1188 Nos
428 1150 596 1189 dicimus
619 1150 705 1202 Tag
731 1163 803 1202 pro
831 1151 895 1188 die
912 1181 923 1200 ‚
959 1150 1079 1204 Angli
1124 1152 1206 1202 day
1224 1181 1235 1202 ,
1265 1159 1416 1190 veteres
1447 1152 1638 1190 Germani
1675 1152 1734 1189 lai
1751 1181 1762 1197 ,

323 1212 370 1243 ut
397 1219 441 1243 ex
473 1204 688 1243 Ammiano
722 1204 954 1243 Marcellino
983 1213 1022 1244 et
1054 1207 1211 1245 Zosimo
1242 1213 1416 1253 constat,
1447 1208 1516 1259 qui
1550 1207 1589 1244 T
1584 1206 1751 1257 ag‘f'alos,

324 1257 573 1312 Θαϊφάλους
601 1268 937 1309 commemorant,
976 1261 1051 1298 hoc
1079 1269 1137 1299 est
1170 1263 1292 1300 Falos
1325 1263 1523 1300 australes.
1581 1263 1683 1300 Nam
1717 1268 1763 1300 ut

330 1314 527 1367 l'Vesgsali
564 1322 677 1354 erant
709 1329 777 1353 seu
807 1314 894 1354 Fali
927 1315 1213 1365 occidentales,
1249 1317 1380 1355 adbuc
1418 1316 1536 1354 hodie
1562 1314 1761 1365 celebres,

320 1372 379 1408 sic
406 1372 523 1408 etiam
548 1378 660 1409 erant
682 1370 834 1422 Ossfali
863 1385 931 1409 seu
964 1371 1051 1409 Fali
1087 1372 1298 1411 orientales
1317 1401 1327 1420 ,
1359 1379 1398 1411 et
1438 1373 1611 1422 Tag'fhli,
1635 1371 1762 1423 [qnasi

324 1425 434 1464 dicas
457 1426 637 1480 Tagfali,
672 1426 965 1464 meridionales.
1026 1426 1102 1465 Nos
1130 1428 1249 1466 hodie
1279 1428 1445 1465 dicimus
1473 1427 1642 1474 lVaehe,
1675 1425 1763 1465 Bel-

328 1494 425 1533 gae,
457 1482 733 1519 retinentiores
766 1483 910 1520 veteris
936 1481 1115 1534 linguae,
1146 1483 1298 1521 Wachc
1322 1497 1393 1534 pro
1417 1483 1569 1534 vigilia.
1599 1483 1765 1520 Veteres

324 1535 401 1574 hoc
425 1536 650 1575 scribebant
667 1545 814 1588 guayta
829 1567 840 1585 ,
871 1537 911 1574 id
939 1544 997 1575 est
1020 1537 1177 1588 Hfayca
1198 1538 1262 1577 vel
1290 1538 1354 1575 W
1354 1547 1445 1591 agla
1460 1567 1470 1583 ,
1505 1537 1613 1575 unde
1632 1537 1763 1574 Fran—

324 1592 455 1629 cicum
488 1601 602 1644 guet5
641 1591 726 1630 vid.
770 1593 836 1630 Du
878 1591 1007 1645 Cange
1041 1606 1080 1635 v.
1111 1592 1402 1645 Scaraguaytcz‚
1451 1591 1763 1638 schammach,

326 1647 554 1700 manipulus
589 1644 765 1699 vigilum.
823 1647 1053 1685 Conductor
1086 1648 1200 1686 nobis
1234 1648 1426 1693 Pac-liter,
1477 1647 1574 1685 olim
1608 1646 1766 1697 Peyter.

326 1700 474 1740 Pluvia
502 1702 617 1741 nobis
646 1709 702 1740 est
719 1703 859 1754 Regen,
893 1702 1033 1755 Anglis
1066 1705 1168 1741 rain.
1223 1703 1421 1741 Nummus
1455 1701 1645 1753 Pfinnig,
1675 1701 1764 1739 An-

325 1756 400 1809 glis
422 1772 570 1811 penny.
627 1757 672 1795 In
700 1759 932 1796 universum
961 1758 1093 1796 omnia
1121 1772 1247 1810 paene
1275 1757 1470 1796 vocabula
1501 1756 1615 1795 nobis
1657 1756 1695 1794 in
1725 1758 1767 1808 ig

327 1812 392 1850 vel
412 1814 476 1851 ich
498 1813 679 1852 exeuntia
709 1812 831 1865 Angli
867 1814 908 1850 in
928 1827 963 1863 y
988 1814 1218 1851 terminant.
1277 1813 1492 1864 Quomodo
1516 1812 1592 1850 iam
1611 1818 1765 1849 veteres

301 1869 648 1919 pronuntiabant,
678 1867 967 1906 Germanicone
994 1882 1129 1916 more,
1166 1875 1212 1907 ut
1258 1883 1305 1921 g,
1349 1883 1400 1906 an
1440 1866 1636 1919 Angfieo,
1673 1873 1718 1904 ut
1745 1867 1762 1904 ἰ

328 1922 391 1961 vel
407 1939 443 1974 y
460 1927 479 1961 ?
533 1924 594 1962 Ex
633 1921 753 1961 allato
794 1923 972 1975 exemplo
1001 1922 1247 1961 Taifalorum
1287 1931 1326 1962 et
1354 1922 1591 1972 Χοσβαΐται
1618 1926 1763 1973 putes,

326 1992 394 2017 eos
434 1978 603 2031 Anglico
635 1992 746 2016 more
780 1980 1055 2030 pronuntiasse
1091 1979 1168 2016 Tm·
1204 1986 1242 2017 et
1271 1979 1376 2024 Bai,
1413 1991 1495 2016 non
1525 1977 1613 2028 Tag
1634 1989 1766 2029 neque

325 2033 429 2086 Bag.
487 2033 755 2072 Nihilominus
780 2040 913 2072 tamen
940 2040 1077 2086 putem
1102 2033 1218 2086 longe
1246 2034 1426 2086 plurimis
1458 2034 1498 2070 in
1525 2030 1622 2070 locis
1650 2045 1686 2082 y
1721 2032 1763 2069 in

327 2096 483 2128 vetusta
509 2090 722 2141 scriptione
738 2103 766 2140 g
787 2088 1033 2140 significare,
1059 2103 1132 2141 pro
1162 2086 1327 2140 φλέγμα
1358 2087 1583 2126 scribebant
1583 2085 1760 2140 fhyma,

324 2144 435 2195 quod
458 2146 528 2196 ipsi
561 2144 720 2196 quidem
745 2150 896 2182 veteres
921 2143 1134 2197 utflegma
1158 2143 1471 2196 pronuntiabant
1490 2171 1501 2192 ,
1524 2142 1764 2180 recentiores

327 2206 477 2249 autem,
503 2201 627 2251 ignari
653 2200 796 2237 veteris
828 2197 1159 2250 orthographiae,
1190 2212 1356 2251 eamque
1384 2212 1429 2236 ex
1455 2198 1565 2235 more
1591 2196 1651 2234 sui
1674 2196 1763 2234 aevi

327 2261 579 2292 aestimantes
597 2283 608 2303 ,
646 2253 752 2292 istud
774 2269 809 2304 y
834 2260 879 2291 ut
905 2254 922 2291 i
952 2255 1290 2305 pronuntiarunt,
1315 2252 1470 2307 fluym.
1527 2251 1592 2289 Sic
1620 2250 1763 2302 Belgae

326 2307 515 2362 phlegma
535 2307 752 2362 appellant.
812 2308 975 2346 Veteres
1003 2322 1075 2360 pro
1108 2308 1289 2361 Lugduno
1321 2306 1534 2345 exarabant
1553 2319 1664 2344 more
1692 2318 1764 2343 suo

328 2363 584 2414 Luydtmum,
613 2363 719 2415 quod
750 2363 946 2401 scribendi
975 2370 1129 2401 tantum
1151 2393 1162 2413 ,
1199 2377 1280 2400 non
1309 2370 1442 2400 autem
1477 2358 1763 2414 pronuntiandi

327 2420 482 2457 ratione
506 2419 648 2458 differt.
705 2418 751 2456 Id
786 2419 900 2456 novis
937 2418 1152 2469 imposuit,
1198 2425 1244 2455 ut
1273 2417 1365 2456 inde
1390 2418 1563 2470 primum
1599 2413 1764 2463 Lzzyden

327 2473 496 2524 (Liiden)
523 2481 562 2512 et
584 2473 726 2511 deinde
757 2473 904 2511 Leiden
935 2472 1147 2511 efficerent.
1206 2472 1286 2510 Pro
1321 2473 1507 2524 estugiam
1538 2468 1765 2510 scribebant

326 2530 537 2578 estuyium,
596 2528 703 2566 unde
741 2534 880 2565 natum
925 2536 1037 2578 etuy,
1086 2527 1225 2575 theca,
1284 2528 1339 2565 sic
1383 2527 1488 2564 dicta
1525 2538 1548 2562 a
1579 2522 1725 2561 stechen
1748 2552 1760 2568 ‚

326 2583 497 2632 abdere3
527 2583 702 2631 Besteck,
734 2583 863 2628 theca,
892 2582 960 2620 ubi
986 2582 1138 2635 aliquid
1170 2582 1345 2620 abditur.
1401 2582 1480 2632 Ipsi
1501 2585 1652 2617 veteres
1673 2577 1762 2616 An-

329 2636 382 2687 gli
399 2637 472 2689 pro
499 2638 574 2683 bor
601 2637 827 2677 scribebant
851 2638 946 2689 hog,·
974 2637 1057 2675 vid.
1085 2638 1152 2674 Du
1189 2637 1323 2689 Cange
1346 2649 1386 2674 v.
1421 2633 1588 2684 Gillzog,
1634 2632 1763 2671 infans

327 2693 626 2743 praestationis,
656 2692 886 2741 solutionis,
931 2705 1005 2743 pro
1041 2705 1122 2744 quo
1158 2699 1265 2729 certa
1301 2698 1416 2737 taxa,
1453 2688 1548 2740 gille
1568 2716 1579 2736 ,
1631 2686 1759 2733 Geld,

330 2745 593 2798 Entgeldung‚
626 2748 743 2786 debet
762 2748 969 2800 praestari.
1003 2746 1081 2786 Sed
1101 2746 1221 2798 satius
1238 2752 1311 2796 est,
1346 2757 1417 2782 nos
1447 2757 1491 2782 ex
1520 2742 1580 2781 his
1607 2749 1762 2796 etymo-
