<?xml version="1.0" encoding="UTF-8"?>
<!DOCTYPE html PUBLIC "-//W3C//DTD XHTML 1.0 Transitional//EN"
    "http://www.w3.org/TR/xhtml1/DTD/xhtml1-transitional.dtd">
<html xmlns="http://www.w3.org/1999/xhtml" xml:lang="en" lang="en">
 <head>
  <title>
</title>
<meta http-equiv="Content-Type" content="text/html;charset=utf-8" />
  <meta name='ocr-system' content='tesseract 3.04.00' />
  <meta name='ocr-capabilities' content='ocr_page ocr_carea ocr_par ocr_line ocrx_word'/>
</head>
<body>
  <div class='ocr_page' id='page_1' title='image "./corpusscriptorum08niebuoft/corpusscriptorum08niebuoft_0623.png"; bbox 0 0 1884 3132; ppageno 0'>
   <div class='ocr_carea' id='block_1_1' title="bbox 188 100 1536 162">
    <p class='ocr_par' dir='ltr' id='par_1_1' title="bbox 188 100 1536 162">
     <span class='ocr_line' id='line_1_1' title="bbox 188 100 1536 162; baseline -0.006 0"><span class='ocrx_word' id='word_1_1' title='bbox 188 119 263 162; x_wconf 77' lang='lat' dir='ltr'>An</span> <span class='ocrx_word' id='word_1_2' title='bbox 305 119 601 161; x_wconf 70' lang='lat' dir='ltr'>coNs&#39;rANr.</span> <span class='ocrx_word' id='word_1_3' title='bbox 638 120 833 160; x_wconf 72' lang='lat' dir='ltr'>ponpa.</span> <span class='ocrx_word' id='word_1_4' title='bbox 870 122 944 159; x_wconf 72' lang='lat' dir='ltr'>nr.</span> <span class='ocrx_word' id='word_1_5' title='bbox 982 119 1164 160; x_wconf 68' lang='lat' dir='ltr'>cmm.</span> <span class='ocrx_word' id='word_1_6' title='bbox 1206 120 1308 158; x_wconf 78' lang='lat' dir='ltr'>Lm.</span> <span class='ocrx_word' id='word_1_7' title='bbox 1335 121 1387 159; x_wconf 86' lang='lat'>11.</span> <span class='ocrx_word' id='word_1_8' title='bbox 1426 100 1536 155; x_wconf 78' lang='lat'>615</span> 
     </span>
    </p>
   </div>
   <div class='ocr_carea' id='block_1_2' title="bbox 109 221 1542 2668">
    <p class='ocr_par' dir='ltr' id='par_1_2' title="bbox 112 221 1542 711">
     <span class='ocr_line' id='line_1_2' title="bbox 115 221 1539 276; baseline 0 -13"><span class='ocrx_word' id='word_1_9' title='bbox 115 222 205 263; x_wconf 87' lang='lat' dir='ltr'>loco</span> <span class='ocrx_word' id='word_1_10' title='bbox 223 229 523 276; x_wconf 77' lang='lat' dir='ltr'>=argumentum‚</span> <span class='ocrx_word' id='word_1_11' title='bbox 553 223 858 261; x_wconf 79' lang='lat' dir='ltr'>Constantinum</span> <span class='ocrx_word' id='word_1_12' title='bbox 876 222 1095 269; x_wconf 86' lang='lat' dir='ltr'>Scniorem,</span> <span class='ocrx_word' id='word_1_13' title='bbox 1126 222 1268 260; x_wconf 81' lang='lat' dir='ltr'>Leonis</span> <span class='ocrx_word' id='word_1_14' title='bbox 1295 221 1437 274; x_wconf 84' lang='lat' dir='ltr'>filium,</span> <span class='ocrx_word' id='word_1_15' title='bbox 1458 237 1539 263; x_wconf 90' lang='lat' dir='ltr'>non</span> 
     </span>
     <span class='ocr_line' id='line_1_3' title="bbox 116 276 1541 326; baseline 0 -10"><span class='ocrx_word' id='word_1_16' title='bbox 116 278 343 326; x_wconf 81' lang='lat' dir='ltr'><strong>Iuniorem,</strong></span> <span class='ocrx_word' id='word_1_17' title='bbox 386 278 582 324; x_wconf 86' lang='lat' dir='ltr'>Romani,</span> <span class='ocrx_word' id='word_1_18' title='bbox 611 284 815 315; x_wconf 79' lang='lat' dir='ltr'>auctorem</span> <span class='ocrx_word' id='word_1_19' title='bbox 843 291 928 315; x_wconf 87' lang='lat' dir='ltr'>esse</span> <span class='ocrx_word' id='word_1_20' title='bbox 955 277 1073 315; x_wconf 87' lang='lat' dir='ltr'>huius</span> <span class='ocrx_word' id='word_1_21' title='bbox 1089 276 1380 317; x_wconf 84' lang='lat' dir='ltr'>Ceremonialis.</span> <span class='ocrx_word' id='word_1_22' title='bbox 1436 278 1541 316; x_wconf 80' lang='lat' dir='ltr'>Nam</span> 
     </span>
     <span class='ocr_line' id='line_1_4' title="bbox 116 331 1542 385; baseline 0.001 -15"><span class='ocrx_word' id='word_1_23' title='bbox 116 331 319 370; x_wconf 84' lang='lat' dir='ltr'>Romanus</span> <span class='ocrx_word' id='word_1_24' title='bbox 345 331 487 372; x_wconf 83' lang='lat' dir='ltr'>Senior</span> <span class='ocrx_word' id='word_1_25' title='bbox 523 331 586 370; x_wconf 85' lang='lat' dir='ltr'>vel</span> <span class='ocrx_word' id='word_1_26' title='bbox 626 333 868 383; x_wconf 78' lang='lat' dir='ltr'>Lecapeuus,</span> <span class='ocrx_word' id='word_1_27' title='bbox 901 339 998 370; x_wconf 81' lang='lat' dir='ltr'>teste</span> <span class='ocrx_word' id='word_1_28' title='bbox 1012 332 1194 370; x_wconf 83' lang='lat' dir='ltr'>Cedreno</span> <span class='ocrx_word' id='word_1_29' title='bbox 1222 346 1259 384; x_wconf 83' lang='lat' dir='ltr'>p.</span> <span class='ocrx_word' id='word_1_30' title='bbox 1289 331 1399 383; x_wconf 62' lang='lat'>644„</span> <span class='ocrx_word' id='word_1_31' title='bbox 1429 332 1542 385; x_wconf 84' lang='lat' dir='ltr'>pala-</span> 
     </span>
     <span class='ocr_line' id='line_1_5' title="bbox 115 386 1542 439; baseline 0.001 -15"><span class='ocrx_word' id='word_1_32' title='bbox 115 388 217 425; x_wconf 85' lang='lat' dir='ltr'>tium</span> <span class='ocrx_word' id='word_1_33' title='bbox 246 400 372 439; x_wconf 86' lang='lat' dir='ltr'>prope</span> <span class='ocrx_word' id='word_1_34' title='bbox 398 387 608 425; x_wconf 82' lang='lat' dir='ltr'><strong>cisternam</strong></span> <span class='ocrx_word' id='word_1_35' title='bbox 649 386 750 424; x_wconf 88' lang='lat' dir='ltr'>Boni</span> <span class='ocrx_word' id='word_1_36' title='bbox 777 393 816 424; x_wconf 92' lang='lat' dir='ltr'>et</span> <span class='ocrx_word' id='word_1_37' title='bbox 843 387 885 424; x_wconf 92' lang='lat' dir='ltr'>in</span> <span class='ocrx_word' id='word_1_38' title='bbox 912 387 1001 424; x_wconf 89' lang='lat' dir='ltr'>vico</span> <span class='ocrx_word' id='word_1_39' title='bbox 1029 387 1129 424; x_wconf 89' lang='lat' dir='ltr'>Boni</span> <span class='ocrx_word' id='word_1_40' title='bbox 1158 389 1377 425; x_wconf 78' lang='lat' dir='ltr'>construxit</span> <span class='ocrx_word' id='word_1_41' title='bbox 1393 416 1404 436; x_wconf 97' lang='lat'>,</span> <span class='ocrx_word' id='word_1_42' title='bbox 1434 387 1542 426; x_wconf 85' lang='lat' dir='ltr'>idem</span> 
     </span>
     <span class='ocr_line' id='line_1_6' title="bbox 114 437 1541 494; baseline 0.001 -15"><span class='ocrx_word' id='word_1_43' title='bbox 114 439 236 490; x_wconf 85' lang='lat' dir='ltr'>illud,</span> <span class='ocrx_word' id='word_1_44' title='bbox 287 439 396 494; x_wconf 86' lang='lat' dir='ltr'>quod</span> <span class='ocrx_word' id='word_1_45' title='bbox 417 440 483 479; x_wconf 83' lang='lat' dir='ltr'>hic</span> <span class='ocrx_word' id='word_1_46' title='bbox 509 439 586 479; x_wconf 87' lang='lat' dir='ltr'>loci</span> <span class='ocrx_word' id='word_1_47' title='bbox 632 454 712 478; x_wconf 92' lang='lat' dir='ltr'>non</span> <span class='ocrx_word' id='word_1_48' title='bbox 741 440 792 478; x_wconf 92' lang='lat' dir='ltr'>ab</span> <span class='ocrx_word' id='word_1_49' title='bbox 819 447 1005 490; x_wconf 88' lang='lat' dir='ltr'>auctore,</span> <span class='ocrx_word' id='word_1_50' title='bbox 1033 440 1101 478; x_wconf 89' lang='lat' dir='ltr'>sed</span> <span class='ocrx_word' id='word_1_51' title='bbox 1129 455 1152 479; x_wconf 88' lang='lat' dir='ltr'>a</span> <span class='ocrx_word' id='word_1_52' title='bbox 1181 437 1324 479; x_wconf 78' lang='lat' dir='ltr'>vicinia</span> <span class='ocrx_word' id='word_1_53' title='bbox 1350 440 1541 494; x_wconf 86' lang='lat' dir='ltr'>palatium</span> 
     </span>
     <span class='ocr_line' id='line_1_7' title="bbox 113 493 1540 548; baseline 0.001 -14"><span class='ocrx_word' id='word_1_54' title='bbox 113 495 215 534; x_wconf 86' lang='lat' dir='ltr'>Boni</span> <span class='ocrx_word' id='word_1_55' title='bbox 240 509 391 535; x_wconf 83' lang='lat' dir='ltr'>novum</span> <span class='ocrx_word' id='word_1_56' title='bbox 417 493 652 548; x_wconf 83' lang='lat' dir='ltr'>appellatur.</span> <span class='ocrx_word' id='word_1_57' title='bbox 683 495 845 533; x_wconf 85' lang='lat' dir='ltr'>Novum</span> <span class='ocrx_word' id='word_1_58' title='bbox 871 509 963 547; x_wconf 84' lang='lat' dir='ltr'>ergo</span> <span class='ocrx_word' id='word_1_59' title='bbox 990 495 1120 547; x_wconf 91' lang='lat' dir='ltr'>potuit</span> <span class='ocrx_word' id='word_1_60' title='bbox 1147 495 1224 533; x_wconf 92' lang='lat' dir='ltr'>dici</span> <span class='ocrx_word' id='word_1_61' title='bbox 1245 495 1320 533; x_wconf 87' lang='lat' dir='ltr'>sub</span> <span class='ocrx_word' id='word_1_62' title='bbox 1343 498 1540 535; x_wconf 71' lang='lat' dir='ltr'>Constan-</span> 
     </span>
     <span class='ocr_line' id='line_1_8' title="bbox 112 549 1538 597; baseline 0.001 -9"><span class='ocrx_word' id='word_1_63' title='bbox 112 550 199 589; x_wconf 88' lang='lat' dir='ltr'>tino</span> <span class='ocrx_word' id='word_1_64' title='bbox 226 550 390 590; x_wconf 85' lang='lat' dir='ltr'>Seniore</span> <span class='ocrx_word' id='word_1_65' title='bbox 411 579 424 597; x_wconf 92' lang='lat'>,</span> <span class='ocrx_word' id='word_1_66' title='bbox 451 556 494 588; x_wconf 84' lang='lat' dir='ltr'>at</span> <span class='ocrx_word' id='word_1_67' title='bbox 517 549 593 588; x_wconf 92' lang='lat' dir='ltr'>sub</span> <span class='ocrx_word' id='word_1_68' title='bbox 610 549 870 588; x_wconf 79' lang='lat' dir='ltr'>Constantino</span> <span class='ocrx_word' id='word_1_69' title='bbox 909 550 1070 588; x_wconf 83' lang='lat' dir='ltr'>Iuniore</span> <span class='ocrx_word' id='word_1_70' title='bbox 1103 551 1182 587; x_wconf 85' lang='lat' dir='ltr'>iam</span> <span class='ocrx_word' id='word_1_71' title='bbox 1210 558 1410 589; x_wconf 82' lang='lat' dir='ltr'>vetustum</span> <span class='ocrx_word' id='word_1_72' title='bbox 1439 550 1538 590; x_wconf 86' lang='lat' dir='ltr'>illud</span> 
     </span>
     <span class='ocr_line' id='line_1_9' title="bbox 114 603 1539 657; baseline 0.002 -15"><span class='ocrx_word' id='word_1_73' title='bbox 114 611 212 644; x_wconf 85' lang='lat' dir='ltr'>erat.</span> <span class='ocrx_word' id='word_1_74' title='bbox 269 603 462 654; x_wconf 84' lang='lat' dir='ltr'><strong>Accedit,</strong></span> <span class='ocrx_word' id='word_1_75' title='bbox 491 604 601 657; x_wconf 90' lang='lat' dir='ltr'>quod</span> <span class='ocrx_word' id='word_1_76' title='bbox 627 604 749 656; x_wconf 90' lang='lat' dir='ltr'>paulo</span> <span class='ocrx_word' id='word_1_77' title='bbox 794 611 883 657; x_wconf 86' lang='lat' dir='ltr'>post</span> <span class='ocrx_word' id='word_1_78' title='bbox 918 604 1062 642; x_wconf 86' lang='lat' dir='ltr'>Leonis</span> <span class='ocrx_word' id='word_1_79' title='bbox 1106 604 1302 656; x_wconf 85' lang='lat' dir='ltr'>Sapientis</span> <span class='ocrx_word' id='word_1_80' title='bbox 1340 613 1379 644; x_wconf 91' lang='lat' dir='ltr'>et</span> <span class='ocrx_word' id='word_1_81' title='bbox 1405 605 1539 645; x_wconf 86' lang='lat' dir='ltr'>Basilii</span> 
     </span>
     <span class='ocr_line' id='line_1_10' title="bbox 113 658 1279 711; baseline -0.001 -14"><span class='ocrx_word' id='word_1_82' title='bbox 113 658 343 698; x_wconf 80' lang='lat' dir='ltr'>Macedouis</span> <span class='ocrx_word' id='word_1_83' title='bbox 367 658 548 711; x_wconf 88' lang='lat' dir='ltr'>sepulcra</span> <span class='ocrx_word' id='word_1_84' title='bbox 563 687 574 706; x_wconf 91' lang='lat'>,</span> <span class='ocrx_word' id='word_1_85' title='bbox 605 672 686 697; x_wconf 92' lang='lat' dir='ltr'>non</span> <span class='ocrx_word' id='word_1_86' title='bbox 714 659 934 697; x_wconf 78' lang='lat' dir='ltr'>recentiora</span> <span class='ocrx_word' id='word_1_87' title='bbox 953 687 964 708; x_wconf 97' lang='lat'>,</span> <span class='ocrx_word' id='word_1_88' title='bbox 994 666 1279 697; x_wconf 74' lang='lat' dir='ltr'>memorantur.</span> 
     </span>
    </p>

    <p class='ocr_par' dir='ltr' id='par_1_3' title="bbox 113 712 1540 931">
     <span class='ocr_line' id='line_1_11' title="bbox 222 712 1539 767; baseline 0.001 -15"><span class='ocrx_word' id='word_1_89' title='bbox 222 713 268 752; x_wconf 93' lang='lat' dir='ltr'>B.</span> <span class='ocrx_word' id='word_1_90' title='bbox 287 728 328 767; x_wconf 89' lang='lat'>9.</span> <span class='ocrx_word' id='word_1_91' title='bbox 347 712 464 767; x_wconf 74' lang='lat'>[532,</span> <span class='ocrx_word' id='word_1_92' title='bbox 490 712 573 767; x_wconf 91' lang='lat' dir='ltr'>1o.]</span> <span class='ocrx_word' id='word_1_93' title='bbox 604 714 838 766; x_wconf 71' lang='grc' dir='ltr'><em>παραμονῇ.</em></span> <span class='ocrx_word' id='word_1_94' title='bbox 895 713 960 751; x_wconf 91' lang='lat' dir='ltr'>Sic</span> <span class='ocrx_word' id='word_1_95' title='bbox 992 714 1120 752; x_wconf 88' lang='lat' dir='ltr'>dictus</span> <span class='ocrx_word' id='word_1_96' title='bbox 1148 714 1222 751; x_wconf 85' lang='lat' dir='ltr'>fuit</span> <span class='ocrx_word' id='word_1_97' title='bbox 1251 714 1334 751; x_wconf 89' lang='lat' dir='ltr'>dies</span> <span class='ocrx_word' id='word_1_98' title='bbox 1363 713 1539 765; x_wconf 82' lang='lat' dir='ltr'>proxime</span> 
     </span>
     <span class='ocr_line' id='line_1_12' title="bbox 114 767 1540 820; baseline 0.001 -14"><span class='ocrx_word' id='word_1_99' title='bbox 114 767 257 807; x_wconf 83' lang='lat' dir='ltr'>festum</span> <span class='ocrx_word' id='word_1_100' title='bbox 282 769 544 817; x_wconf 82' lang='lat' dir='ltr'>antecedens,</span> <span class='ocrx_word' id='word_1_101' title='bbox 582 768 675 820; x_wconf 84' lang='lat' dir='ltr'>quia</span> <span class='ocrx_word' id='word_1_102' title='bbox 702 768 836 806; x_wconf 83' lang='lat' dir='ltr'>fideles</span> <span class='ocrx_word' id='word_1_103' title='bbox 877 782 924 806; x_wconf 91' lang='lat' dir='ltr'>eo</span> <span class='ocrx_word' id='word_1_104' title='bbox 953 767 1166 806; x_wconf 79' lang='lat' dir='ltr'>inclinante</span> <span class='ocrx_word' id='word_1_105' title='bbox 1193 770 1234 805; x_wconf 90' lang='lat' dir='ltr'>in</span> <span class='ocrx_word' id='word_1_106' title='bbox 1267 781 1395 806; x_wconf 86' lang='lat' dir='ltr'>sacras</span> <span class='ocrx_word' id='word_1_107' title='bbox 1423 769 1540 807; x_wconf 85' lang='lat' dir='ltr'>aedes</span> 
     </span>
     <span class='ocr_line' id='line_1_13' title="bbox 113 821 1539 873; baseline 0.001 -12"><span class='ocrx_word' id='word_1_108' title='bbox 113 822 402 862; x_wconf 77' lang='lat' dir='ltr'>conveniebant</span> <span class='ocrx_word' id='word_1_109' title='bbox 448 829 488 861; x_wconf 84' lang='lat' dir='ltr'>et</span> <span class='ocrx_word' id='word_1_110' title='bbox 525 829 610 861; x_wconf 88' lang='lat' dir='ltr'>tota</span> <span class='ocrx_word' id='word_1_111' title='bbox 642 830 759 861; x_wconf 87' lang='lat' dir='ltr'>nocte</span> <span class='ocrx_word' id='word_1_112' title='bbox 786 823 840 860; x_wconf 90' lang='lat' dir='ltr'>ibi</span> <span class='ocrx_word' id='word_1_113' title='bbox 869 821 1119 873; x_wconf 73' lang='grc' dir='ltr'><em>παρέμενον,</em></span> <span class='ocrx_word' id='word_1_114' title='bbox 1147 823 1376 870; x_wconf 76' lang='lat' dir='ltr'>manebant,</span> <span class='ocrx_word' id='word_1_115' title='bbox 1409 822 1450 860; x_wconf 91' lang='lat' dir='ltr'>id</span> <span class='ocrx_word' id='word_1_116' title='bbox 1479 831 1539 862; x_wconf 89' lang='lat' dir='ltr'>est</span> 
     </span>
     <span class='ocr_line' id='line_1_14' title="bbox 115 877 1066 931; baseline -0.001 -15"><span class='ocrx_word' id='word_1_117' title='bbox 115 877 333 930; x_wconf 83' lang='lat' dir='ltr'>vigilabant</span> <span class='ocrx_word' id='word_1_118' title='bbox 358 884 398 916; x_wconf 87' lang='lat' dir='ltr'>et</span> <span class='ocrx_word' id='word_1_119' title='bbox 424 877 700 931; x_wconf 79' lang='lat' dir='ltr'>exspectabant</span> <span class='ocrx_word' id='word_1_120' title='bbox 725 877 938 916; x_wconf 89' lang='lat' dir='ltr'>adventum</span> <span class='ocrx_word' id='word_1_121' title='bbox 964 877 1066 915; x_wconf 87' lang='lat' dir='ltr'>sesti.</span> 
     </span>
    </p>

    <p class='ocr_par' dir='ltr' id='par_1_4' title="bbox 109 927 1538 1529">
     <span class='ocr_line' id='line_1_15' title="bbox 220 927 1538 986; baseline -0.001 -15"><span class='ocrx_word' id='word_1_122' title='bbox 220 933 268 970; x_wconf 92' lang='lat' dir='ltr'>B.</span> <span class='ocrx_word' id='word_1_123' title='bbox 294 945 354 971; x_wconf 79' lang='grc' dir='ltr'>ιο.</span> <span class='ocrx_word' id='word_1_124' title='bbox 377 931 496 986; x_wconf 80' lang='lat'>[532,</span> <span class='ocrx_word' id='word_1_125' title='bbox 517 931 603 985; x_wconf 56' lang='grc' dir='ltr'>πμ]</span> <span class='ocrx_word' id='word_1_126' title='bbox 642 930 742 978; x_wconf 80' lang='grc' dir='ltr'>τούς</span> <span class='ocrx_word' id='word_1_127' title='bbox 769 929 911 982; x_wconf 79' lang='grc' dir='ltr'><em>ἁγίους</em></span> <span class='ocrx_word' id='word_1_128' title='bbox 937 927 1158 983; x_wconf 76' lang='grc' dir='ltr'><strong><em>σταυρούς.</em></strong></span> <span class='ocrx_word' id='word_1_129' title='bbox 1213 931 1303 970; x_wconf 81' lang='lat' dir='ltr'>Non</span> <span class='ocrx_word' id='word_1_130' title='bbox 1333 931 1382 970; x_wconf 88' lang='lat' dir='ltr'>de</span> <span class='ocrx_word' id='word_1_131' title='bbox 1409 931 1538 971; x_wconf 85' lang='lat' dir='ltr'>cruci-</span> 
     </span>
     <span class='ocr_line' id='line_1_16' title="bbox 111 985 1538 1040; baseline 0.001 -16"><span class='ocrx_word' id='word_1_132' title='bbox 111 985 188 1025; x_wconf 78' lang='lat' dir='ltr'>bus</span> <span class='ocrx_word' id='word_1_133' title='bbox 213 986 293 1026; x_wconf 89' lang='lat' dir='ltr'>illis</span> <span class='ocrx_word' id='word_1_134' title='bbox 322 987 502 1040; x_wconf 82' lang='lat' dir='ltr'>magnis,</span> <span class='ocrx_word' id='word_1_135' title='bbox 542 986 847 1039; x_wconf 84' lang='lat' dir='ltr'>spectabilibus,</span> <span class='ocrx_word' id='word_1_136' title='bbox 886 987 1066 1039; x_wconf 86' lang='lat' dir='ltr'>pretiosis</span> <span class='ocrx_word' id='word_1_137' title='bbox 1093 993 1132 1024; x_wconf 91' lang='lat' dir='ltr'>et</span> <span class='ocrx_word' id='word_1_138' title='bbox 1159 986 1343 1039; x_wconf 83' lang='lat' dir='ltr'>insignita</span> <span class='ocrx_word' id='word_1_139' title='bbox 1372 1001 1538 1025; x_wconf 85' lang='lat' dir='ltr'>venera-</span> 
     </span>
     <span class='ocr_line' id='line_1_17' title="bbox 111 1040 1537 1095; baseline 0 -15"><span class='ocrx_word' id='word_1_140' title='bbox 111 1042 221 1080; x_wconf 82' lang='lat' dir='ltr'>tione</span> <span class='ocrx_word' id='word_1_141' title='bbox 248 1040 343 1080; x_wconf 83' lang='lat' dir='ltr'>olim</span> <span class='ocrx_word' id='word_1_142' title='bbox 374 1041 493 1080; x_wconf 81' lang='lat' dir='ltr'>cultis</span> <span class='ocrx_word' id='word_1_143' title='bbox 508 1072 520 1089; x_wconf 88' lang='lat'>,</span> <span class='ocrx_word' id='word_1_144' title='bbox 549 1055 652 1095; x_wconf 73' lang='lat' dir='ltr'>quae</span> <span class='ocrx_word' id='word_1_145' title='bbox 678 1041 922 1080; x_wconf 87' lang='lat' dir='ltr'>circumferri</span> <span class='ocrx_word' id='word_1_146' title='bbox 948 1055 1018 1093; x_wconf 91' lang='lat' dir='ltr'>per</span> <span class='ocrx_word' id='word_1_147' title='bbox 1038 1040 1180 1079; x_wconf 80' lang='lat' dir='ltr'>urbem</span> <span class='ocrx_word' id='word_1_148' title='bbox 1206 1040 1400 1079; x_wconf 88' lang='lat' dir='ltr'>lustrandi</span> <span class='ocrx_word' id='word_1_149' title='bbox 1419 1055 1537 1080; x_wconf 85' lang='lat' dir='ltr'>causa</span> 
     </span>
     <span class='ocr_line' id='line_1_18' title="bbox 110 1095 1538 1149; baseline 0 -15"><span class='ocrx_word' id='word_1_150' title='bbox 110 1095 291 1146; x_wconf 63' lang='lat' dir='ltr'>solebant</span> <span class='ocrx_word' id='word_1_151' title='bbox 317 1103 358 1135; x_wconf 87' lang='lat' dir='ltr'>et</span> <span class='ocrx_word' id='word_1_152' title='bbox 384 1097 426 1134; x_wconf 89' lang='lat' dir='ltr'>in</span> <span class='ocrx_word' id='word_1_153' title='bbox 454 1095 601 1149; x_wconf 90' lang='lat' dir='ltr'>quibus</span> <span class='ocrx_word' id='word_1_154' title='bbox 627 1110 720 1134; x_wconf 77' lang='lat' dir='ltr'>vera</span> <span class='ocrx_word' id='word_1_155' title='bbox 746 1110 841 1134; x_wconf 84' lang='lat' dir='ltr'>crux</span> <span class='ocrx_word' id='word_1_156' title='bbox 861 1095 1080 1134; x_wconf 86' lang='lat' dir='ltr'>iactabatur</span> <span class='ocrx_word' id='word_1_157' title='bbox 1107 1109 1206 1144; x_wconf 87' lang='lat' dir='ltr'>esse,</span> <span class='ocrx_word' id='word_1_158' title='bbox 1234 1096 1302 1134; x_wconf 92' lang='lat' dir='ltr'>sed</span> <span class='ocrx_word' id='word_1_159' title='bbox 1331 1096 1380 1134; x_wconf 91' lang='lat' dir='ltr'>de</span> <span class='ocrx_word' id='word_1_160' title='bbox 1407 1097 1538 1134; x_wconf 88' lang='lat' dir='ltr'>cruci-</span> 
     </span>
     <span class='ocr_line' id='line_1_19' title="bbox 111 1149 1534 1203; baseline 0.001 -15"><span class='ocrx_word' id='word_1_161' title='bbox 111 1150 188 1188; x_wconf 88' lang='lat' dir='ltr'>bus</span> <span class='ocrx_word' id='word_1_162' title='bbox 221 1150 405 1190; x_wconf 89' lang='lat' dir='ltr'>ecclesiae</span> <span class='ocrx_word' id='word_1_163' title='bbox 445 1151 582 1203; x_wconf 86' lang='lat' dir='ltr'>palatii</span> <span class='ocrx_word' id='word_1_164' title='bbox 619 1151 717 1189; x_wconf 91' lang='lat' dir='ltr'>Boni</span> <span class='ocrx_word' id='word_1_165' title='bbox 754 1151 921 1203; x_wconf 78' lang='lat' dir='ltr'>propriis</span> <span class='ocrx_word' id='word_1_166' title='bbox 959 1149 1259 1203; x_wconf 81' lang='lat' dir='ltr'>intelligendum</span> <span class='ocrx_word' id='word_1_167' title='bbox 1297 1164 1380 1189; x_wconf 90' lang='lat' dir='ltr'>esse</span> <span class='ocrx_word' id='word_1_168' title='bbox 1419 1157 1534 1203; x_wconf 87' lang='lat' dir='ltr'>puto.</span> 
     </span>
     <span class='ocr_line' id='line_1_20' title="bbox 111 1203 1536 1258; baseline 0.001 -16"><span class='ocrx_word' id='word_1_169' title='bbox 111 1203 217 1243; x_wconf 88' lang='lat' dir='ltr'>Nam</span> <span class='ocrx_word' id='word_1_170' title='bbox 239 1206 337 1244; x_wconf 86' lang='lat' dir='ltr'>istae</span> <span class='ocrx_word' id='word_1_171' title='bbox 361 1219 482 1258; x_wconf 82' lang='lat' dir='ltr'>supra</span> <span class='ocrx_word' id='word_1_172' title='bbox 510 1206 638 1244; x_wconf 87' lang='lat' dir='ltr'>dictae</span> <span class='ocrx_word' id='word_1_173' title='bbox 665 1203 970 1258; x_wconf 83' lang='lat' dir='ltr'>processionales</span> <span class='ocrx_word' id='word_1_174' title='bbox 997 1218 1134 1243; x_wconf 86' lang='lat' dir='ltr'>cruces</span> <span class='ocrx_word' id='word_1_175' title='bbox 1162 1206 1330 1243; x_wconf 82' lang='lat' dir='ltr'>maiores</span> <span class='ocrx_word' id='word_1_176' title='bbox 1358 1219 1536 1244; x_wconf 89' lang='lat' dir='ltr'>asserva-</span> 
     </span>
     <span class='ocr_line' id='line_1_21' title="bbox 109 1258 1534 1312; baseline 0.001 -16"><span class='ocrx_word' id='word_1_177' title='bbox 109 1258 259 1298; x_wconf 82' lang='lat' dir='ltr'>bantur</span> <span class='ocrx_word' id='word_1_178' title='bbox 294 1263 337 1298; x_wconf 88' lang='lat' dir='ltr'>in</span> <span class='ocrx_word' id='word_1_179' title='bbox 375 1260 538 1299; x_wconf 87' lang='lat' dir='ltr'>ecclesia</span> <span class='ocrx_word' id='word_1_180' title='bbox 572 1259 745 1312; x_wconf 87' lang='lat' dir='ltr'>palatina</span> <span class='ocrx_word' id='word_1_181' title='bbox 781 1261 975 1312; x_wconf 88' lang='lat' dir='ltr'>Deiparae</span> <span class='ocrx_word' id='word_1_182' title='bbox 1015 1259 1152 1297; x_wconf 88' lang='lat' dir='ltr'>Phari.</span> <span class='ocrx_word' id='word_1_183' title='bbox 1212 1259 1358 1298; x_wconf 82' lang='lat' dir='ltr'>Obstat</span> <span class='ocrx_word' id='word_1_184' title='bbox 1383 1267 1534 1310; x_wconf 86' lang='lat' dir='ltr'>tamen,</span> 
     </span>
     <span class='ocr_line' id='line_1_22' title="bbox 114 1313 1536 1366; baseline 0.001 -16"><span class='ocrx_word' id='word_1_185' title='bbox 114 1313 223 1366; x_wconf 87' lang='lat' dir='ltr'>quod</span> <span class='ocrx_word' id='word_1_186' title='bbox 258 1327 299 1366; x_wconf 88' lang='lat' dir='ltr'>p.</span> <span class='ocrx_word' id='word_1_187' title='bbox 331 1313 424 1353; x_wconf 81' lang='lat'>308.</span> <span class='ocrx_word' id='word_1_188' title='bbox 461 1315 514 1352; x_wconf 93' lang='lat' dir='ltr'>D.</span> <span class='ocrx_word' id='word_1_189' title='bbox 553 1314 592 1365; x_wconf 72' lang='grc'>4.</span> <span class='ocrx_word' id='word_1_190' title='bbox 625 1315 771 1353; x_wconf 89' lang='lat' dir='ltr'>dicitur</span> <span class='ocrx_word' id='word_1_191' title='bbox 798 1328 939 1366; x_wconf 86' lang='lat' dir='ltr'>magna</span> <span class='ocrx_word' id='word_1_192' title='bbox 969 1314 1216 1352; x_wconf 82' lang='lat' dir='ltr'>Constantini</span> <span class='ocrx_word' id='word_1_193' title='bbox 1246 1328 1368 1363; x_wconf 82' lang='lat' dir='ltr'>crux,</span> <span class='ocrx_word' id='word_1_194' title='bbox 1407 1314 1449 1351; x_wconf 91' lang='lat' dir='ltr'>id</span> <span class='ocrx_word' id='word_1_195' title='bbox 1476 1323 1536 1353; x_wconf 89' lang='lat' dir='ltr'>est</span> 
     </span>
     <span class='ocr_line' id='line_1_23' title="bbox 110 1366 1534 1421; baseline 0.001 -16"><span class='ocrx_word' id='word_1_196' title='bbox 110 1366 208 1418; x_wconf 78' lang='lat' dir='ltr'>illa,</span> <span class='ocrx_word' id='word_1_197' title='bbox 239 1382 360 1421; x_wconf 87' lang='lat' dir='ltr'>quam</span> <span class='ocrx_word' id='word_1_198' title='bbox 388 1368 553 1418; x_wconf 84' lang='lat' dir='ltr'>Helena,</span> <span class='ocrx_word' id='word_1_199' title='bbox 582 1377 709 1407; x_wconf 88' lang='lat' dir='ltr'>mater</span> <span class='ocrx_word' id='word_1_200' title='bbox 737 1369 834 1418; x_wconf 89' lang='lat' dir='ltr'>eius,</span> <span class='ocrx_word' id='word_1_201' title='bbox 862 1369 1029 1418; x_wconf 88' lang='lat' dir='ltr'>invenit,</span> <span class='ocrx_word' id='word_1_202' title='bbox 1060 1375 1128 1406; x_wconf 85' lang='lat' dir='ltr'>aut</span> <span class='ocrx_word' id='word_1_203' title='bbox 1154 1381 1246 1406; x_wconf 83' lang='lat' dir='ltr'>sane</span> <span class='ocrx_word' id='word_1_204' title='bbox 1276 1367 1369 1414; x_wconf 80' lang='lat' dir='ltr'>illa,</span> <span class='ocrx_word' id='word_1_205' title='bbox 1414 1383 1534 1420; x_wconf 86' lang='lat' dir='ltr'>quam</span> 
     </span>
     <span class='ocr_line' id='line_1_24' title="bbox 114 1422 1535 1472; baseline 0.001 -12"><span class='ocrx_word' id='word_1_206' title='bbox 114 1422 224 1460; x_wconf 83' lang='lat' dir='ltr'>iuxta</span> <span class='ocrx_word' id='word_1_207' title='bbox 259 1423 452 1461; x_wconf 88' lang='lat' dir='ltr'>visionem</span> <span class='ocrx_word' id='word_1_208' title='bbox 493 1424 621 1462; x_wconf 87' lang='lat' dir='ltr'>crucis</span> <span class='ocrx_word' id='word_1_209' title='bbox 658 1422 837 1462; x_wconf 85' lang='lat' dir='ltr'>coelestis</span> <span class='ocrx_word' id='word_1_210' title='bbox 864 1422 1062 1460; x_wconf 83' lang='lat' dir='ltr'>fabrefieri</span> <span class='ocrx_word' id='word_1_211' title='bbox 1088 1429 1322 1472; x_wconf 84' lang='lat' dir='ltr'>curaverat,</span> <span class='ocrx_word' id='word_1_212' title='bbox 1368 1423 1409 1459; x_wconf 89' lang='lat' dir='ltr'>in</span> <span class='ocrx_word' id='word_1_213' title='bbox 1438 1423 1535 1461; x_wconf 88' lang='lat' dir='ltr'>aede</span> 
     </span>
     <span class='ocr_line' id='line_1_25' title="bbox 111 1474 565 1529; baseline 0.002 -15"><span class='ocrx_word' id='word_1_214' title='bbox 111 1474 247 1529; x_wconf 86' lang='lat' dir='ltr'>palatii</span> <span class='ocrx_word' id='word_1_215' title='bbox 272 1477 374 1515; x_wconf 90' lang='lat' dir='ltr'>Boni</span> <span class='ocrx_word' id='word_1_216' title='bbox 401 1477 565 1515; x_wconf 88' lang='lat' dir='ltr'>stetisse.</span> 
     </span>
    </p>

    <p class='ocr_par' dir='ltr' id='par_1_5' title="bbox 110 1527 1534 2668">
     <span class='ocr_line' id='line_1_26' title="bbox 221 1527 1533 1584; baseline -0.001 -15"><span class='ocrx_word' id='word_1_217' title='bbox 221 1530 268 1569; x_wconf 93' lang='lat' dir='ltr'>C.</span> <span class='ocrx_word' id='word_1_218' title='bbox 292 1530 332 1582; x_wconf 74' lang='grc'>4.</span> <span class='ocrx_word' id='word_1_219' title='bbox 353 1530 471 1584; x_wconf 81' lang='lat'><strong>[532‚</strong></span> <span class='ocrx_word' id='word_1_220' title='bbox 498 1530 578 1584; x_wconf 83' lang='lat'>16.]</span> <span class='ocrx_word' id='word_1_221' title='bbox 607 1527 838 1584; x_wconf 75' lang='grc' dir='ltr'><em>ξηᾳοκήπιν,</em></span> <span class='ocrx_word' id='word_1_222' title='bbox 869 1531 960 1570; x_wconf 89' lang='lat' dir='ltr'>Non</span> <span class='ocrx_word' id='word_1_223' title='bbox 989 1530 1173 1584; x_wconf 86' lang='lat' dir='ltr'>ignobilis</span> <span class='ocrx_word' id='word_1_224' title='bbox 1201 1531 1242 1568; x_wconf 87' lang='lat' dir='ltr'>in</span> <span class='ocrx_word' id='word_1_225' title='bbox 1270 1530 1434 1568; x_wconf 84' lang='lat' dir='ltr'>historia</span> <span class='ocrx_word' id='word_1_226' title='bbox 1453 1532 1533 1584; x_wconf 86' lang='lat' dir='ltr'>By-</span> 
     </span>
     <span class='ocr_line' id='line_1_27' title="bbox 113 1584 1533 1638; baseline -0.001 -14"><span class='ocrx_word' id='word_1_227' title='bbox 113 1585 270 1624; x_wconf 89' lang='lat' dir='ltr'>zantina</span> <span class='ocrx_word' id='word_1_228' title='bbox 299 1584 408 1624; x_wconf 88' lang='lat' dir='ltr'>locus</span> <span class='ocrx_word' id='word_1_229' title='bbox 427 1616 438 1634; x_wconf 89' lang='lat'>,</span> <span class='ocrx_word' id='word_1_230' title='bbox 469 1586 519 1624; x_wconf 87' lang='lat' dir='ltr'>de</span> <span class='ocrx_word' id='word_1_231' title='bbox 546 1588 659 1625; x_wconf 91' lang='lat' dir='ltr'>cuius</span> <span class='ocrx_word' id='word_1_232' title='bbox 689 1587 763 1625; x_wconf 88' lang='lat' dir='ltr'>situ</span> <span class='ocrx_word' id='word_1_233' title='bbox 795 1585 961 1638; x_wconf 86' lang='lat' dir='ltr'>satisque</span> <span class='ocrx_word' id='word_1_234' title='bbox 987 1599 1103 1638; x_wconf 84' lang='lat' dir='ltr'>agere</span> <span class='ocrx_word' id='word_1_235' title='bbox 1130 1587 1208 1623; x_wconf 91' lang='lat' dir='ltr'>mei</span> <span class='ocrx_word' id='word_1_236' title='bbox 1235 1599 1316 1623; x_wconf 92' lang='lat' dir='ltr'>non</span> <span class='ocrx_word' id='word_1_237' title='bbox 1336 1592 1393 1623; x_wconf 90' lang='lat' dir='ltr'>est</span> <span class='ocrx_word' id='word_1_238' title='bbox 1421 1586 1533 1624; x_wconf 87' lang='lat' dir='ltr'>insti-</span> 
     </span>
     <span class='ocr_line' id='line_1_28' title="bbox 111 1639 1534 1693; baseline 0 -15"><span class='ocrx_word' id='word_1_239' title='bbox 111 1647 205 1678; x_wconf 76' lang='lat' dir='ltr'>tun.</span> <span class='ocrx_word' id='word_1_240' title='bbox 261 1640 436 1679; x_wconf 82' lang='lat' dir='ltr'>Tantum</span> <span class='ocrx_word' id='word_1_241' title='bbox 456 1641 650 1679; x_wconf 86' lang='lat' dir='ltr'>rationem</span> <span class='ocrx_word' id='word_1_242' title='bbox 679 1639 953 1693; x_wconf 86' lang='lat' dir='ltr'>appellationis</span> <span class='ocrx_word' id='word_1_243' title='bbox 979 1640 1144 1678; x_wconf 84' lang='lat' dir='ltr'>reddere</span> <span class='ocrx_word' id='word_1_244' title='bbox 1170 1640 1325 1677; x_wconf 86' lang='lat' dir='ltr'>animus</span> <span class='ocrx_word' id='word_1_245' title='bbox 1342 1646 1414 1677; x_wconf 88' lang='lat' dir='ltr'>est.</span> <span class='ocrx_word' id='word_1_246' title='bbox 1445 1640 1534 1678; x_wconf 86' lang='lat' dir='ltr'>Sci-</span> 
     </span>
     <span class='ocr_line' id='line_1_29' title="bbox 110 1691 1533 1746; baseline -0.001 -13"><span class='ocrx_word' id='word_1_247' title='bbox 110 1694 205 1734; x_wconf 84' lang='lat' dir='ltr'>licet</span> <span class='ocrx_word' id='word_1_248' title='bbox 231 1691 475 1746; x_wconf 76' lang='grc' dir='ltr'><em>ξηροκήπιον</em></span> <span class='ocrx_word' id='word_1_249' title='bbox 505 1703 617 1733; x_wconf 88' lang='lat' dir='ltr'>notat</span> <span class='ocrx_word' id='word_1_250' title='bbox 643 1697 793 1734; x_wconf 78' lang='lat' dir='ltr'>hortum</span> <span class='ocrx_word' id='word_1_251' title='bbox 827 1695 970 1733; x_wconf 75' lang='lat' dir='ltr'>nadwn</span> <span class='ocrx_word' id='word_1_252' title='bbox 988 1723 1000 1743; x_wconf 91' lang='lat'>,</span> <span class='ocrx_word' id='word_1_253' title='bbox 1041 1694 1188 1746; x_wconf 86' lang='lat' dir='ltr'>absque</span> <span class='ocrx_word' id='word_1_254' title='bbox 1214 1693 1359 1745; x_wconf 88' lang='lat' dir='ltr'>palatio</span> <span class='ocrx_word' id='word_1_255' title='bbox 1392 1708 1533 1746; x_wconf 88' lang='lat' dir='ltr'>nempe</span> 
     </span>
     <span class='ocr_line' id='line_1_30' title="bbox 110 1748 1532 1803; baseline 0 -16"><span class='ocrx_word' id='word_1_256' title='bbox 110 1748 288 1787; x_wconf 84' lang='lat' dir='ltr'>hortensi</span> <span class='ocrx_word' id='word_1_257' title='bbox 315 1756 386 1787; x_wconf 91' lang='lat' dir='ltr'>aut</span> <span class='ocrx_word' id='word_1_258' title='bbox 417 1749 672 1799; x_wconf 85' lang='lat' dir='ltr'>suburbano,</span> <span class='ocrx_word' id='word_1_259' title='bbox 702 1763 803 1803; x_wconf 85' lang='lat' dir='ltr'>quae</span> <span class='ocrx_word' id='word_1_260' title='bbox 828 1749 925 1787; x_wconf 85' lang='lat' dir='ltr'>alias</span> <span class='ocrx_word' id='word_1_261' title='bbox 950 1749 1085 1787; x_wconf 88' lang='lat' dir='ltr'>adesse</span> <span class='ocrx_word' id='word_1_262' title='bbox 1111 1748 1238 1786; x_wconf 89' lang='lat' dir='ltr'>hortis</span> <span class='ocrx_word' id='word_1_263' title='bbox 1266 1748 1532 1800; x_wconf 88' lang='lat' dir='ltr'>imperialibus</span> 
     </span>
     <span class='ocr_line' id='line_1_31' title="bbox 113 1798 1532 1855; baseline -0.001 -13"><span class='ocrx_word' id='word_1_264' title='bbox 113 1801 307 1842; x_wconf 83' lang='lat' dir='ltr'>solebant.</span> <span class='ocrx_word' id='word_1_265' title='bbox 362 1798 503 1855; x_wconf 73' lang='grc' dir='ltr'><em>Ξηρὸν</em></span> <span class='ocrx_word' id='word_1_266' title='bbox 534 1805 695 1843; x_wconf 85' lang='lat' dir='ltr'>Graecis</span> <span class='ocrx_word' id='word_1_267' title='bbox 725 1804 766 1842; x_wconf 95' lang='lat' dir='ltr'>id</span> <span class='ocrx_word' id='word_1_268' title='bbox 794 1810 905 1842; x_wconf 86' lang='lat' dir='ltr'>notat</span> <span class='ocrx_word' id='word_1_269' title='bbox 921 1833 932 1850; x_wconf 92' lang='lat'>‚</span> <span class='ocrx_word' id='word_1_270' title='bbox 963 1803 1072 1855; x_wconf 90' lang='lat' dir='ltr'>quod</span> <span class='ocrx_word' id='word_1_271' title='bbox 1098 1803 1338 1841; x_wconf 85' lang='lat' dir='ltr'>nostratibus</span> <span class='ocrx_word' id='word_1_272' title='bbox 1364 1803 1532 1841; x_wconf 77' lang='lat' dir='ltr'>drzoeken</span> 
     </span>
     <span class='ocr_line' id='line_1_32' title="bbox 113 1856 1533 1912; baseline -0.001 -16"><span class='ocrx_word' id='word_1_273' title='bbox 113 1858 154 1896; x_wconf 90' lang='lat' dir='ltr'>in</span> <span class='ocrx_word' id='word_1_274' title='bbox 181 1857 354 1896; x_wconf 81' lang='lat' dir='ltr'>dictione</span> <span class='ocrx_word' id='word_1_275' title='bbox 378 1858 546 1896; x_wconf 64' lang='lat' dir='ltr'>druch-en</span> <span class='ocrx_word' id='word_1_276' title='bbox 569 1859 724 1908; x_wconf 80' lang='lat' dir='ltr'>Brodt,</span> <span class='ocrx_word' id='word_1_277' title='bbox 742 1859 862 1912; x_wconf 74' lang='lat' dir='ltr'>panis</span> <span class='ocrx_word' id='word_1_278' title='bbox 887 1859 1029 1907; x_wconf 76' lang='lat' dir='ltr'>siccus,</span> <span class='ocrx_word' id='word_1_279' title='bbox 1064 1856 1212 1909; x_wconf 83' lang='lat' dir='ltr'>absque</span> <span class='ocrx_word' id='word_1_280' title='bbox 1239 1856 1406 1895; x_wconf 91' lang='lat' dir='ltr'>obsonio</span> <span class='ocrx_word' id='word_1_281' title='bbox 1434 1871 1533 1909; x_wconf 78' lang='lat' dir='ltr'>quo—</span> 
     </span>
     <span class='ocr_line' id='line_1_33' title="bbox 112 1911 1529 1964; baseline 0 -15"><span class='ocrx_word' id='word_1_282' title='bbox 112 1923 267 1963; x_wconf 91' lang='lat' dir='ltr'>cunque</span> <span class='ocrx_word' id='word_1_283' title='bbox 304 1912 480 1950; x_wconf 87' lang='lat' dir='ltr'>tandem.</span> <span class='ocrx_word' id='word_1_284' title='bbox 539 1913 601 1951; x_wconf 86' lang='lat' dir='ltr'>lta</span> <span class='ocrx_word' id='word_1_285' title='bbox 636 1913 752 1964; x_wconf 73' lang='grc' dir='ltr'><em>ξηροὶ</em></span> <span class='ocrx_word' id='word_1_286' title='bbox 788 1911 900 1950; x_wconf 73' lang='grc' dir='ltr'><strong><em>λίθοι</em></strong></span> <span class='ocrx_word' id='word_1_287' title='bbox 928 1919 1021 1950; x_wconf 88' lang='lat' dir='ltr'>sunt</span> <span class='ocrx_word' id='word_1_288' title='bbox 1046 1912 1180 1961; x_wconf 80' lang='lat' dir='ltr'>rudia,</span> <span class='ocrx_word' id='word_1_289' title='bbox 1207 1913 1372 1963; x_wconf 79' lang='lat' dir='ltr'>agrestia</span> <span class='ocrx_word' id='word_1_290' title='bbox 1399 1925 1503 1950; x_wconf 74' lang='lat' dir='ltr'>saxa</span> <span class='ocrx_word' id='word_1_291' title='bbox 1518 1941 1529 1961; x_wconf 96' lang='lat'>,</span> 
     </span>
     <span class='ocr_line' id='line_1_34' title="bbox 112 1965 1531 2019; baseline -0.001 -16"><span class='ocrx_word' id='word_1_292' title='bbox 112 1965 261 2018; x_wconf 82' lang='lat' dir='ltr'>absque</span> <span class='ocrx_word' id='word_1_293' title='bbox 294 1973 407 2015; x_wconf 88' lang='lat' dir='ltr'>arte,</span> <span class='ocrx_word' id='word_1_294' title='bbox 445 1974 491 2004; x_wconf 87' lang='lat' dir='ltr'>ut</span> <span class='ocrx_word' id='word_1_295' title='bbox 522 1974 734 2006; x_wconf 89' lang='lat' dir='ltr'>creverunt</span> <span class='ocrx_word' id='word_1_296' title='bbox 769 1980 841 2004; x_wconf 83' lang='lat' dir='ltr'>sua</span> <span class='ocrx_word' id='word_1_297' title='bbox 870 1974 1031 2019; x_wconf 86' lang='lat' dir='ltr'>sponte,</span> <span class='ocrx_word' id='word_1_298' title='bbox 1074 1965 1178 2003; x_wconf 82' lang='lat' dir='ltr'>ferro</span> <span class='ocrx_word' id='word_1_299' title='bbox 1207 1980 1285 2003; x_wconf 89' lang='lat' dir='ltr'>non</span> <span class='ocrx_word' id='word_1_300' title='bbox 1315 1979 1454 2013; x_wconf 87' lang='lat' dir='ltr'>caesa,</span> <span class='ocrx_word' id='word_1_301' title='bbox 1487 1972 1531 2003; x_wconf 89' lang='lat' dir='ltr'>ut</span> 
     </span>
     <span class='ocr_line' id='line_1_35' title="bbox 114 2019 1529 2073; baseline -0.001 -15"><span class='ocrx_word' id='word_1_302' title='bbox 114 2019 203 2058; x_wconf 87' lang='lat' dir='ltr'>vult</span> <span class='ocrx_word' id='word_1_303' title='bbox 227 2020 294 2057; x_wconf 90' lang='lat' dir='ltr'>Du</span> <span class='ocrx_word' id='word_1_304' title='bbox 321 2021 453 2072; x_wconf 87' lang='lat' dir='ltr'>Cange</span> <span class='ocrx_word' id='word_1_305' title='bbox 479 2021 530 2059; x_wconf 90' lang='lat' dir='ltr'>ad</span> <span class='ocrx_word' id='word_1_306' title='bbox 559 2021 673 2060; x_wconf 86' lang='lat' dir='ltr'>Alex.</span> <span class='ocrx_word' id='word_1_307' title='bbox 704 2036 744 2073; x_wconf 91' lang='lat' dir='ltr'>p.</span> <span class='ocrx_word' id='word_1_308' title='bbox 770 2020 883 2070; x_wconf 59' lang='lat'><strong>268„</strong></span> <span class='ocrx_word' id='word_1_309' title='bbox 908 2028 979 2059; x_wconf 90' lang='lat' dir='ltr'>aut</span> <span class='ocrx_word' id='word_1_310' title='bbox 1007 2021 1114 2058; x_wconf 80' lang='lat' dir='ltr'>nullo</span> <span class='ocrx_word' id='word_1_311' title='bbox 1152 2029 1342 2058; x_wconf 79' lang='lat' dir='ltr'>caemento</span> <span class='ocrx_word' id='word_1_312' title='bbox 1370 2021 1498 2058; x_wconf 73' lang='lat' dir='ltr'>izmcta</span> <span class='ocrx_word' id='word_1_313' title='bbox 1516 2048 1529 2066; x_wconf 79' lang='lat'>,</span> 
     </span>
     <span class='ocr_line' id='line_1_36' title="bbox 113 2069 1530 2127; baseline -0.001 -15"><span class='ocrx_word' id='word_1_314' title='bbox 113 2081 160 2112; x_wconf 89' lang='lat' dir='ltr'>ut</span> <span class='ocrx_word' id='word_1_315' title='bbox 185 2074 321 2112; x_wconf 87' lang='lat' dir='ltr'>statuit</span> <span class='ocrx_word' id='word_1_316' title='bbox 348 2075 468 2112; x_wconf 86' lang='lat' dir='ltr'>Goar.</span> <span class='ocrx_word' id='word_1_317' title='bbox 489 2075 540 2114; x_wconf 90' lang='lat' dir='ltr'>ad</span> <span class='ocrx_word' id='word_1_318' title='bbox 569 2076 804 2127; x_wconf 85' lang='lat' dir='ltr'>Theophan.</span> <span class='ocrx_word' id='word_1_319' title='bbox 835 2090 876 2127; x_wconf 91' lang='lat' dir='ltr'>p.</span> <span class='ocrx_word' id='word_1_320' title='bbox 899 2076 993 2126; x_wconf 80' lang='lat'>529.</span> <span class='ocrx_word' id='word_1_321' title='bbox 1013 2075 1060 2112; x_wconf 85' lang='lat' dir='ltr'>B.</span> <span class='ocrx_word' id='word_1_322' title='bbox 1078 2073 1151 2112; x_wconf 87' lang='lat' dir='ltr'>ult.</span> <span class='ocrx_word' id='word_1_323' title='bbox 1206 2075 1266 2112; x_wconf 86' lang='lat' dir='ltr'>Ita</span> <span class='ocrx_word' id='word_1_324' title='bbox 1292 2070 1415 2126; x_wconf 76' lang='grc' dir='ltr'><em>ξηρὸν</em></span> <span class='ocrx_word' id='word_1_325' title='bbox 1434 2069 1530 2112; x_wconf 79' lang='grc' dir='ltr'><em>ἔδα-</em></span> 
     </span>
     <span class='ocr_line' id='line_1_37' title="bbox 112 2125 1532 2182; baseline 0 -17"><span class='ocrx_word' id='word_1_326' title='bbox 112 2140 216 2181; x_wconf 84' lang='grc' dir='ltr'><em>φος,</em></span> <span class='ocrx_word' id='word_1_327' title='bbox 243 2129 382 2166; x_wconf 81' lang='lat' dir='ltr'>durum</span> <span class='ocrx_word' id='word_1_328' title='bbox 398 2129 533 2176; x_wconf 81' lang='lat' dir='ltr'>solum,</span> <span class='ocrx_word' id='word_1_329' title='bbox 565 2138 622 2169; x_wconf 86' lang='lat' dir='ltr'>est</span> <span class='ocrx_word' id='word_1_330' title='bbox 649 2130 818 2169; x_wconf 89' lang='lat' dir='ltr'>Cedren.</span> <span class='ocrx_word' id='word_1_331' title='bbox 840 2144 882 2181; x_wconf 89' lang='lat' dir='ltr'>p.</span> <span class='ocrx_word' id='word_1_332' title='bbox 905 2127 1000 2182; x_wconf 71' lang='grc'><strong>495.</strong></span> <span class='ocrx_word' id='word_1_333' title='bbox 1020 2129 1074 2166; x_wconf 88' lang='lat' dir='ltr'>D.</span> <span class='ocrx_word' id='word_1_334' title='bbox 1092 2128 1151 2178; x_wconf 88' lang='lat'>8.;</span> <span class='ocrx_word' id='word_1_335' title='bbox 1180 2125 1252 2167; x_wconf 69' lang='grc' dir='ltr'>ἐπὶ</span> <span class='ocrx_word' id='word_1_336' title='bbox 1276 2130 1433 2179; x_wconf 76' lang='grc' dir='ltr'><em>ξηροῖσι</em></span> <span class='ocrx_word' id='word_1_337' title='bbox 1458 2141 1532 2165; x_wconf 82' lang='grc' dir='ltr'>κα-</span> 
     </span>
     <span class='ocr_line' id='line_1_38' title="bbox 111 2181 1531 2237; baseline 0 -18"><span class='ocrx_word' id='word_1_338' title='bbox 111 2181 303 2233; x_wconf 72' lang='grc' dir='ltr'><strong><em>θῆσθαι,</em></strong></span> <span class='ocrx_word' id='word_1_339' title='bbox 330 2196 471 2234; x_wconf 86' lang='lat' dir='ltr'>nempe</span> <span class='ocrx_word' id='word_1_340' title='bbox 497 2182 656 2234; x_wconf 75' lang='grc' dir='ltr'><em>λίθοις,</em></span> <span class='ocrx_word' id='word_1_341' title='bbox 686 2183 828 2237; x_wconf 86' lang='lat' dir='ltr'>Idyllio</span> <span class='ocrx_word' id='word_1_342' title='bbox 854 2185 984 2236; x_wconf 89' lang='lat' dir='ltr'>primo</span> <span class='ocrx_word' id='word_1_343' title='bbox 1013 2182 1216 2220; x_wconf 81' lang='lat' dir='ltr'>Theocriti</span> <span class='ocrx_word' id='word_1_344' title='bbox 1232 2212 1243 2229; x_wconf 83' lang='lat'>,</span> <span class='ocrx_word' id='word_1_345' title='bbox 1275 2196 1391 2234; x_wconf 90' lang='lat' dir='ltr'>super</span> <span class='ocrx_word' id='word_1_346' title='bbox 1418 2181 1531 2220; x_wconf 82' lang='lat' dir='ltr'>duris</span> 
     </span>
     <span class='ocr_line' id='line_1_39' title="bbox 110 2235 1532 2290; baseline 0.001 -16"><span class='ocrx_word' id='word_1_347' title='bbox 110 2235 309 2288; x_wconf 88' lang='lat' dir='ltr'>lapidibus</span> <span class='ocrx_word' id='word_1_348' title='bbox 333 2237 482 2286; x_wconf 87' lang='lat' dir='ltr'>sedere,</span> <span class='ocrx_word' id='word_1_349' title='bbox 515 2237 626 2277; x_wconf 84' lang='lat' dir='ltr'>nullo</span> <span class='ocrx_word' id='word_1_350' title='bbox 661 2237 852 2290; x_wconf 85' lang='lat' dir='ltr'>stragulo,</span> <span class='ocrx_word' id='word_1_351' title='bbox 881 2237 1026 2276; x_wconf 87' lang='lat' dir='ltr'>vellere</span> <span class='ocrx_word' id='word_1_352' title='bbox 1052 2237 1282 2290; x_wconf 85' lang='lat' dir='ltr'>virgultisve</span> <span class='ocrx_word' id='word_1_353' title='bbox 1313 2236 1532 2275; x_wconf 83' lang='lat' dir='ltr'>substratis.</span> 
     </span>
     <span class='ocr_line' id='line_1_40' title="bbox 111 2289 1531 2343; baseline 0 -15"><span class='ocrx_word' id='word_1_354' title='bbox 111 2289 258 2329; x_wconf 83' lang='lat' dir='ltr'>Gloss.:</span> <span class='ocrx_word' id='word_1_355' title='bbox 285 2291 506 2340; x_wconf 77' lang='grc' dir='ltr'><strong><em>χαμευνία,</em></strong></span> <span class='ocrx_word' id='word_1_356' title='bbox 535 2289 560 2343; x_wconf 83' lang='grc' dir='ltr'><em>ἦ</em></span> <span class='ocrx_word' id='word_1_357' title='bbox 590 2290 821 2343; x_wconf 79' lang='grc' dir='ltr'><em>ξηροκοιτία</em></span> <span class='ocrx_word' id='word_1_358' title='bbox 836 2321 850 2341; x_wconf 83' lang='grc'><strong><em>,</em></strong></span> <span class='ocrx_word' id='word_1_359' title='bbox 878 2291 1156 2340; x_wconf 77' lang='lat' dir='ltr'>Iwmicubatio,</span> <span class='ocrx_word' id='word_1_360' title='bbox 1185 2291 1342 2329; x_wconf 88' lang='lat' dir='ltr'>cubatio</span> <span class='ocrx_word' id='word_1_361' title='bbox 1369 2292 1409 2328; x_wconf 91' lang='lat' dir='ltr'>in</span> <span class='ocrx_word' id='word_1_362' title='bbox 1429 2291 1531 2328; x_wconf 87' lang='lat' dir='ltr'>sicca</span> 
     </span>
     <span class='ocr_line' id='line_1_41' title="bbox 115 2343 1532 2398; baseline 0 -16"><span class='ocrx_word' id='word_1_363' title='bbox 115 2343 216 2383; x_wconf 88' lang='lat' dir='ltr'>dura</span> <span class='ocrx_word' id='word_1_364' title='bbox 243 2343 386 2391; x_wconf 88' lang='lat' dir='ltr'>humo,</span> <span class='ocrx_word' id='word_1_365' title='bbox 425 2344 536 2383; x_wconf 91' lang='lat' dir='ltr'>nulla</span> <span class='ocrx_word' id='word_1_366' title='bbox 576 2346 773 2384; x_wconf 88' lang='lat' dir='ltr'>substrata</span> <span class='ocrx_word' id='word_1_367' title='bbox 801 2345 986 2398; x_wconf 87' lang='lat' dir='ltr'>stragula.</span> <span class='ocrx_word' id='word_1_368' title='bbox 1039 2345 1192 2383; x_wconf 74' lang='lat' dir='ltr'>Siccam</span> <span class='ocrx_word' id='word_1_369' title='bbox 1215 2346 1431 2383; x_wconf 78' lang='lat' dir='ltr'>vehiculum</span> <span class='ocrx_word' id='word_1_370' title='bbox 1474 2351 1532 2383; x_wconf 63' lang='lat' dir='ltr'>est</span> 
     </span>
     <span class='ocr_line' id='line_1_42' title="bbox 112 2398 1531 2453; baseline 0.001 -17"><span class='ocrx_word' id='word_1_371' title='bbox 112 2399 219 2450; x_wconf 85' lang='lat' dir='ltr'>apud</span> <span class='ocrx_word' id='word_1_372' title='bbox 245 2399 390 2450; x_wconf 80' lang='lat' dir='ltr'>Seript.</span> <span class='ocrx_word' id='word_1_373' title='bbox 424 2399 528 2437; x_wconf 86' lang='lat' dir='ltr'>Hist.</span> <span class='ocrx_word' id='word_1_374' title='bbox 561 2399 669 2452; x_wconf 85' lang='lat' dir='ltr'>Aug.</span> <span class='ocrx_word' id='word_1_375' title='bbox 700 2401 753 2438; x_wconf 92' lang='lat' dir='ltr'>T.</span> <span class='ocrx_word' id='word_1_376' title='bbox 786 2400 836 2439; x_wconf 92' lang='grc' dir='ltr'>ΙΙ.</span> <span class='ocrx_word' id='word_1_377' title='bbox 865 2415 906 2452; x_wconf 92' lang='lat' dir='ltr'>p.</span> <span class='ocrx_word' id='word_1_378' title='bbox 932 2401 1013 2453; x_wconf 64' lang='lat'>57„</span> <span class='ocrx_word' id='word_1_379' title='bbox 1046 2398 1225 2451; x_wconf 86' lang='lat' dir='ltr'>stragulis</span> <span class='ocrx_word' id='word_1_380' title='bbox 1252 2406 1322 2437; x_wconf 88' lang='lat' dir='ltr'>aut</span> <span class='ocrx_word' id='word_1_381' title='bbox 1343 2400 1531 2438; x_wconf 84' lang='lat' dir='ltr'>stramine</span> 
     </span>
     <span class='ocr_line' id='line_1_43' title="bbox 111 2451 1526 2506; baseline 0.001 -16"><span class='ocrx_word' id='word_1_382' title='bbox 111 2465 192 2490; x_wconf 86' lang='lat' dir='ltr'>non</span> <span class='ocrx_word' id='word_1_383' title='bbox 220 2459 401 2505; x_wconf 69' lang='lat' dir='ltr'>stratum3</span> <span class='ocrx_word' id='word_1_384' title='bbox 432 2452 595 2501; x_wconf 79' lang='grc' dir='ltr'><em>πνεῦμα</em></span> <span class='ocrx_word' id='word_1_385' title='bbox 623 2451 743 2505; x_wconf 71' lang='grc' dir='ltr'>ξηρὸν</span> <span class='ocrx_word' id='word_1_386' title='bbox 771 2455 878 2505; x_wconf 90' lang='lat' dir='ltr'>apud</span> <span class='ocrx_word' id='word_1_387' title='bbox 909 2454 1144 2492; x_wconf 87' lang='lat' dir='ltr'>Cinnamum</span> <span class='ocrx_word' id='word_1_388' title='bbox 1168 2467 1259 2506; x_wconf 84' lang='lat' dir='ltr'>pag.</span> <span class='ocrx_word' id='word_1_389' title='bbox 1297 2467 1358 2491; x_wconf 79' lang='lat'>12.</span> <span class='ocrx_word' id='word_1_390' title='bbox 1380 2454 1427 2491; x_wconf 92' lang='grc' dir='ltr'>Β.</span> <span class='ocrx_word' id='word_1_391' title='bbox 1449 2467 1526 2503; x_wconf 89' lang='lat' dir='ltr'>1o.,</span> 
     </span>
     <span class='ocr_line' id='line_1_44' title="bbox 113 2502 1523 2560; baseline 0.003 -18"><span class='ocrx_word' id='word_1_392' title='bbox 113 2515 243 2544; x_wconf 74' lang='lat' dir='ltr'>ventus</span> <span class='ocrx_word' id='word_1_393' title='bbox 261 2507 455 2546; x_wconf 80' lang='lat' dir='ltr'>solitarius</span> <span class='ocrx_word' id='word_1_394' title='bbox 472 2535 483 2554; x_wconf 87' lang='lat'>‚</span> <span class='ocrx_word' id='word_1_395' title='bbox 512 2520 630 2558; x_wconf 89' lang='lat' dir='ltr'>quem</span> <span class='ocrx_word' id='word_1_396' title='bbox 663 2507 771 2545; x_wconf 89' lang='lat' dir='ltr'>nulla</span> <span class='ocrx_word' id='word_1_397' title='bbox 798 2506 934 2558; x_wconf 89' lang='lat' dir='ltr'>pluvia</span> <span class='ocrx_word' id='word_1_398' title='bbox 961 2510 1201 2557; x_wconf 51' lang='lat' dir='ltr'>comitatum</span> <span class='ocrx_word' id='word_1_399' title='bbox 1232 2502 1356 2560; x_wconf 82' lang='grc' dir='ltr'><strong><em>λόφοι</em></strong></span> <span class='ocrx_word' id='word_1_400' title='bbox 1383 2504 1523 2558; x_wconf 72' lang='grc' dir='ltr'><strong><em>ξηροὶ,</em></strong></span> 
     </span>
     <span class='ocr_line' id='line_1_45' title="bbox 115 2558 1526 2611; baseline 0.001 -14"><span class='ocrx_word' id='word_1_401' title='bbox 115 2558 234 2599; x_wconf 80' lang='lat' dir='ltr'>colles</span> <span class='ocrx_word' id='word_1_402' title='bbox 259 2562 379 2599; x_wconf 86' lang='lat' dir='ltr'>terrei</span> <span class='ocrx_word' id='word_1_403' title='bbox 406 2567 476 2599; x_wconf 87' lang='lat' dir='ltr'>aut</span> <span class='ocrx_word' id='word_1_404' title='bbox 500 2562 679 2599; x_wconf 87' lang='lat' dir='ltr'>arenacei</span> <span class='ocrx_word' id='word_1_405' title='bbox 693 2589 704 2611; x_wconf 90' lang='lat'>,</span> <span class='ocrx_word' id='word_1_406' title='bbox 732 2560 852 2600; x_wconf 87' lang='lat' dir='ltr'>nullis</span> <span class='ocrx_word' id='word_1_407' title='bbox 880 2562 979 2600; x_wconf 83' lang='lat' dir='ltr'>saxis</span> <span class='ocrx_word' id='word_1_408' title='bbox 993 2589 1004 2610; x_wconf 93' lang='lat'>,</span> <span class='ocrx_word' id='word_1_409' title='bbox 1033 2560 1155 2599; x_wconf 81' lang='lat' dir='ltr'>nullis</span> <span class='ocrx_word' id='word_1_410' title='bbox 1182 2561 1290 2600; x_wconf 86' lang='lat' dir='ltr'>venis</span> <span class='ocrx_word' id='word_1_411' title='bbox 1320 2559 1526 2600; x_wconf 84' lang='lat' dir='ltr'>metallicis</span> 
     </span>
     <span class='ocr_line' id='line_1_46' title="bbox 116 2611 1527 2668; baseline 0.003 -19"><span class='ocrx_word' id='word_1_412' title='bbox 116 2611 326 2652; x_wconf 87' lang='lat' dir='ltr'>intermixti</span> <span class='ocrx_word' id='word_1_413' title='bbox 345 2644 356 2661; x_wconf 88' lang='lat'>‚</span> <span class='ocrx_word' id='word_1_414' title='bbox 385 2615 454 2653; x_wconf 91' lang='lat' dir='ltr'>sed</span> <span class='ocrx_word' id='word_1_415' title='bbox 482 2628 591 2653; x_wconf 87' lang='lat' dir='ltr'>mera</span> <span class='ocrx_word' id='word_1_416' title='bbox 618 2621 723 2653; x_wconf 88' lang='lat' dir='ltr'>terra</span> <span class='ocrx_word' id='word_1_417' title='bbox 751 2615 895 2668; x_wconf 82' lang='lat' dir='ltr'>aggesti</span> <span class='ocrx_word' id='word_1_418' title='bbox 909 2645 920 2666; x_wconf 97' lang='lat'>,</span> <span class='ocrx_word' id='word_1_419' title='bbox 950 2629 972 2652; x_wconf 93' lang='lat' dir='ltr'>e</span> <span class='ocrx_word' id='word_1_420' title='bbox 1000 2614 1143 2667; x_wconf 87' lang='lat' dir='ltr'>quibus</span> <span class='ocrx_word' id='word_1_421' title='bbox 1172 2614 1358 2654; x_wconf 85' lang='lat' dir='ltr'>fluentem</span> <span class='ocrx_word' id='word_1_422' title='bbox 1384 2628 1527 2667; x_wconf 86' lang='lat' dir='ltr'>aquam</span> 
     </span>
    </p>
   </div>
   <div class='ocr_carea' id='block_1_3' title="bbox 119 2663 1525 2722">
    <p class='ocr_par' dir='ltr' id='par_1_6' title="bbox 119 2663 1525 2722">
     <span class='ocr_line' id='line_1_47' title="bbox 119 2663 1525 2722; baseline 0.002 -17"><span class='ocrx_word' id='word_1_423' title='bbox 119 2663 376 2719; x_wconf 84' lang='lat' dir='ltr'>Hippocrates</span> <span class='ocrx_word' id='word_1_424' title='bbox 404 2670 572 2708; x_wconf 85' lang='lat' dir='ltr'>maxime</span> <span class='ocrx_word' id='word_1_425' title='bbox 598 2669 768 2722; x_wconf 83' lang='lat' dir='ltr'>probat3</span> <span class='ocrx_word' id='word_1_426' title='bbox 802 2669 886 2708; x_wconf 86' lang='lat' dir='ltr'>vid.</span> <span class='ocrx_word' id='word_1_427' title='bbox 909 2669 1131 2708; x_wconf 82' lang='lat' dir='ltr'>casaubon.</span> <span class='ocrx_word' id='word_1_428' title='bbox 1163 2669 1214 2708; x_wconf 88' lang='lat' dir='ltr'>ad</span> <span class='ocrx_word' id='word_1_429' title='bbox 1232 2668 1379 2709; x_wconf 86' lang='lat' dir='ltr'>Athen.</span> <span class='ocrx_word' id='word_1_430' title='bbox 1398 2670 1449 2708; x_wconf 92' lang='lat' dir='ltr'>L.</span> <span class='ocrx_word' id='word_1_431' title='bbox 1470 2669 1525 2708; x_wconf 88' lang='lat'>11.</span> 
     </span>
    </p>
   </div>
  </div>
 </body>
</html>
