1884 3132
215 194 290 236 Αι)
318 192 615 236 οοΝετΛΝΤ.
643 189 841 235 ponpa.
868 192 942 232 nn
987 173 1574 248 OEnm.1,m.11.891

193 296 292 347 451.
323 298 370 337 Β.
409 296 449 340 8.
481 296 602 351 [780,
630 294 695 350 6.]
724 295 775 350 τῇ
794 291 1010 348 ἐπαύριον.
1066 294 1211 335 Incidit
1245 296 1354 335 enim
1381 295 1427 336 in
1462 296 1582 337 XVI.

140 353 314 406 Augusti
337 354 531 391 memoria
559 352 600 391 S.
630 338 855 390 Diomedis.

197 408 242 445 B.
276 407 430 460 penult
469 407 580 460 [78⁰³
600 405 657 459 8.]
688 409 744 460 τῇ
765 401 844 444 κθ·’.
913 405 1002 444 Νοιι
1031 404 1164 457 video,
1199 406 1268 459 qui
1301 407 1485 470 potuerit.
1514 405 1581 445 dio

139 462 297 501 XXIX.
330 462 503 513 Augusti
528 462 719 500 memoria
748 461 881 499 Basilii
910 459 1141 499 Macedonis
1167 461 1383 509 celebrari,
1416 461 1486 525 qui
1518 467 1582 498 ta-

141 531 235 556 men
274 515 460 555 Calendis
498 518 652 556 Martiis
693 516 747 555 A.
786 515 880 555 886.
907 516 1022 555 obiit.
1078 517 1239 567 Ergone
1268 520 1483 555 memoriae
1510 516 1583 554 de-

141 572 371 611 functorum
398 585 478 609 non
511 574 552 610 in
593 571 734 609 diebus
763 585 902 609 eorum
929 570 1218 610 emortualibus
1249 571 1580 610 renovabantur?

142 626 231 665 Aut
255 628 299 664 in
327 626 436 665 aliud
463 633 623 679 tempus
650 626 809 675 dilatae,
840 634 1033 679 occupato
1061 626 1126 666 die
1145 628 1226 665 iam
1244 625 1408 666 alterius
1428 626 1583 680 antiqui

144 689 187 720 et
211 682 372 720 maioris
398 682 533 720 Sancti
561 683 781 720 memoria?

249 737 303 774 D.
340 750 377 774 1.
405 735 523 790 [780,
545 737 630 787 2o.]
656 734 678 788 ἧ
711 730 1029 788 αὕτοκρατορία.
1083 735 1160 774 Die
1175 749 1319 788 nempe
1336 733 1473 776 XXX.
1493 734 1584 774 Au-

141 792 247 844 gusti
286 791 448 829 suerunt
488 796 545 843 (ut
586 791 757 840 videtur)
799 805 823 829 a
862 798 975 843 patre
1002 791 1150 830 Basilio
1176 791 1401 830 diademate
1428 790 1584 834 donati.

141 848 227 886 Aut
263 845 296 884 si
339 845 506 885 Basilius
534 844 701 885 Macedo
739 859 880 884 revera
917 845 981 884 die
1010 845 1114 893 Aug.
1154 860 1219 899 29.
1247 846 1350 884 vivis
1386 842 1584 896 excessit,

141 901 290 953 incepit
315 899 441 940 altero
468 901 533 940 die
558 908 675 954 post,
703 908 749 940 ut
778 915 851 952 par
876 907 989 951 erat,
1018 901 1196 939 filiorum
1223 899 1427 953 collegiale
1454 901 1582 954 impe-

138 955 555 995 tium.Confi1-mat
597 956 674 995 hoe
713 956 957 1007 superiorem
998 963 1135 995 notam
1172 955 1522 1008 chronologicam,
1560 969 1585 994 a

141 1017 271 1050 morte
294 1010 452 1060 Basilii,
479 1025 582 1064 quae
609 1011 651 1050 d.
667 1025 731 1064 29.
752 1012 855 1063 Aug,
883 1011 1107 1063 contigerit.
1165 1011 1267 1060 Quis
1294 1024 1389 1063 ergo
1417 1016 1583 1058 auctor,

142 1073 184 1104 et
210 1079 292 1118 quo
318 1065 579 1104 fundamento
608 1057 810 1119 perliibuit
841 1079 934 1104 eum
964 1064 1048 1106 Cal.
1076 1067 1234 1104 Martiis
1263 1065 1430 1112 obiisse,
1474 1066 1586 1118 quod

141 1121 211 1159 Du
237 1121 374 1183 Gange
418 1119 590 1159 affirmat
627 1128 667 1160 et
703 1121 868 1160 Fabiic.
894 1121 946 1159 Τ.
973 1120 1050 1159 Vl.
1081 1119 1189 1160 Bibl.
1219 1120 1293 1159 Gr.
1320 1135 1361 1173 p.
1391 1134 1483 1174 7¹⁰·
1518 1134 1586 1159 re-

179 1175 267 1218 etiit
285 1178 304 1213 ¹?

150 1191 184 1229 p
252 1231 304 1272 D.
332 1228 372 1268 5.
405 1229 448 1284 [7
444 1228 523 1280 80,
534 1231 631 1294 23.]
670 1226 716 1269 τὸ
745 1226 970 1283 κλητώριον
998 1230 1077 1269 τοῦ
1107 1226 1326 1271 δεσπότου.
1390 1230 1451 1269 Ita
1489 1244 1586 1283 ergo

142 1284 298 1324 dictum
325 1285 401 1323 fuit
428 1286 674 1334 convivium,
694 1299 787 1347 quo
815 1285 987 1324 natalem
1014 1286 1169 1338 imperii
1198 1284 1427 1324 celebrabat
1449 1286 1581 1339 Impe-

145 1348 270 1380 rator.
324 1339 471 1391 Aptius
499 1341 633 1378 fuisset
661 1335 706 1377 τὸ
734 1335 961 1391 κλητώριον
987 1340 1061 1403 τῆς
1091 1339 1348 1385 δεσποτείας

229 1394 325 1445 455.
359 1396 408 1434 A.
430 1395 470 1435 6.
494 1395 603 1448 [783,
621 1394 660 1436 6.
666 1393 682 1446 ]
707 1407 767 1439 εις
786 1393 903 1446 ημῶν
923 1391 1178 1445 συντήρησιν
1195 1393 1268 1432 καί
1281 1392 1427 1440 κλέους
1443 1391 1583 1441 δόξαν.

145 1449 270 1489 Forte
295 1450 615 1502 transponendae
639 1457 733 1487 sunt
759 1464 877 1488 voces
899 1463 967 1487 και
996 1456 1036 1487 et
1062 1447 1217 1497 κλέους,
1245 1450 1287 1487 in
1314 1458 1467 1488 nostrae
1493 1463 1588 1488 con·-

144 1506 405 1544 servationem
425 1506 576 1555 famae
603 1513 642 1542 et
669 1518 710 1542 ιη
736 1505 906 1569 gloriam
935 1513 1124 1541 nostram.
1184 1503 1270 1541 Aut
1298 1503 1407 1542 deest
1433 1503 1585 1556 aliquid

146 1567 242 1599 ante
270 1557 406 1610 ἡμῶν,
436 1574 472 1597 e.
503 1574 540 1598 c.
576 1557 787 1607 δᾞουὶείας,
818 1556 1049 1621 υπουργίας
1074 1556 1139 1595 vel
1168 1557 1295 1596 simile
1324 1557 1582 1597 vocabulum.

257 1615 306 1653 C.
337 1621 520 1666 antepen.
557 1612 671 1667 [784,
690 1612 756 1666 4.]
794 1609 1055 1662 μοναδικοὺς.
1112 1611 1300 1651 Solebant
1326 1627 1468 1665 nempe
1493 1627 1588 1665 pro-

145 1683 256 1708 ceres
295 1669 503 1720 Byzantini
541 1676 611 1706 aut
648 1670 769 1706 amoti
797 1668 850 1706 ab
887 1667 1230 1707 administratione
1264 1667 1509 1720 reipublicae
1546 1674 1588 1707 et

146 1715 407 1776 dignitatibus
435 1730 563 1769 exuti,
609 1730 679 1761 aut
705 1731 866 1775 accepta
892 1737 961 1775 per
988 1729 1159 1760 aetatem
1185 1722 1353 1761 honesta
1379 1723 1587 1773 missione,

150 1780 258 1821 vitae
286 1778 461 1830 reliquos
489 1778 639 1816 diesin
667 1778 917 1816 monasteriis
944 1791 1192 1815 consumere.

224 1832 321 1883 455.
369 1833 424 1870 A.
454 1832 495 1871 6.
538 1832 651 1887 [786,
687 1831 762 1885 16.]
830 1833 908 1871 Hic
949 1839 988 1871 et
1029 1832 1213 1884 deinceps
1257 1809 1409 1885 aliquot
1458 1833 1586 1871 versi-

145 1888 224 1938 bus
244 1887 436 1926 evanidae
453 1887 638 1927 sordibus
666 1894 707 1926 et
734 1893 930 1927 vetustate
955 1886 1110 1926 litterae
1135 1886 1213 1940 legi
1233 1886 1345 1926 nullo
1362 1886 1481 1927 modo
1509 1901 1586 1941 po-

148 1949 297 1984 terant.

257 1997 311 2035 A.
341 2003 473 2049 antep.
502 1995 616 2051 [786‚
646 1994 727 2059 19.]
763 1992 1038 2059 νομοφύλαξι.
1093 1996 1278 2035 Fuerunt
1316 1998 1357 2035 in
1397 1996 1586 2035 lacunoso

145 2051 225 2091 hoc
250 2050 365 2102 loco,
394 2066 497 2104 quae
524 2066 546 2090 e
577 2053 755 2116 vestigiis
775 2053 992 2104 scripturae
1018 2051 1263 2113 sordidisque
1278 2051 1343 2091 hic
1361 2051 1437 2090 loci
1457 2065 1586 2089 mem·-

146 2106 284 2146 branis
311 2106 518 2145 oculorum
545 2113 586 2144 et
611 2108 757 2158 ingenii
785 2108 868 2144 acie
887 2107 1042 2159 assequi
1070 2112 1109 2144 et
1135 2113 1322 2158 exputare
1348 2121 1429 2145 non
1458 2105 1583 2144 valui.

147 2161 254 2200 Sunt
278 2168 411 2200 tamen
438 2162 635 2214 quaedam
660 2161 825 2200 lacunae
841 2190 853 2211 ‚
892 2175 992 2213 quas
1018 2159 1070 2197 cl.
1097 2160 1299 2200 Draudius
1335 2163 1377 2200 in
1416 2174 1587 2213 apogra-

145 2216 229 2268 pho
250 2229 396 2255 vacuas
413 2215 513 2269 reliq
517 2223 652 2266 uerat,
682 2230 728 2255 ex
755 2216 933 2255 obscuris
952 2215 1172 2254 litterarum
1189 2217 1363 2279 vestigiis
1381 2217 1587 2254 restitutae

147 2276 189 2310 et
217 2270 408 2322 expletae.
465 2272 512 2309 ln
548 2272 695 2324 quibus
734 2278 774 2310 et
801 2271 899 2310 haec
927 2277 1020 2309 sunt
1046 2272 1133 2315 τοῖς
1159 2267 1432 2323 νομοφυλαξι
1502 2270 1587 2308 Po-

146 2331 316 2363 stremae
353 2333 433 2364 tres
477 2325 653 2378 syllabae
685 2325 791 2365 clare
833 2332 873 2363 et
917 2329 1124 2378 perspicue
1151 2325 1406 2377 prostabant3
1450 2325 1585 2377 priora

146 2381 233 2425 τοῖς
260 2392 359 2428 νομο
387 2379 553 2418 videbar
579 2380 677 2419 mihi
707 2381 819 2433 quasi
848 2394 919 2432 per
945 2379 1134 2418 nebulam
1163 2380 1319 2429 videre,
1349 2393 1479 2432 neque
1508 2393 1587 2431 pu-

147 2441 191 2472 to
217 2447 281 2473 me
315 2436 567 2473 coniecturae
593 2434 737 2474 falsum
766 2436 911 2484 fuisse,
939 2435 1137 2487 quamvis.
1170 2441 1365 2498 quantum
1392 2434 1583 2483 memini,

149 2480 300 2527 nulla
291 2503 331 2527 ιιι
359 2490 630 2542 superioribus
658 2491 807 2529 mentio
835 2489 903 2528 fiat
926 2488 1010 2528 τῶν
1036 2485 1350 2540 νομοφυλάκων.

257 2544 304 2582 Β.
335 2551 466 2596 antep·
494 2543 613 2597 [787⁹
635 2543 696 2597 8.]
727 2543 755 2582 ἔ
748 2542 1034 2596 ξωβρεματῶν.
1069 2543 1161 2583 Νοιι
1177 2557 1377 2598 assequor,
1394 2542 1491 2597 quid
1509 2542 1587 2581 hoc

148 2598 257 2638 vocis
286 2599 337 2637 sit
363 2606 402 2636 et
430 2599 527 2651 quid
555 2599 631 2637 sibi
659 2597 767 2638 velit.

234 2651 329 2703 456.
375 2653 421 2691 Β.
449 2654 491 2693 5.
523 2652 645 2717 [788.
667 2667 712 2691 21
723 2651 757 2718 .]
807 2650 829 2692 ὅ
869 2665 1014 2704 αρχων
1049 2651 1124 2691 τοῦ
1162 2649 1444 2703 α’ρμαμέντου.
1514 2651 1590 2691 Est

151 2706 273 2757 idem,
306 2710 375 2763 qui
404 2704 425 2746 ὃ
453 2704 590 2746 ἐπάνω
617 2707 691 2746 τοῦ
725 2707 990 2758 αρμαιιέντου
1018 2714 1262 2747 memoratus
1275 2707 1512 2762 Theophani
1543 2721 1583 2761 p

153 2759 252 2814 249.
274 2761 321 2802 Β.
356 2777 416 2806 ιι.
432 2777 444 2814 3
475 2762 557 2801 vid.
589 2763 655 2802 Du
683 2763 820 2817 Gange
845 2762 976 2806 Gloss.
1004 2763 1075 2802 G1.
1108 2762 1147 2802 h.
1177 2776 1218 2802 ν.
