1884 3132
284 113 396 184 554
560 132 632 175 10.
673 132 777 176 mc.
817 134 1012 176 mnsxu
1053 133 1430 178 comfflNTAmi

282 239 347 290 gio
371 237 413 276 in
442 237 573 277 Gloss.
597 237 667 278 Gr.
697 237 885 291 exemplis
913 240 1023 278 vocis
1047 236 1259 292 μασούριν
1279 269 1289 288 ,
1342 239 1505 279 fuerunt
1546 241 1720 280 masuria

283 292 371 331 tubi
398 292 515 332 vitrei
561 292 670 347 longi
709 293 760 332 ad
787 293 1013 333 inflandum
1060 294 1124 334 vel
1151 294 1409 334 iniiciendum
1450 293 1646 348 liquorem
1678 297 1723 334 in

282 360 354 386 vas
381 346 545 401 aliquod
572 348 856 403 sanguiferum.
911 349 1096 389 Parmam
1126 350 1383 389 admasarum
1417 350 1578 389 invenio
1617 349 1725 403 apud

282 403 352 441 Du
370 403 566 456 Cangium
582 404 646 444 Gl.
673 403 781 444 L.h.
807 418 875 456 v.,
906 406 975 457 qui
1004 404 1137 443 locum
1165 404 1274 444 hunc
1303 419 1348 444 ex
1375 404 1510 444 Leone
1542 404 1726 444 Ostiense

283 458 334 496 L.
360 458 394 496 Ι.
443 458 634 499 Chronic.
681 459 836 499 Cassin.
867 473 904 498 c.
934 459 1002 500 58.
1038 459 1200 499 adducit
1218 475 1230 499 ε
1270 473 1447 515 pannum
1465 459 1727 500 admasuram

277 526 357 567 pro
386 513 596 565 Byzantiis
633 522 735 554 occo.
797 514 891 554 Non
935 513 1077 554 dubito
1106 514 1363 554 dividendam
1404 528 1488 555 esse
1515 527 1658 554 vocem
1683 515 1729 554 in

285 567 384 608 duas
428 569 487 608 ad
506 584 727 620 masuram,
755 569 798 608 id
825 576 885 610 est
917 583 1004 608 cum
1028 571 1193 610 masuris
1237 584 1307 610 seu
1334 569 1526 623 lagenulis
1552 570 1725 609 intextis.

286 623 451 664 Possem
479 624 559 664 huc
597 639 679 664 non
711 626 795 664 sine
836 626 967 678 specie
1004 626 1183 665 veritatis
1210 626 1359 665 referre
1385 625 1532 664 toaleas
1561 625 1730 664 masori-

285 693 375 728 cas,
404 681 517 732 quasi
553 679 747 734 lagenulis
789 681 945 720 intextis
979 687 1140 720 ornatas
1158 710 1170 731 ,
1213 694 1386 733 quarum
1410 680 1591 719 meminit
1617 677 1732 719 Ana-

289 735 433 774 stasius
462 735 504 774 in
531 737 616 776 vita
643 735 789 775 Leonis
810 736 883 774 IV.
914 750 953 788 p.
980 735 1093 790 ¹96.:
1133 737 1270 775 obtulit
1293 745 1368 775 tres
1393 735 1539 774 toaleas
1567 734 1645 789 [ita
1670 734 1732 773 le-

291 789 466 842 gendum
494 797 534 830 et
578 791 643 830 hic
671 798 712 830 et
748 792 790 829 in
819 789 944 830 altero
974 790 1150 830 eiusdem
1189 790 1278 831 loco
1305 805 1346 844 p.
1377 788 1492 840 188„
1516 803 1618 844 quos
1644 803 1734 828 am-

287 843 362 884 bos
390 846 487 884 citat
515 846 584 885 Du
611 846 746 900 Gange
774 860 815 886 v.
852 844 974 900 Olea]
1005 847 1218 885 masoricas
1246 845 1493 885 admirabilis
1511 845 1732 899 palchritu-

289 899 419 949 dinis‚
448 902 571 940 serico
606 910 734 941 textas
761 902 962 955 coloreque
982 901 1155 955 depictas
1169 931 1180 950 ‚
1208 916 1308 956 qaae
1333 901 1478 938 scilicet
1492 900 1614 952 sestis
1644 899 1734 938 die-

290 955 359 994 bus
393 956 437 995 in
464 957 626 996 circuita
653 957 795 995 altaris
818 957 982 995 maioris
1005 956 1279 1011 dependerent.
1333 955 1411 994 Sed
1437 955 1653 993 masoricae
1682 953 1735 993 il-

289 1009 353 1049 lae
379 1009 461 1050 huc
489 1025 572 1051 non
596 1012 798 1064 pertinent
816 1041 826 1060 ‚
877 1017 1016 1063 utpote
1043 1024 1190 1050 nomen
1225 1010 1376 1050 habent
1401 1009 1452 1048 de
1491 1008 1623 1048 insula
1642 1008 1736 1050 Ma·-

292 1066 434 1117 iorica,
463 1066 506 1105 in
533 1081 614 1120 qua
640 1066 803 1106 fiebant.
871 1066 1059 1105 Saraceni
1088 1064 1336 1105 Andaluseni
1363 1063 1495 1104 medi0
1525 1078 1625 1104 aevo
1647 1078 1737 1103 ma·-

291 1121 445 1160 ximum
473 1121 672 1161 faciebant
709 1123 752 1160 in
779 1120 985 1161 occidente
1022 1122 1307 1160 commercium
1329 1133 1557 1174 pannorum
1583 1120 1735 1173 pretio-

291 1189 430 1215 sorum
449 1205 463 1228 ,
500 1183 546 1216 ut
580 1177 725 1231 passim
763 1175 1062 1216 celebrarentur
1110 1177 1242 1231 panni
1271 1176 1321 1215 de
1363 1174 1554 1229 Spanisco
1568 1203 1582 1224 ‚
1633 1188 1736 1229 put·-

285 1244 415 1284 parae
444 1230 736 1280 Almariemes‚
765 1238 807 1271 et
833 1231 888 1271 sic
916 1245 1078 1285 quoque
1108 1232 1258 1271 toaleae
1280 1230 1573 1273 Maioricenses.

286 1291 288 1294 ⁴
403 1286 457 1328 C.
477 1286 520 1327 8.
550 1286 666 1342 [470⁹
688 1285 755 1340 8.]
785 1281 1193 1339 ὕποκαμισοβράκια.
1251 1285 1298 1325 ld
1325 1291 1384 1325 est
1409 1283 1664 1340 hypocamisa
1697 1292 1737 1324 et

291 1340 467 1380 braccas.
499 1342 547 1381 In
573 1341 681 1381 hunc
709 1340 876 1381 modum
895 1340 1149 1381 reformanda
1173 1347 1329 1390 ηοεῑτειζ,
1337 1341 1496 1379 Latina.
1527 1338 1639 1390 Quid
1665 1352 1741 1378 au-

291 1402 375 1435 tem
401 1403 497 1436 sunt
516 1397 804 1451 hypocamisa?
860 1396 1072 1447 Quantum
1106 1394 1286 1449 intelligo
1329 1409 1351 1435 e
1383 1394 1582 1448 farragine
1607 1407 1741 1433 exem-

293 1450 458 1504 plorum
483 1466 527 1492 v.
559 1447 756 1502 Κοίμισον
781 1459 822 1491 et
842 1448 1124 1503 ‘Tnouozfflwov
1149 1449 1365 1491 allatorum
1392 1463 1417 1489 a
1442 1450 1511 1488 Du
1537 1449 1669 1503 Gange
1696 1451 1741 1488 in

294 1505 364 1545 Gl.
376 1506 471 1555 Gr„
486 1506 563 1546 fuit
576 1503 753 1557 κάμισον
764 1506 870 1546 idem
883 1507 993 1561 quod
1007 1502 1138 1557 χιτών
1151 1507 1335 1555 exterior,
1350 1505 1526 1553 brevior,
1548 1504 1600 1543 ad
1612 1518 1743 1558 genua

295 1560 503 1613 desinens,
525 1556 783 1612 ὗτῑοκιίμισον
803 1569 939 1601 autem
957 1561 1065 1601 chito
1081 1562 1264 1612 interior,
1284 1557 1534 1613 ἐσωφόριον,
1552 1559 1604 1598 ad
1621 1558 1744 1612 pedes

292 1615 362 1655 vel
387 1617 490 1656 talos
516 1617 715 1656 desinens.
769 1613 1055 1671 Σφιγκτούρια
1076 1631 1172 1656 vero
1200 1617 1303 1656 forte
1328 1615 1491 1655 fuerunt
1506 1614 1740 1663 subuculae,

295 1671 493 1712 interulae
527 1672 657 1712 lineae
695 1673 778 1712 cuti
815 1674 995 1726 proxime
1033 1671 1322 1711 incumbentes.
1394 1668 1615 1709 Illustrabit
1640 1667 1742 1708 haee

294 1734 437 1767 nostra
464 1734 503 1767 et
530 1742 616 1767 rem
643 1727 807 1766 illorum
834 1735 1063 1781 temporum
1089 1728 1318 1767 vestiariam
1345 1725 1509 1778 insignis
1536 1723 1648 1764 locus
1677 1724 1744 1763 Io-

298 1785 417 1822 annis
455 1784 583 1822 Mussi
624 1784 667 1822 in
706 1782 906 1822 Chronico
949 1781 1187 1821 Placentino
1227 1780 1335 1834 apud
1373 1781 1570 1819 Murator.
1613 1779 1742 1818 T.11.

297 1836 398 1878 Ant.
429 1837 520 1877 Ital.
552 1852 593 1892 p.
617 1838 734 1877 32o.:
777 1839 932 1877 iuvenes
958 1846 1123 1891 portant
1165 1837 1250 1876 alia
1301 1834 1528 1875 indumenta
1561 1842 1598 1874 et
1627 1834 1744 1886 larga

297 1891 443 1946 [pallia
465 1899 536 1931 aut
565 1891 834 1947 chlamydes]
878 1901 917 1932 et
961 1893 1045 1931 alia
1078 1901 1187 1930 carta
1215 1900 1254 1930 et
1284 1891 1445 1938 stricta3
1475 1898 1514 1928 et
1535 1890 1591 1928 sic
1615 1898 1743 1937 curta,

295 1948 407 2002 qaod
434 1947 637 1987 ostendunt
669 1948 819 1987 medias
847 1956 954 1986 nates
979 1956 1017 1985 et
1038 1947 1240 2000 genitalia,
1273 1945 1454 2001 [videtur
1481 1939 1534 1983 τὰ
1561 1940 1748 1995 καβάδια

296 2001 366 2043 vel
391 1998 469 2050 τὰς
513 2001 730 2049 ὃιπλοΐὸας
767 2002 988 2056 significare
1005 2031 1017 2049 ,
1059 2015 1157 2054 quas
1194 2015 1267 2040 nos
1311 2000 1532 2039 Brustlc'itze
1569 1997 1746 2052 appella-

296 2070 407 2109 mus,
435 2058 548 2111 quasi
579 2052 688 2111 ῥάκη
715 2055 791 2095 τοῦ
817 2054 1012 2109 στήθους,
1044 2053 1344 2109 ἑπιθωριὶκια,]
1369 2055 1495 2104 salvo,
1515 2054 1622 2109 quod
1646 2066 1746 2108 por-

299 2121 386 2152 tant
419 2113 571 2164 caligas
602 2111 664 2164 [id
706 2118 764 2151 est
806 2111 968 2150 braccas
983 2141 994 2159 ,
1044 2110 1269 2162 femoralia]
1295 2111 1346 2149 de
1361 2123 1499 2164 panno
1531 2110 1587 2147 sic
1611 2109 1747 2161 longas

304 2166 364 2221 [id
396 2174 455 2206 est
482 2166 600 2207 valde
628 2164 807 2220 longas],
835 2167 978 2218 ligatas
1007 2166 1050 2204 in
1084 2167 1252 2220 quinque
1283 2165 1465 2220 partibus
1488 2163 1548 2202 ad
1568 2162 1749 2218 παρανεῖ-

303 2223 378 2271 los,
411 2221 474 2276 [id
503 2228 561 2261 est
589 2235 758 2261 annexas
789 2222 1002 2274 quinquies
1017 2224 1108 2267 ταῖς
1127 2215 1374 2266 ἑπενὸύταις
1402 2232 1472 2258 seu
1500 2219 1642 2272 pannis
1669 2216 1750 2256 illis

301 2276 596 2331 pectoralibus3
636 2291 679 2315 v.
708 2277 786 2314 Du
814 2275 949 2330 Cange
975 2289 1018 2315 v.
1056 2275 1272 2330 Super-alia
1297 2273 1343 2329 3]
1389 2287 1483 2329 quos
1504 2279 1667 2328 portant
1697 2271 1749 2310 de

303 2332 430 2371 subtus
465 2332 550 2370 alia
585 2331 809 2370 indumenta
827 2361 836 2379 ,
864 2345 964 2386 qaae
983 2331 1207 2385 cooperiant
1237 2338 1335 2369 totas
1367 2338 1473 2368 nates
1487 2338 1508 2376 ,ζ
1535 2326 1750 2367 membrum

306 2395 346 2425 et
367 2387 558 2439 genitalia
590 2400 677 2425 cum
702 2385 818 2425 dictis
857 2386 1011 2439 caligis.
1066 2385 1126 2424 Et
1149 2387 1267 2424 etiam
1296 2384 1346 2424 de
1373 2384 1498 2423 subtus
1523 2381 1665 2420 habent
1681 2394 1750 2419 za-

305 2442 481 2480 rabullas
509 2442 638 2480 lineas
676 2442 954 2480 strictissimas.
1023 2439 1134 2493 Ergo
1160 2440 1380 2479 saraballas
1407 2435 1660 2490 appellabant
1687 2435 1749 2474 in-

306 2505 436 2557 dusia,
469 2499 627 2560 ΜΨ,
658 2506 708 2546 de
734 2521 815 2560 qua
842 2504 1122 2547 voceArabica
1149 2519 1191 2546 v.
1220 2505 1287 2543 Du
1304 2504 1436 2556 Gange
1453 2515 1495 2541 v.
1519 2501 1748 2540 Saraballa.

308 2571 430 2619 Quod
458 2571 570 2611 addit
592 2573 847 2620 strictissima,
879 2571 1027 2621 miror,
1055 2585 1149 2610 nam
1180 2570 1333 2609 Arabes
1359 2560 1475 2621 ill-,bau
1510 2565 1560 2606 de
1586 2565 1750 2620 amplis-

312 2625 413 2663 sima
440 2640 597 2679 quaque
635 2634 675 2666 et
714 2629 885 2666 maxime
923 2626 1078 2680 prolixa
1104 2631 1214 2665 veste
1237 2628 1444 2677 usurpant.
1502 2620 1660 2660 inducit
1685 2634 1751 2659 me

310 2684 447 2717 tamen
474 2679 540 2718 hic
568 2680 679 2720 locus
699 2709 710 2730 ‚
739 2689 784 2721 ut
812 2678 866 2720 τὰ
894 2674 1169 2734 σφιγκτούρια
1197 2678 1319 2717 fuisse
1359 2675 1517 2715 credam
1548 2676 1613 2725 id,
1642 2675 1751 2728 quod

317 2732 432 2772 nobis
461 2733 619 2774 indusia
648 2742 751 2775 sunt.
812 2736 874 2777 De
900 2735 1052 2776 braccis
1078 2734 1157 2774 iam
1185 2733 1313 2786 attigi,
1339 2744 1466 2785 quum
1494 2730 1542 2771 de
1572 2729 1752 2781 τουβίοις
