1884 3132
193 158 268 200 An
307 159 601 202 coNsTm.
645 158 842 201 PORPH.
878 161 949 200 DE
991 159 1172 202 (31111111.
1214 161 1311 201 Lm.
1354 163 1386 200 1.
1446 141 1554 216 471

118 262 411 316 antiquioribus
449 264 623 303 nummis
650 264 878 317 Byzantinis
921 271 981 302 est
1008 265 1249 317 conspicere
1310 264 1397 303 Non
1423 265 1559 318 itaque

116 317 235 356 video
257 348 269 368 ,
299 320 368 372 qui
395 321 543 372 possim
570 319 638 357 Du
668 320 819 372 Cangio
856 319 1090 371 adstipulari
1138 319 1368 373 chlamydes
1419 327 1458 358 et
1486 320 1559 358 cli-
1598 327 1600 330 ’

118 371 238 411 bania
275 374 549 412 confundenti.
621 374 775 426 Nempe
818 373 869 412 ad
899 373 1073 412 loinvill.
1104 389 1144 426 p.
1181 373 1269 425 141.
1304 374 1557 427 chlamydem

116 425 290 480 appellat
317 429 425 467 habit
471 429 540 467 des
573 429 787 467 chevalters
814 436 854 467 et
888 428 938 466 ad
994 428 1174 466 Alexiad.
1215 444 1257 481 p.
1287 430 1384 479 401.
1453 431 1555 472 di-

116 483 291 521 ctionem
331 479 439 534 μετιὶ
481 478 556 521 δύο
590 484 644 533 χ)
648 481 823 531 αμύδων
852 485 1137 535 interpretatur
1173 499 1270 522 avec
1297 485 1407 523 deux
1419 430 1554 523 Ccottes

114 536 159 574 d
158 551 287 576 armes
298 567 312 586 ,
355 537 397 576 id
433 545 491 576 est
532 551 625 575 cum
653 537 810 576 duobus
844 537 1062 585 militibus,
1094 539 1188 590 quia
1219 540 1367 577 nemini
1397 547 1554 591 praeter

114 591 260 631 milites
286 593 452 631 induere
495 591 747 644 chlamydem
786 607 855 631 seu
887 592 1051 630 loricam
1097 593 1268 632 licuerit.
1326 593 1552 647 *[Carolus

113 647 174 684 M.
205 647 346 686 diebus
373 647 483 686 festis
510 661 629 685 aurea
655 647 890 701 chlamyde,
919 649 1049 685 aureis
1095 649 1221 686 ocreis
1255 660 1458 701 aureaque
1483 663 1553 687 co-

113 715 213 740 rona
239 709 405 741 ornatus
451 701 715 754 procedebat,
744 717 826 755 quo
856 702 1088 741 imitabatur
1116 703 1300 742 CPtanos
1330 704 1551 756 Imperato-

111 769 189 805 res,
218 764 262 795 ut·
288 757 580 806 lastinianum,
609 756 659 795 de
685 771 765 810 quo
791 757 1054 810 Theophanes
1083 772 1125 809 p.
1158 758 1246 808 146.
1272 758 1360 811 196.
1351 788 1378 821 ‘.’
1405 766 1451 797 ut
1477 773 1550 811 ap-

109 818 224 863 paret
251 825 296 850 ex
309 811 535 850 Annalibus
562 811 753 850 Fuldens.
782 813 834 850 A.
858 812 952 866 876.
989 812 1159 851 Habitus
1189 820 1324 851 tamen
1354 815 1458 865 ipsos
1486 814 1552 852 di-

110 878 246 904 veisos
266 874 395 920 putat,
416 867 626 919 praecipue
643 863 792 918 retpa')
794 881 898 916 ωια,
910 868 975 904 Du
998 867 1180 920 Gangep.
1201 867 1286 907 158.
1301 869 1406 907 Diss.
1439 869 1550 907 loin-

109 919 257 974 vill.]*
314 921 488 960 Multum
534 922 689 960 diversa
725 921 847 974 pallia
870 922 1065 974 quadrata
1095 929 1135 961 et
1162 922 1402 976 chlamy.des
1474 923 1550 962 Illa

109 983 223 1014 erant
246 976 366 1028 pallia
397 977 579 1027 Graeca,
619 974 839 1027 δι’σχιστα,
870 976 945 1015 hae
973 976 1093 1029 pallia
1119 978 1301 1016 Romana
1334 993 1404 1017 seu
1431 978 1548 1031 palu-

108 1029 306 1071 damenta.
360 1032 424 1069 De
450 1031 652 1084 quadratis
679 1030 755 1069 illis
771 1033 904 1070 veniet
931 1046 1004 1070 suo
1029 1046 1191 1085 quoque
1217 1040 1397 1085 tempoie
1424 1047 1547 1086 agen-

106 1084 148 1122 di
178 1084 303 1125 locus.
360 1086 586 1124 Dicendum
613 1100 740 1124 unum
769 1086 927 1136 adhuc,
957 1088 1054 1140 quid
1088 1090 1167 1126 sint
1193 1089 1547 1151 claelanqydesfixae

105 1154 222 1193 super
244 1143 443 1180 humerum
462 1148 500 1179 et
543 1142 724 1180 clausae
714 1156 754 1179 111
774 1141 929 1179 Concil.
960 1142 1238 1195 AndegavcuS.
1260 1143 1314 1181 A.
1352 1143 1467 1183 1565.
1504 1145 1546 1182 in

107 1195 254 1234 verbis:
282 1211 352 1235 nec
367 1196 590 1247 chlamydes
603 1196 732 1251 fixas
757 1211 874 1250 supet·
914 1198 1127 1247 humerum,
1147 1198 1218 1235 sed
1251 1199 1426 1246 clausas,
1459 1199 1546 1236 lar-

103 1263 203 1300 gaS,
233 1251 369 1304 longas
386 1260 423 1289 et
442 1252 630 1289 honestas.
689 1252 803 1302 Quae
831 1251 896 1290 hic
923 1251 1021 1290 fixae
1049 1266 1169 1304 super
1198 1252 1412 1291 humerum
1430 1253 1543 1291 chla-

106 1305 244 1357 mydes
288 1305 563 1358 appellantur,
604 1320 673 1344 eae
720 1313 813 1344 sunt
832 1335 844 1354 ‚
873 1320 972 1358 quas
1000 1307 1123 1345 fibula
1151 1321 1269 1360 super
1297 1308 1435 1346 dextro
1463 1308 1545 1346 hu-

104 1373 216 1398 mero
242 1360 485 1398 continebat.
535 1361 699 1399 Clausae
718 1374 815 1399 vero
840 1368 933 1399 sunt
959 1360 1050 1399 illae
1076 1361 1172 1401 alias
1201 1363 1255 1400 sic
1285 1362 1414 1400 dictae
1440 1363 1543 1400 cloc-

105 1428 197 1462 cae,
237 1429 340 1467 quae
364 1415 585 1463 rotundae,
617 1415 669 1453 ad
696 1417 822 1453 instar
851 1415 1006 1454 cloccae
1035 1415 1098 1454 vel
1126 1430 1357 1468 campanae,
1387 1417 1428 1454 in
1459 1418 1545 1455 imo

103 1475 189 1507 toto
216 1469 369 1508 ambitu
402 1469 547 1508 solidae
577 1476 690 1508 erant
706 1499 717 1519 ,
747 1471 789 1507 in
817 1483 973 1508 summo
999 1473 1227 1522 angustiore
1255 1470 1408 1509 ambitu
1436 1470 1549 1509 sora-

106 1538 198 1562 men
222 1523 446 1572 habebant,
490 1538 560 1577 per
588 1524 698 1577 quod
731 1531 850 1576 caput
876 1532 916 1564 et
955 1525 1087 1562 cervix
1114 1532 1402 1563 exsererentur.
1459 1525 1541 1563 Ta-

103 1577 203 1617 lium
231 1578 456 1618 cloccarum
483 1581 675 1618 memoria
702 1586 742 1617 et
758 1580 948 1632 imagines
975 1580 1123 1631 passim
1150 1587 1364 1618 occurrunt
1391 1581 1433 1617 in
1451 1593 1541 1618 mo-

102 1635 305 1673 numentis
342 1635 463 1673 medii
505 1636 594 1672 aevi
615 1663 627 1684 ,
669 1634 780 1672 utin
816 1633 1118 1686 Longobardica
1145 1633 1213 1672 illa
1252 1633 1405 1682 tabula,
1436 1648 1540 1686 quae

101 1691 401 1728 coronationem
449 1691 551 1742 regis
578 1688 868 1742 Longobardici
896 1688 1054 1727 exhibet
1069 1719 1079 1737 ,
1111 1689 1163 1727 ab
1193 1690 1361 1727 Horatio
1390 1688 1540 1727 Blanco

40 1736 42 1738 .
101 1743 154 1782 ad
194 1745 498 1784 Warnefridum
535 1744 655 1783 edita.
723 1743 868 1781 Differt
906 1743 1038 1782 clocca
1080 1758 1103 1782 a
1143 1742 1300 1782 colobio
1326 1757 1401 1791 eo,
1429 1744 1538 1796 quod

100 1797 169 1837 illa
195 1799 403 1837 scissuram
433 1799 630 1837 modicam
659 1800 763 1836 inter
790 1797 985 1850 scapulaS,
1015 1806 1086 1836 aut
1114 1799 1234 1837 etiam
1261 1799 1313 1837 ab
1340 1800 1470 1836 antica
1498 1805 1539 1836 et

101 1853 252 1905 postica
279 1853 397 1892 simul
423 1853 611 1901 haben-,et
643 1854 694 1891 ab
721 1853 790 1891 illo
827 1853 1021 1891 foramine
1039 1882 1051 1902 ,
1082 1868 1154 1906 per
1183 1853 1292 1917 quod
1321 1859 1442 1905 caput
1471 1867 1538 1890 ex-

103 1907 332 1957 serebatur,
361 1923 443 1947 non
472 1908 644 1947 multum
684 1908 870 1946 deorsum
899 1916 1224 1961 procurrentem,
1256 1910 1297 1946 in
1331 1908 1412 1945 imo
1441 1906 1538 1945 soli-

100 1961 176 2000 da:
204 1938 403 2001 colobium
430 1977 526 2003 ve1o
554 1965 762 2003 scissuram
788 1962 840 2000 ab
867 1965 947 2000 ima
974 1977 1045 2001 ora
1090 1978 1208 2016 super
1236 1962 1367 2001 medio
1410 1968 1538 2014 pecto-

99 2031 144 2055 re
173 2017 224 2055 ad
251 2031 452 2056 summum
492 2033 617 2071 usque
659 2017 806 2056 collare
844 2018 1119 2056 ascendentem
1147 2018 1352 2066 hahebat,
1382 2022 1538 2055 caetera

100 2070 290 2110 solidum.
361 2073 561 2112 Discimus
597 2074 648 2112 de
673 2073 828 2124 reliquo
876 2086 920 2110 ex
950 2071 1020 2111 illo
1046 2073 1213 2111 Concilii
1241 2071 1543 2124 Andegavensis

99 2126 262 2165 laudato
290 2126 396 2177 loco,
423 2127 650 2180 chlamydes
685 2127 815 2166 adhuc
849 2127 962 2165 XIV.
1015 2127 1174 2166 saeculo
1217 2101 1380 2180 gestari*
1404 2125 1540 2165 solitas

100 2181 246 2231 fuisse3
277 2182 371 2220 item
393 2195 438 2220 ex
466 2182 670 2235 imagine,
699 2184 731 2221 si
759 2181 905 2234 quibus
930 2196 1018 2220 eam
1044 2189 1221 2235 spectare
1249 2181 1364 2229 licet,
1397 2181 1440 2218 in
1467 2193 1536 2218 co-

99 2235 188 2275 dice
229 2236 402 2289 quodam
428 2212 730 2275 membranaceo
757 2235 1021 2275 bibliothecae
1047 2236 1166 2274 huius
1191 2236 1302 2274 urbis
1330 2234 1512 2288 publicae
1523 2247 1546 2283 ,·

100 2292 170 2343 qui
198 2290 474 2344 complectitur
517 2291 674 2330 duobus
702 2291 917 2343 grandibus
961 2292 1004 2328 in
1032 2290 1128 2329 solio
1154 2289 1426 2329 voluminibus
1451 2288 1537 2326 Va-

100 2344 188 2384 lerii
213 2346 375 2384 Maximi
403 2345 597 2384 Gallicam
625 2345 991 2398 interpretationem
1037 2345 1304 2396 pulcherrime
1346 2339 1536 2395 scriptam

100 2407 140 2438 et
169 2415 266 2439 auro
294 2408 415 2454 atque
459 2400 624 2453 picturis
661 2399 939 2438 illuminatam.
1004 2399 1177 2453 Singulis
1205 2398 1317 2436 libris
1344 2398 1538 2451 praemis-

102 2469 168 2493 sae
193 2462 286 2493 sunt
313 2454 493 2508 singulae
519 2454 687 2508 grandes
718 2461 758 2491 et
785 2453 1076 2506 pulcherrimae
1103 2454 1309 2506 imagines,
1340 2466 1438 2505 quas
1465 2452 1537 2504 qui

102 2508 278 2548 intuetur
314 2524 396 2548 non
445 2516 574 2562 potest
602 2508 764 2547 illorum
790 2515 1015 2560 temporum
1030 2537 1041 2557 ,
1084 2508 1228 2559 quibus
1255 2514 1435 2546 exaratus
1462 2507 1538 2545 fuit

101 2563 247 2612 codex,
277 2565 316 2602 in
345 2564 546 2617 pingendo
573 2563 832 2602 subtilitatem
852 2569 892 2600 et
921 2562 1191 2602 dexteritatem
1219 2575 1299 2600 non
1329 2562 1479 2603 mirari.

180 2618 273 2658 255.
305 2620 352 2657 B.
374 2634 414 2673 9.
444 2618 556 2673 [440,
581 2617 658 2672 17.]
687 2618 883 2667 ‘calmi-mv
942 2617 1119 2669 Longam
1158 2617 1208 2655 de
1234 2615 1364 2655 tabliis
1390 2616 1535 2656 disser-

99 2669 288 2712 tationem
327 2673 395 2712 hic
429 2676 630 2727 positam,
670 2672 721 2712 ad
754 2685 875 2725 quam
927 2670 1048 2711 modo
1090 2670 1320 2725 ablegabam
1337 2702 1350 2725 ,
1392 2679 1536 2724 rogatu
