1884 3132
194 133 271 177 An
310 135 610 180 cousrm.
654 136 851 179 ponpa.
890 139 962 179 m:
997 134 1177 180 omum,
1228 138 1326 178 un.
1364 137 1399 177 1.
1434 115 1560 191 273

120 252 162 292 p.
185 251 273 293 ¹9²·
293 241 343 280 Δ.
396 242 461 281 De
487 241 566 281 alio
592 243 821 281 numerario
849 242 994 280 Hori-ei
1022 241 1105 280 vid.
1133 240 1184 280 ad
1211 255 1254 294 p.
1284 239 1379 291 405.
1409 240 1456 278 Β.
1510 238 1554 278 Si

120 292 212 332 talis
242 294 309 333 hic
337 296 568 349 intelligitur
594 298 873 346 numerarius,
911 310 992 335 non
1022 295 1138 334 video
1166 296 1361 334 rationem
1379 324 1390 345 ‚
1430 308 1556 347 quare

121 346 391 389 admissionali
428 351 600 390 addatur
640 358 679 390 et
734 351 832 404 quid
871 350 1066 389 ambobus
1101 352 1161 389 rei
1198 363 1410 388 commune
1437 350 1487 388 si‘t
1514 352 1556 388 in

122 403 373 456 negotiorum
402 413 510 444 tanta
548 405 879 450 dissimilitudine.
933 405 1003 443 Ait
1031 411 1164 444 autem
1203 406 1355 444 Auctor
1398 410 1556 455 noster,

122 456 441 498 admissionalem
468 460 682 513 praeivisse
719 459 947 498 numerario
986 458 1124 505 verba,
1165 471 1268 511 quae
1306 460 1557 498 numerarius

123 511 310 566 deinceps
338 513 444 552 clara
470 522 509 553 et
533 528 677 553 sonora
708 527 805 553 voce
833 515 1084 552 recitaverit:
1114 520 1154 552 et
1181 515 1354 566 primum
1393 514 1556 566 quidem

125 567 278 607 Graece
302 567 491 607 clamasse
516 570 788 607 numerarium
816 568 868 606 ab
904 566 1174 607 admissionali
1194 568 1380 606 edoctum
1404 564 1556 620 στήτω,

123 630 276 673 stagat,
306 637 450 676 nempe
478 625 668 676 patricius
695 636 718 661 e
745 623 833 662 loco
860 632 960 672 s'uo,
999 629 1069 661 aut
1096 632 1167 661 stet
1195 624 1236 661 in
1265 622 1433 675 pedibus
1475 625 1558 662 suis

126 683 305 727 erectus3
342 684 384 716 et
410 677 553 717 deinde
580 678 620 717 id
650 678 779 730 ipsum
817 679 959 716 Latine
989 689 1149 730 quoque
1176 678 1400 730 repetiisse:
1432 677 1557 726 Lem,

118 731 309 784 ραιηὶτὶι,
330 731 415 772 Ioco
429 761 440 780 ‚
469 740 560 771 aut:
598 728 708 771 cha
726 762 737 779 ,
768 734 940 787 patricie
956 741 1119 784 stratege
1134 762 1145 780 ,
1176 740 1245 770 aut
1253 733 1423 786 patricie
1437 746 1559 785 prae-

109 785 237 836 fecte,
254 786 352 825 loco.
405 787 519 826 Verti
547 802 587 840 p.
608 788 698 826 230.
726 787 779 826 A.
808 801 948 826 vocem
977 788 1090 825 leva:
1122 787 1214 825 tolle
1246 787 1391 825 velum.
1423 786 1563 839 Neque

122 837 272 878 desunt
295 840 396 879 mihi
420 842 592 881 rationes
612 871 623 891 ,
652 841 796 894 quibus
826 854 912 880 eam
941 842 1305 894 interpretationem
1333 841 1559 881 defendam.

126 893 206 932 Sed
233 895 391 934 mallem
413 904 545 935 tamen
573 898 736 936 vertisse
761 897 894 935 attolle
917 906 952 935 te
967 926 977 945 ‚
1013 911 1123 948 surge
1143 898 1184 934 in
1209 896 1347 950 pedes.
1408 896 1469 934 Ita
1499 910 1563 935 so-

118 945 264 988 >lebant
287 951 418 990 medio
452 965 551 990 aevo
579 951 745 990 verbum
771 953 903 990 levare
924 951 1113 990 adhibere
1134 965 1208 1004 pro
1230 949 1362 990 levare
1379 981 1390 1001 ‚
1419 951 1562 990 tollere

121 1009 252 1042 -semet
277 1005 407 1058 ipsum
427 1035 440 1056 ‚
467 1019 629 1059 surgere
652 1036 662 1052 ,
720 1014 765 1045 ut
797 1020 842 1044 ex
879 1005 1141 1044 Ordinalibus
1181 1005 1371 1046 Romanis
1407 1011 1561 1044 constat

128 1055 158 1096 l.
183 1071 222 1096 c.
234 1073 277 1112 p.
302 1059 419 1113 ¹47st
448 1061 576 1115 finita
612 1061 754 1099 litania
783 1062 903 1112 surgit
941 1060 1135 1099 Dominus
1174 1062 1362 1115 pontifex
1401 1061 1558 1099 dicens.-

124 1125 291 1152 onemus.
348 1114 549 1154 Diaconus
573 1130 584 1154 ε
612 1115 828 1170 flectamus
853 1129 992 1167 genua.
1051 1115 1316 1169 Respondemr
1338 1130 1349 1154 ε
1397 1115 1561 1154 Levat&

127 1166 320 1220 Pontifex
338 1170 435 1208 dicit
456 1172 668 1209 orationem
694 1177 769 1209 etc.
830 1170 876 1208 In
904 1169 1067 1208 ecclesia
1087 1170 1238 1209 Graeca
1266 1169 1342 1209 h'oc
1377 1170 1564 1209 dicebant

130 1217 276 1274 ὀρθοὶ,
316 1231 359 1262 et
377 1225 618 1263 coniunctim
655 1239 701 1263 ac
719 1225 828 1264 velut
855 1239 926 1277 per
958 1226 1183 1278 epexegesin
1211 1221 1338 1275 ὀρθοῖ
1352 1254 1363 1274 ,
1401 1226 1564 1274 στῶμεν

129 1276 281 1323 καλῶς.
334 1278 439 1317 Nam
467 1279 628 1332 quando
657 1280 905 1334 evangelium
931 1279 1141 1330 legendum
1162 1286 1278 1328 esset,
1303 1279 1564 1332 assurgebant

133 1336 174 1369 et
204 1330 362 1371 stabant
391 1348 462 1386 per
494 1342 618 1373 totam
668 1334 778 1372 illam
816 1334 1051 1383 lectionem3
1081 1336 1175 1373 item
1195 1362 1206 1383 ‚
1234 1334 1395 1385 quando
1427 1347 1564 1386 preces

131 1393 266 1423 essent
291 1387 518 1435 faciendae,
544 1389 814 1441 assurgebant.
870 1388 1176 1442 Chry-sostom'us
1210 1387 1361 1426 Homil.
1397 1389 1560 1426 XXIX.

132 1438 185 1490 ad
207 1440 400 1493 populum
421 1442 736 1481 Antiochenum:
769 1437 874 1493 εὐχή
903 1442 977 1480 καί
1003 1442 1141 1494 δέησις
1168 1439 1340 1492 ἐκτενής,
1384 1439 1455 1479 καί
1480 1437 1561 1493 γὰρ

124 1490 239 1532 αὐτὸ
277 1495 401 1533 τοῦτο
438 1493 483 1535 τὸ
513 1495 873 1547 παρακελεύεσθαι
919 1493 991 1534 τὸν
1021 1492 1206 1534 διάκονον
1242 1490 1375 1534 ἅπασι
1402 1494 1474 1533 καί
1500 1495 1567 1534 λέκ-

135 1560 245 1598 yar·
274 1546 411 1600 ὀρθοῖ,
436 1550 599 1599 στῶμεν
628 1551 790 1599 καλῶς,
821 1548 901 1600 οὐχ
939 1548 1080 1596 ἁπλαῖς
1133 1547 1230 1587 ου’ὸὲ
1269 1548 1359 1601 εἰκῆ
1399 1561 1567 1598 νενομο-

135 1597 335 1654 θέτηται·
363 1627 384 1633 -
415 1628 436 1635 -
467 1602 537 1643 dui
565 1605 686 1643 τοῦτο
716 1601 794 1655 γάρ
824 1604 959 1649 καλῶς
997 1600 1166 1643 ἑστάναι
1195 1604 1286 1641 κατ’
1314 1603 1466 1642 ἐκεῖνον
1494 1599 1567 1641 τὸν

135 1653 286 1709 καιρὸν
313 1653 580 1708 κελευόμεθα.
637 1655 684 1697 τὸ
714 1655 793 1711 γὰρ
823 1659 956 1704 καλῶς
984 1653 1151 1697 ἑστάναι
1181 1656 1303 1695 ου’δὲν
1331 1653 1432 1695 ἄλλο
1472 1655 1566 1696 ἐστὶ

133 1716 216 1749 etc.
272 1713 415 1766 Liquet
444 1728 489 1752 ex
524 1714 586 1753 his
617 1713 765 1762 verbis,
795 1709 921 1763 ὄρθοί
946 1714 1108 1751 seorsim
1134 1720 1172 1751 et
1198 1712 1412 1750 distinctim
1444 1725 1467 1749 a
1500 1725 1563 1749 se-

131 1766 349 1818 quentibus
381 1769 542 1818 στῶμεν
578 1768 713 1813 καλῶς
747 1767 990 1806 efferendum
1026 1781 1129 1815 esse,
1175 1774 1214 1805 et
1245 1780 1369 1818 novos
1393 1767 1565 1804 Graecos

136 1820 293 1860 inscitia
313 1824 555 1876 antiquitatis
593 1831 632 1862 et
665 1837 799 1861 errore
831 1823 990 1860 aurium
1005 1851 1016 1872 ,
1058 1836 1103 1860 ex
1142 1820 1363 1860 detestabili
1393 1834 1465 1858 suo
1500 1821 1567 1858 10⁴

138 1875 304 1914 tacismo
327 1877 496 1916 subnato
514 1909 524 1925 ‚
550 1879 789 1930 coniungere
812 1878 854 1915 in
885 1878 964 1915 suis
999 1873 1353 1915 exclamationibus
1379 1882 1470 1913 ante
1508 1874 1567 1913 le-

140 1929 311 1968 ctionem
347 1946 550 1971 sacrorum
582 1933 777 1972 librorum
802 1933 843 1970 in
870 1930 1031 1970 ecclesia
1048 1928 1178 1984 σοφία
1206 1926 1315 1981 ὀρθὴ
1332 1959 1343 1979 ,
1371 1935 1565 1981 tanquam

130 1983 173 2021 si
194 1992 295 2023 esset
319 1988 511 2040 sapientia
532 1997 638 2026 recta
654 2003 670 2036 ,·
695 2001 819 2040 quum
848 1985 1038 2024 deberent
1063 1999 1109 2023 ex
1128 1986 1251 2024 veteri
1276 1985 1455 2023 instituto
1484 1982 1566 2022 cla-⁷

139 2051 274 2077 mare:
304 2038 449 2093 σοφία,
478 2042 693 2097 Sapientia,
724 2043 799 2080 Dei
830 2052 987 2093 nempe,
1018 2054 1119 2079 nunc
1141 2040 1338 2094 loquetur,
1372 2052 1474 2076 nunc
1504 2050 1568 2076 rea

128 2090 338 2143 αἰαὸἒίιινς
382 2092 524 2147 ὀρθοῖ,
567 2091 716 2135 scilicet
755 2105 891 2144 estote,
922 2096 1019 2135 recti
1045 2096 1150 2141 sitis,
1181 2095 1321 2132 levate.
1375 2092 1568 2131 Alb'ertus

139 2146 338 2187 Stadensis
359 2148 410 2187 A.
439 2163 555 2204 1¹79-
580 2166 591 2189 ε
622 2151 734 2189 Data
770 2152 956 2189 sententia
999 2149 1043 2204 [a
1070 2162 1226 2187 summo
1257 2146 1470 2200 Pontifi‘ce]
1494 2160 1567 2185 vo*

139 2201 239 2240 lenti
253 2204 362 2257 loqui
379 2203 548 2258 deposito
574 2206 632 2256 [in
665 2205 843 2258 genubus
879 2212 918 2243 et
942 2211 1049 2244 terra
1075 2201 1232 2255 iacenti]
1261 2203 1356 2240 data
1399 2215 1476 2240 non
1512 2208 1570 2238 est

142 2257 340 2296 audientia
355 2287 365 2304 ,
396 2259 466 2296 sed
490 2260 668 2298 hostiarii
703 2261 946 2298 clamabant:
983 2259 1108 2297 levate
1124 2288 1134 2306 ‚
1163 2258 1306 2295 audate
1332 2257 1420 2307 [seu
1461 2254 1568 2293 abite

137 2307 272 2365 hinc}
335 2313 516 2351 Tenentes
543 2315 667 2352 locum
693 2323 731 2352 et
735 2315 875 2365 chwn
889 2343 901 2362 ,
930 2314 1109 2352 mebantes
1132 2315 1170 2350 et
1187 2313 1357 2350 levantes
1372 2308 1462 2364 [seu
1476 2323 1566 2347 sur-

136 2365 292 2418 gentes]
324 2369 366 2405 in
394 2369 536 2406 iustitia
574 2367 804 2420 [territorio]
830 2369 1013 2415 alicuius,
1038 2373 1253 2406 occurrunt
1275 2367 1314 2403 in
1332 2371 1430 2403 vett.
1449 2363 1566 2402 char-

142 2419 208 2458 tis.
262 2421 325 2459 Sic
360 2436 518 2475 quoque
544 2422 646 2461 infra
686 2423 794 2475 apud
826 2423 1018 2461 Nostrum
1053 2436 1095 2475 p.
1127 2419 1218 2470 404.
1243 2420 1291 2458 C.
1315 2418 1356 2469 4.
1396 2419 1567 2470 &anssei-

141 2486 216 2525 pro
235 2478 403 2527 transser-
424 2486 484 2523 te,
516 2476 593 2515 alio
620 2477 779 2529 migra3
807 2477 891 2515 vid.
921 2477 990 2515 Du
1015 2476 1147 2527 Cange
1175 2474 1307 2513 Gloss.
1330 2474 1422 2512 Lat.
1446 2472 1487 2514 h.
1521 2487 1565 2511 v.

145 2526 207 2566 Ut
222 2530 380 2569 redeam
408 2532 515 2570 unde
539 2532 719 2578 deverti,
761 2531 920 2569 videtur
956 2530 1055 2569 mihi
1087 2529 1337 2568 numerarius
1379 2541 1466 2566 esse
1499 2540 1568 2566 co:

144 2579 308 2623 hortalis
341 2585 481 2638 aliquis
509 2586 559 2624 de
587 2593 758 2639 tagmate
788 2585 954 2623 Numeri
982 2584 1046 2623 vel
1069 2583 1268 2622 Aritlimos
1285 2582 1408 2620 dicto.

232 2636 319 2688 Ι4ι.
343 2639 397 2678 A.
426 2655 460 2678 1.
484 2639 610 2694 [²4⁰³
657 2639 737 2693 13.]
775 2636 820 2677 τό
860 2639 999 2690 σέβας.
1054 2638 1224 2677 Videtur
1256 2636 1454 2702 peculiare
1491 2635 1565 2674 ali:

145 2690 252 2743 quod
287 2706 407 2745 genus
438 2695 699 2734 inclinationis
734 2694 911 2746 corporis
956 2707 1024 2732 seu
1059 2703 1373 2745 προσκυνησεως
1387 2718 1400 2743 ,
1420 2690 1566 2730 adom-1

188 2766 446 2804 Constantinus
470 2770 646 2817 Por-plur.
681 2771 756 2805 Vol.
778 2771 824 2805 11-.
1265 2768 1306 2801 18
