1884 3132
293 126 368 170 An
411 125 751 168 APPEchm
789 126 890 166 Lm.
933 127 965 165 1.
1019 126 1091 165 DE
1131 122 1389 166 mammon.
1471 102 1574 179 591

138 229 255 274 &dne
319 231 393 272 ἐπὶ
433 229 517 270 τῶν
556 228 801 280 γαμούντων
832 223 1024 282 Ἕλληνές
1064 242 1107 268 τε
1134 225 1206 267 καί
1225 225 1423 279 Ῥωμαῖοι
1453 241 1583 266 κατα-

143 287 412 337 σκευαζουσι.
479 286 585 335 Quia
628 287 748 338 igitur
775 286 898 324 tensis
935 299 1006 338 per
1045 285 1195 323 medias
1230 283 1379 336 plateas
1421 282 1582 322 chordis

142 341 470 382 insternebantur
504 341 546 378 in
564 339 634 379 tali
660 335 913 393 στεφανώσει
935 353 1004 378 seu
1034 346 1292 378 coronatmne
1318 347 1357 378 et
1377 337 1580 378 illumina—

137 400 248 437 tione
275 397 387 436 urbis
407 396 539 449 regiae
567 394 670 433 telae
696 395 844 434 sericae
875 395 1207 446 pretiosissimae,
1239 393 1341 432 aliae
1366 393 1417 432 de
1446 395 1581 446 parie-

137 453 245 492 tibus
278 452 436 491 aedium
466 465 511 490 ex
534 457 706 502 utroque
742 449 966 502 platearum
998 448 1122 488 latere
1150 449 1428 501 dependebant
1444 477 1456 498 ,
1488 449 1581 487 adi-

135 507 365 561 piscebatur
391 505 490 545 urbs
530 504 607 543 hoc
641 505 761 543 modo
796 505 965 556 speciem
1008 503 1207 543 umbellae
1242 503 1459 556 nuptialis3
1490 503 1576 543 vid.

132 562 189 601 ad
210 577 302 616 pag.
329 562 423 601 351.
446 561 491 599 Β.
515 560 553 599 3.
610 556 839 605 Παοτιὶδος
872 559 1085 612 imaginem
1128 559 1265 598 videre
1312 559 1404 598 licet
1441 558 1483 596 in
1507 558 1577 598 illo

133 617 278 670 grandi
318 614 492 656 Heraclii
513 628 706 661 nummo,
739 628 861 666 quem
888 614 955 652 Du
986 614 1120 666 Gange
1148 615 1189 652 in
1216 613 1397 653 Familiis
1419 613 1576 667 Byzan-

132 673 228 712 tinis
261 686 300 726 p.
322 685 411 711 112.
433 677 472 709 et
494 669 591 708 diss.
615 670 666 709 de
685 669 859 708 nummis
889 669 992 707 med.
1019 670 1107 707 aevi
1135 669 1219 707 tab.
1243 668 1284 720 4.
1310 669 1484 709 exhibet.

242 726 289 766 B.
311 726 352 765 5.
373 725 489 780 [5o5,
518 723 603 777 12]
635 721 796 776 τιάραν.
827 725 980 763 Vocem
1004 724 1108 763 hanc
1136 723 1326 787 Scholion
1356 724 1576 776 marginale

953 779 973 789 -v

132 781 266 820 reddit
292 793 447 834 τουφα.
506 780 691 818 Vicissim
715 794 758 832 p.
778 777 846 830 48.
882 779 930 821 C.
952 792 992 818 c).
1021 775 1099 830 τήν
1125 775 1227 831 τόγα
1257 791 1383 831 ηγουν
1409 777 1485 832 τήν
1511 793 1573 819 τι-

129 834 239 888 άραν
270 835 450 889 legimuS.
504 835 579 874 Est
620 841 753 873 autem
773 844 858 887 tog,
907 843 996 886 tug,
1045 830 1151 885 w'ya
1179 841 1220 873 et
1259 830 1400 887 τούφα
1447 834 1570 874 idem.

127 899 256 960 325⁶,
285 910 351 954 tog
371 899 436 939 vel
466 909 556 953 cleg,
589 900 722 939 Persis
740 907 798 938 est
822 899 941 945 πῖλος
969 895 1220 951 ὀρθοπαγῆς,
1239 895 1422 951 ἀκλινὴς,
1451 914 1572 954 super

128 970 210 1009 quo
234 955 444 995 fasciculus
463 970 687 1008 pennarum
723 969 791 994 seu
817 953 1045 1007 plumarum
1073 955 1446 1007 pretiosissimarum
1469 970 1570 996 auro

126 1010 193 1050 vel
227 1010 390 1050 aliunde
419 1012 613 1050 saetarum
639 1012 786 1049 eminet
813 1017 854 1048 et
880 1009 991 1049 velut
1023 1009 1158 1048 libella
1183 1017 1312 1048 nutat.
1372 1010 1570 1052 Libellam

125 1065 218 1104 dico
241 1080 360 1105 omne
390 1065 604 1115 oscillan33
634 1065 841 1115 λιβέλλιον
874 1079 898 1103 a
944 1064 1130 1104 librando
1162 1063 1366 1118 appellant
1407 1080 1570 1120 quoque

123 1121 223 1160 novi
246 1121 402 1160 Graeci.
459 1121 593 1159 Variis
616 1119 744 1159 modis
773 1127 962 1173 corrupta
1001 1120 1100 1159 haec
1132 1133 1208 1158 vox
1239 1135 1262 1159 a
1298 1120 1459 1160 Graecis
1489 1123 1568 1162 La-

123 1177 232 1214 tinae
260 1177 424 1230 originis
452 1176 614 1229 ignaris.
673 1174 797 1214 Modo
823 1176 929 1214 enim
965 1172 1127 1226 λιβρίον
1171 1174 1330 1214 exhibet
1355 1175 1567 1217 Tacticum

124 1230 375 1270 Constantini
405 1232 705 1279 Meursianum,
734 1230 855 1269 modo
882 1229 1088 1281 ὀίβέλιον;
1127 1243 1168 1272 v.
1198 1231 1264 1269 Du
1294 1230 1428 1285 Cange
1455 1240 1567 1273 utra-

121 1299 204 1338 que
242 1299 342 1325 voce
381 1293 422 1324 et
458 1287 499 1323 in
530 1286 743 1324 Libet-atio.
798 1286 908 1323 Inter
939 1286 1107 1338 insignia
1136 1285 1353 1338 imperialia
1382 1297 1567 1329 numerat

123 1339 302 1379 eodinus
324 1354 360 1379 c.
388 1340 481 1378 XV.
506 1354 547 1378 n.
576 1354 642 1378 20.
673 1338 895 1392 praelatum
924 1342 965 1379 in
1003 1339 1185 1378 ccclesias
1213 1341 1443 1392 procedenti
1482 1345 1564 1384 Im-

122 1394 296 1446 peratori
325 1390 409 1433 ὕπὸ
441 1393 517 1433 τοῦ
559 1394 726 1446 Τζαγγᾶ
770 1394 831 1446 (id
860 1402 917 1433 est
948 1409 971 1433 a
1001 1393 1252 1446 τζαγγαρίου
1274 1425 1285 1444 ‚
1315 1410 1338 1434 a
1370 1397 1563 1439 calceario

122 1449 331 1502 imperiali)
356 1444 402 1488 τὸ
438 1447 644 1499 διβέλλιον
672 1446 746 1487 ἐπί
771 1449 852 1486 τῶν
880 1442 1019 1499 ὤμων.
1050 1449 1162 1487 Idem
1191 1450 1243 1487 V.
1262 1465 1305 1488 n.
1328 1451 1398 1490 63.
1422 1467 1560 1495 omnes

122 1503 323 1557 Barangos
349 1510 519 1558 gestasse
558 1502 755 1541 libellium
773 1532 783 1550 ‚
816 1503 936 1555 idque
964 1504 1199 1557 Imperatori
1226 1505 1267 1542 in
1304 1513 1433 1545 castra
1464 1524 1563 1562 pro-

120 1558 275 1598 cedenti
299 1558 520 1612 praelatum
551 1558 672 1597 fuisse
699 1560 769 1596 ait.
828 1559 952 1597 Vides
975 1561 1168 1612 originem
1192 1559 1342 1599 caudae
1366 1565 1559 1616 equinae,

121 1614 288 1667 insignis
309 1614 490 1653 militaris
511 1614 547 1652 T
549 1614 693 1662 urciei‚
727 1613 834 1665 quod
860 1614 1003 1653 Graeci
1027 1621 1116 1667 post
1136 1614 1339 1653 saeculum
1359 1616 1559 1660 decimum

117 1682 144 1707 a
182 1669 363 1722 Bulgaris
406 1669 634 1708 assumsisse
685 1669 782 1719 (vid.
827 1669 894 1707 Du
927 1670 1058 1723 Cange
1091 1669 1238 1708 Famil.
1268 1670 1436 1724 Byzant.
1465 1689 1559 1729 pag.

121 1724 214 1764 311.
241 1724 311 1767 lin.
343 1724 420 1774 12.)
464 1731 504 1762 et
543 1724 594 1762 ad
626 1724 780 1762 Turcas
810 1726 1071 1764 transmisisse
1103 1725 1306 1764 videntur.
1364 1727 1446 1767 Nisi
1483 1745 1557 1784 po-

118 1779 201 1818 tius
227 1779 349 1818 Turci
369 1809 381 1828 ‚
411 1778 551 1817 eadem
584 1778 772 1817 Hunnica
806 1781 959 1832 origine
983 1794 1075 1819 cum
1113 1780 1294 1834 Bulgaris
1317 1784 1428 1833 nati,
1466 1785 1506 1823 id
1529 1800 1552 1825 a

118 1834 299 1885 patribus
333 1834 527 1873 traditum
567 1835 816 1874 retinuerint.
871 1835 994 1874 Vides
1032 1848 1215 1888 quoque,
1242 1842 1287 1874 ut
1312 1836 1497 1882 Ianitzari
1528 1855 1553 1880 a

118 1888 310 1942 Barangis
329 1889 552 1941 acceperint
584 1897 784 1942 gestamen
814 1889 973 1929 libellae
1013 1904 1083 1928 seu
1119 1890 1295 1930 fasciculi
1310 1905 1551 1945 pennarum,

116 1957 238 1995 super
256 1943 447 1982 calantica
475 1958 545 1982 sua
580 1959 602 1982 e
629 1958 730 1983 cono
764 1953 951 1998 argenteo
979 1947 1250 1998 exsurgentiS‚
1297 1947 1476 1999 qualium
1509 1951 1552 1989 in

117 1996 255 2036 lunam
282 2006 490 2037 cornutam
525 1999 862 2038 conformatarum
889 2002 1102 2053 imaginem
1130 2000 1267 2039 videre
1300 2009 1358 2040 est
1388 2005 1428 2040 in
1456 2004 1551 2042 Col-

116 2051 284 2091 lectione
317 2053 556 2092 Ferriolensi
594 2054 823 2094 tabularum
870 2057 951 2094 aeri
995 2056 1211 2093 incisarum
1243 2056 1348 2094 edita
1389 2057 1551 2099 Parisiis

122 2106 239 2158 1714.
260 2107 345 2146 tab.
374 2107 432 2147 16.
471 2109 510 2146 in
545 2109 713 2162 imagine
755 2109 901 2148 Sulack
932 2109 1073 2148 Baschi
1113 2124 1183 2148 seu
1218 2110 1422 2163 Capitanei
1457 2127 1550 2165 pro-

113 2167 310 2201 tectorum
336 2164 468 2215 magni
497 2162 648 2202 domini
669 2195 681 2213 ‚
714 2172 752 2203 et
781 2165 864 2203 tab.
889 2165 955 2203 50.
975 2166 1015 2203 in
1038 2166 1209 2217 imagine
1227 2165 1548 2207 Tschorbadschi

114 2229 183 2254 seu
225 2217 428 2270 Capitauei
469 2217 766 2257 Ianissarorum.
836 2219 1071 2258 Oseilariam
1107 2219 1237 2272 regale
1267 2222 1417 2272 signum
1445 2223 1549 2262 banc

114 2269 289 2310 libellam
316 2271 489 2324 appellat
502 2273 668 2311 Ioannes
679 2273 939 2312 Thwroczius
961 2275 1067 2327 apud
1083 2275 1149 2311 Du
1172 2275 1364 2328 Cangium
1379 2291 1420 2315 v.
1437 2277 1546 2316 Osti-

110 2324 258 2365 Iarium
286 2328 353 2377 (sic
393 2326 458 2364 ille
497 2325 601 2365 male
626 2327 837 2379 exhibet):
897 2329 1099 2367 dextrarii
1116 2330 1289 2368 solennes
1312 2345 1397 2368 cum
1418 2335 1545 2372 armis

112 2388 151 2417 et
173 2384 423 2434 operimentis
449 2382 621 2419 omnihus
648 2384 817 2436 ipsomm
843 2384 1154 2435 gloriosissinu'5‚
1202 2399 1266 2422 seu
1298 2387 1508 2424 attinentiis
1529 2418 1541 2436 ‚

108 2446 194 2472 cum
205 2435 399 2474 Sar-tanea
434 2450 567 2474 currus
589 2436 663 2487 [ita
695 2437 855 2475 videtur
887 2437 1097 2491 legendum
1132 2451 1241 2489 esse,
1277 2453 1358 2477 non
1389 2441 1541 2495 curt-us]

110 2501 177 2526 seu
203 2491 339 2528 mobili
365 2500 433 2528 aut
458 2491 639 2529 oscilario
664 2493 822 2542 regnali
850 2494 958 2543 signo
987 2493 1151 2546 desuper
1153 2495 1302 2544 jot-ma
1323 2496 1411 2533 avis
1439 2506 1544 2534 stru-

110 2541 249 2581 thionis
277 2545 463 2583 deaurato
498 2554 534 2582 et
555 2555 748 2597 gemmato
789 2546 894 2585 dicto
934 2549 1164 2586 monasterio
1195 2548 1284 2586 dati
1303 2557 1343 2586 et
1373 2553 1542 2588 concessi

109 2598 350 2638 exstiterunt.
409 2599 595 2638 Viderint
623 2600 826 2652 Hungari,
864 2615 1011 2639 verane
1045 2602 1253 2641 tradiderit
1293 2604 1390 2642 civis
1417 2618 1538 2654 suus,

111 2647 310 2699 libellam,
359 2654 515 2705 qualem
557 2655 753 2704 diximus,
803 2655 1029 2708 Hungarice
1068 2656 1300 2696 Sartaneam
1329 2658 1538 2711 appellari.

110 2701 251 2756 Tufia,
297 2708 429 2759 qualia
459 2708 547 2748 vult
583 2710 790 2748 Tacticum
821 2710 1066 2749 Constantini
1099 2713 1370 2752 Mcursianum
1399 2714 1438 2752 in
1467 2729 1538 2768 po-
