1884 3132
203 98 278 138 An
323 90 623 140 corisum.
658 96 856 139 ponpa.
897 97 970 138 m:
1008 95 1196 138 cmm.
1227 97 1330 139 mn.
1354 99 1388 138 1.
1441 80 1506 134 31
1528 99 1548 133 1

128 203 321 250 quantum
344 199 524 246 memini,
540 211 736 251 nusquam
759 194 1063 250 φλάιιμουλον,
1092 196 1161 236 sed
1178 211 1332 250 semper
1358 205 1427 237 aut
1447 196 1556 252 φλά-

124 252 307 301 μουλλον
327 260 396 291 aut
426 250 668 305 φλάμουλον
688 252 855 304 simplici
880 266 913 300 ,ιι
935 260 1138 290 exaratum
1163 253 1333 292 exhibet.
1387 255 1554 293 Memini

126 312 320 345 nostrates
362 307 527 355 dicere,
540 307 716 353 manos,
747 313 904 359 gentem
931 307 1157 345 Tataricam
1177 336 1188 355 ,
1227 322 1351 360 quum
1376 315 1555 361 tempore

125 363 269 413 nuperi
286 361 380 399 belli
399 362 600 400 Bohemiei
608 376 690 424 ‘per
709 361 919 399 saxoniam
938 368 1115 399 nostram
1135 370 1390 414 vagarentur,
1414 366 1555 416 (neque

129 415 235 453 enim
256 417 343 479 ipse
372 415 455 454 vidi
481 422 577 454 tune
606 417 646 453 in
666 415 802 469 Belgio
819 415 965 468 degens
978 416 1004 463 ,)
1036 415 1221 455 habuisse
1255 418 1334 456 suis
1361 419 1400 455 in
1431 418 1554 457 hastis

125 468 222 507 talia
258 467 530 522 φλάμουλλα,
555 469 760 524 flabella,
790 470 940 508 taenias
968 469 1264 522 dependentes,
1293 485 1373 510 non
1402 473 1554 512 nobiles

127 530 197 562 aut
220 523 483 574 vexilliferos,
511 515 579 563 sed
607 525 829 577 gregarium
861 538 1200 577 unumquemque.
1260 526 1374 564 Talia
1397 526 1553 566 flabella

58 586 66 592 “
127 577 247 617 fnisse
271 592 432 632 quoque
460 554 708 632 φλάμουλλα
738 578 1007 631 Scriptoribus
1042 579 1270 632 Byzantinis
1303 589 1547 628 memorata,

118 634 316 672 *evincunt
348 632 434 671 loca
466 647 590 686 paene
622 633 756 672 omnia
785 647 808 671 a
835 634 902 672 Du
929 633 1079 685 Cangio
1108 635 1150 672 in
1174 634 1304 673 Gloss.
1335 636 1408 673 Gr.
1442 636 1483 674 h.
1506 651 1548 675 v.

126 688 262 727 citata.
316 686 409 740 *[In
433 687 690 726 Monomachi
724 685 973 726 flammulum
998 688 1122 726 edidit
1145 688 1266 727 Pseili
1305 703 1441 728 versus
1469 692 1550 729 Leo

127 740 301 781 Allatius
320 741 489 781 diatribe
512 742 563 780 de
583 741 725 781 Pseliis
744 757 782 795 p.
806 743 872 796 59.
903 741 998 781 edit.
1017 742 1054 780 F
1054 743 1162 782 abric
1166 742 1223 797 .]*

241 795 328 851 178.
347 797 400 836 A.
414 795 454 835 8.
479 795 593 851 [305‚
621 795 702 850 12.]
746 792 819 842 δὸς
853 792 1171 847 μεταστάσιμον.
1239 797 1310 836 Da
1344 798 1550 845 sei-essum,
1569 815 1629 849 Ed
1642 816 1677 849 L
1692 818 1736 862 93

127 851 168 890 id
189 858 248 890 est
274 851 404 891 indica
431 851 692 890 secedendum
711 851 942 905 proceribus
976 851 1055 891 alio
1083 866 1164 891 esse
1213 866 1341 906 neque
1383 853 1550 892 ulterius

125 905 397 946 comitandum
426 907 725 960 Imperatorem.

233 982 281 1022 B.
305 995 365 1025 12.
386 981 494 1038 [306,
518 982 574 1037 2.]
605 982 876 1023 εἶσὲλθυνται.
929 983 989 1022 Μ.
1019 982 1231 1033 εἶσελθον,
1260 983 1300 1022 id
1329 991 1387 1022 est
1418 981 1547 1023 εἰσελ-

124 1031 284 1083 θόντες.
339 1037 391 1076 V.
410 1037 502 1091 adp
593 1053 634 1092 9.
651 1039 698 1077 B.
719 1052 761 1092 9.

234 1091 288 1130 D.
307 1091 349 1143 4.
370 1091 482 1147 [306,
507 1052 590 1146 ⁰18¹}
619 1093 690 1146 τῶ.
746 1094 806 1133 Μ.
838 1089 921 1132 τὸν.
976 1093 1038 1132 De
1069 1106 1167 1132 voce
1196 1091 1438 1146 προφέκτωρ
1474 1106 1547 1146 pro

116 1147 313 1200 praefecte
336 1160 378 1185 v.
405 1147 456 1186 ad
477 1161 516 1199 p.
535 1161 626 1201 227.
642 1131 691 1185 D.
1316 1173 1322 1181 ι

213 1213 298 1254 ¹79-
319 1199 374 1240 A.
390 1203 429 1244 8.
443 1201 558 1255 [307‚
579 1201 633 1255 5]
652 1200 794 1252 μέσον.
849 1203 990 1241 Graeci
1018 1217 1059 1241 se
1088 1214 1206 1242 cruce
1234 1203 1391 1255 signant
1411 1216 1435 1240 a
1451 1201 1549 1241 dex-

122 1261 186 1293 tra
209 1255 259 1293 ad
279 1256 507 1306 sinistram,
530 1271 626 1295 avec
647 1258 740 1295 trois
760 1257 884 1310 doigts
898 1259 1047 1308 joi,nts
1069 1273 1121 1312 qu
1126 1258 1184 1295 ’tls
1207 1266 1365 1311 portent
1382 1257 1412 1295 cl
1415 1258 1554 1296 'abor-d

123 1311 151 1347 ὰ
196 1310 238 1348 la
277 1312 418 1349 bouche
446 1320 484 1350 et
518 1311 568 1349 de
597 1312 638 1350 la
678 1312 816 1350 bom-he
843 1315 870 1350 ὰ
900 1312 1119 1359 l'escomac‚
1157 1312 1206 1349 de
1246 1313 1286 1349 la
1309 1311 1435 1350 drozte
1460 1314 1487 1350 21
1507 1313 1550 1350 la

123 1365 288 1416 gaus-lie,
311 1365 446 1416 (verba
474 1373 566 1404 sunt
584 1366 643 1404 La
670 1365 808 1404 C10isii
831 1365 882 1404 de
907 1366 931 1404 l'
948 1367 1082 1419 Eglise
1105 1367 1286 1417 Giecque
1313 1380 1403 1418 pag.
1434 1366 1502 1406 25.
1517 1369 1547 1416 ‚)

125 1417 169 1455 h.
196 1431 232 1455 e.
252 1417 304 1456 ab
333 1431 402 1457 ore
431 1421 473 1457 in
496 1421 696 1471 regionem
722 1419 954 1469 ventriculi,
1001 1420 1052 1458 ad
1076 1420 1289 1458 humerum
1310 1434 1430 1472 porro
1454 1420 1549 1457 dex-

123 1478 256 1520 trum,
290 1479 329 1511 et
366 1474 408 1511 in
435 1474 592 1511 sinistro
616 1474 777 1512 tandem
812 1474 1010 1516 desinunt.
1067 1475 1203 1523 Quum
1245 1474 1366 1525 igitur
1394 1474 1550 1512 dicatur

128 1502 351 1579 Impeiator
373 1527 520 1580 populo
537 1530 664 1566 crucis
694 1528 805 1580 signo
831 1529 1090 1576 benedixisse,
1107 1529 1281 1579 primum
1296 1541 1434 1566 versus
1465 1542 1550 1566 me-

126 1580 239 1619 dium
266 1582 442 1632 circum,
471 1581 563 1620 dein
592 1582 643 1620 ad
664 1582 882 1628 Venetam,
906 1581 1067 1620 tandem
1094 1582 1143 1619 ad
1168 1582 1379 1619 Prasinam
1411 1582 1551 1620 factio-

126 1648 243 1682 nem,
275 1635 386 1675 velut
414 1636 548 1675 osculo
573 1638 776 1689 proiecto,
804 1637 928 1689 liquet
954 1637 1128 1674 Venetos
1148 1636 1196 1673 ad
1217 1635 1426 1685 dextram,
1450 1637 1551 1675 P1a-

127 1690 235 1729 sinos
261 1690 312 1729 ad
335 1692 534 1730 sinistram
555 1692 710 1733 sedisse.
767 1690 893 1729 Clalis
911 1704 1068 1754 quoque
1087 1691 1219 1728 verbis
1248 1690 1290 1728 id
1324 1690 1420 1728 dicit
1448 1691 1551 1729 Pro-

127 1746 265 1807 copius
293 1759 337 1798 p.
368 1747 439 1795 42.
473 1746 513 1784 5.
545 1746 610 1784 ed.
650 1745 884 1786 Hoeschel.:
922 1741 1063 1807 ἐπειδὴ
1104 1757 1196 1794 περι
1234 1741 1311 1795 τήν
1348 1743 1551 1794 βενέτειον

128 1794 305 1849 ἐγεγόνει
331 1797 480 1849 στοὰν,
511 1797 536 1852 ἦ
565 1799 643 1838 τοῦ
666 1799 870 1850 βασιλέως
898 1795 1053 1850 θρόιου
1079 1797 1124 1836 ἐν
1152 1797 1266 1852 δεξιᾷ
1297 1797 1424 1838 ἐστιι.
1482 1799 1552 1837 In-

128 1853 248 1905 signis
273 1868 431 1917 quoque
466 1854 578 1893 locus
603 1861 662 1893 est
695 1853 863 1892 Malaiae
896 1854 948 1891 Τ.
982 1853 1037 1891 ΙΙ.
1060 1867 1098 1904 p.
1133 1854 1198 1892 50.
1219 1867 1230 1891 :
1259 1866 1281 1890 e
1307 1867 1388 1905 qno
1428 1851 1554 1906 liquet

128 1907 351 1947 Prasinos
341 1924 383 1947 m
413 1910 570 1948 sinistra
590 1909 856 1955 cathismatis‚
894 1915 939 1946 ut
965 1921 1077 1945 caros
1109 1907 1343 1959 Imperatori
1363 1936 1375 1958 ,
1412 1909 1482 1969 qni
1512 1907 1554 1945 id

128 1961 352 2011 ordinavit,
388 1963 611 2002 honestiore
646 1963 761 2013 loeo,
787 1938 931 2002 sedisse
959 1969 998 2000 et
1024 1963 1309 2024 imperatorem
1344 1975 1365 1998 a
1396 1961 1554 1999 sinistra

130 2018 279 2069 pariter
312 2031 470 2070 quoque
500 2026 706 2070 spectasse.
762 2017 882 2067 Quod
914 2017 1108 2069 posterius
1147 2015 1319 2053 fueritne
1352 2022 1555 2053 servatum

129 2071 338 2123 deinceps,
356 2086 438 2110 non
466 2072 658 2123 dixerim,
677 2079 814 2125 putem
843 2079 976 2110 tamen
999 2071 1248 2109 Constantini
1279 2072 1403 2107 nostri
1426 2077 1555 2108 aetate

131 2126 393 2177 Imperatores
423 2140 445 2164 e
484 2127 614 2166 medio
645 2127 878 2166 cathismate
926 2133 966 2164 et
1003 2139 1048 2164 ex
1093 2138 1218 2177 aequo
1262 2125 1302 2162 in
1346 2132 1554 2176 utramque

132 2179 236 2218 Circi
265 2187 419 2244 partem
442 2188 647 2244 spectasse.
704 2183 834 2219 Locus
865 2180 1034 2219 Malalae
1074 2179 1140 2217 hie
1166 2186 1224 2217 est
1254 2178 1303 2216 de
1331 2178 1554 2216 Theodosio

133 2236 317 2273 iuniore:
364 2231 506 2300 ἔχαιρε
544 2235 601 2273 τῶ
639 2236 825 2298 πρασίνῳ
863 2235 1003 2298 μέρει,
1040 2246 1110 2271 και
1139 2230 1387 2271 ἄντεποιειτο
1416 2231 1556 2271 αὐτῶν

132 2285 240 2327 κατὰ
267 2284 398 2328 πόλιν.
453 2288 498 2327 ἐν
525 2274 589 2327 δὲ
598 2287 778 2328 ΚΠόλει
814 2284 1050 2346 μετήγαγεν
1082 2283 1254 2335 αὐτοῦς,
1291 2286 1556 2349 θεωροῦντας

133 2339 293 2410 πρώην
306 2341 365 2389 εἰς
389 2339 439 2382 τὰ
468 2339 581 2390 δεξιὰ
608 2341 737 2381 αυτοῦ
764 2340 899 2408 μέρη,
933 2342 1005 2380 καί
1033 2340 1223 2392 εποίησεν
1259 2336 1411 2386 αὐτοὺς
1447 2342 1555 2378 θεω-

135 2401 223 2460 ρεῖν
254 2395 312 2444 εἷς
337 2393 388 2436 τὰ
415 2393 616 2449 ἀριστερά
647 2393 802 2446 βάθρα,
826 2410 894 2434 και
923 2392 1020 2441 τούς
1047 2395 1118 2446 τῆς
1143 2390 1404 2446 πεὸατούρας
1424 2408 1553 2446 στρα-

136 2446 287 2496 τιῶτας
321 2447 418 2514 τρὺς
446 2451 659 2489 κατέναντι
682 2452 755 2488 τοῦ
792 2450 1049 2499 καθίσιιατος
1071 2448 1334 2499 θεωροῦντας
1359 2447 1554 2500 μετέστη-

137 2518 207 2542 σεν
227 2505 297 2544 ἐπί
317 2502 363 2543 τὸ
391 2505 556 2556 βένετον
582 2504 705 2554 μέρος
734 2502 804 2542 καὶ
831 2500 883 2540 τὰ
911 2502 1054 2566 βάθρα
1082 2486 1210 2540 ἐὸωκε
1236 2506 1322 2549 τοῖς
1347 2503 1420 2540 ’τοῦ
1449 2516 1556 2552 πρα-

138 2555 253 2596 σι’νου
280 2558 449 2625 μέρους,
473 2556 642 2611 εἰρηκώς
671 2557 724 2611 τῷ
754 2553 1077 2620 εἠάρχῳΚύρω,
1108 2551 1169 2594 ὅτι
1206 2569 1306 2606 ,,ους
1330 2557 1453 2620 φιλῶ,
1481 2570 1557 2594 κα-

109 2610 302 2651 ·τὲναντί
333 2626 415 2662 μου
459 2612 570 2652 θέλω
610 2614 802 2662 θεωρεῖν·
806 2611 824 2626 ”
851 2611 923 2650 καί
955 2608 1150 2673 ἔκραξαν
1167 2608 1212 2648 ἐν
1239 2607 1418 2649 ΚΠόλει
1446 2607 1484 2649 οἱ
1510 2609 1556 2649 ἐκ

139 2666 212 2703 τοῦ
240 2666 437 2719 πρασίνου
467 2667 619 2721 μέρους
640 2668 694 2720 τῷ
724 2664 833 2723 αὕτη)
856 2667 1043 2716 βασιλεῖ·
1071 2660 1154 2717 „wi
1183 2662 1270 2704 ι’δια
1300 2669 1380 2711 τοῖς
1403 2663 1557 2710 ἰδώις.“’
