1884 3132
225 141 300 183 An
338 138 636 182 consum.
673 135 870 178 Pomm.
914 136 986 176 DE
1039 133 1221 176 cmm.
1258 132 1356 173 un.
1396 132 1431 172 1.
1466 108 1581 177 415

252 242 301 281 C.
323 255 386 281 ιο.
416 239 532 296 [4¹2³
568 237 649 292 io.]
690 231 847 291 ὀφείλω
893 230 1080 286 δώματα.
1158 232 1370 273 Debebunt
1400 246 1446 272 ex
1478 231 1584 271 anti—

143 311 226 352 quo
252 298 335 336 ritu
369 297 634 348 Imperatores
660 294 755 332 novi
784 292 977 331 militibus
1005 290 1196 340 donaria,
1225 301 1480 328 nummorum
1508 301 1583 325 au·-

144 366 307 393 reorum
351 358 507 390 certum
541 362 752 388 numerum
766 377 778 395 ‚
818 360 922 400 quae
957 345 1196 398 Augmtiaca
1239 351 1279 383 et
1326 343 1584 396 Augustani-a

145 407 466 462 appellabantur.
538 403 743 443 Ammian.
775 399 957 441 Marcell.
994 415 1034 453 p.
1062 398 1158 452 487.
1188 399 1237 438 ob
1258 399 1585 453 nuncupationem

143 471 349 515 magu-seam
364 461 496 500 debita
520 458 706 513 appellat,
731 457 802 496 ubi
830 456 914 495 vid.
943 455 1090 505 vales„
1118 462 1158 494 et
1184 453 1412 507 Theophyl.
1431 453 1579 492 Simoc.

144 512 398 569 ἐπιβατήρια
434 514 518 554 τῶν
562 509 778 564 σκήπτρων
813 510 930 563 δῶρα
949 541 960 558 ,
1008 509 1117 549 conf.
1148 510 1322 562 Procop.
1354 507 1513 547 Anecd.
1541 522 1584 560 p.

151 571 240 612 108.
268 585 333 610 20.
403 569 508 608 Hinc
535 567 781 620 intelligatur
822 568 949 606 oratio
987 565 1158 604 Macrini
1197 564 1249 603 ad
1288 562 1435 603 milites
1472 563 1582 615 apud

144 624 349 679 Lamprid.
378 624 430 663 T.
461 625 493 666 1.
521 623 607 662 Ser.
641 623 694 662 Η.
722 621 826 675 Aug.
853 636 897 674 p.
925 622 1018 676 773.
1034 636 1047 660 ε
1076 621 1211 659 habete
1239 616 1384 672 igitur,
1418 619 1583 657 commi»

144 683 306 729 litones,
341 693 420 734 pro
455 679 619 732 imperio
642 691 779 716 aureos
798 686 949 725 tet-nox,
982 690 1061 731 pro
1096 675 1293 715 Antonini
1324 675 1482 714 nomine
1505 687 1582 711 au-

146 751 232 776 reos
249 736 387 791 quinos
400 763 411 781 ‚
447 743 486 772 et
504 733 639 772 solitas
665 734 932 787 promotiones
946 759 957 780 ,
997 731 1069 770 sed
1108 731 1341 784 genu‘natas.
1397 729 1478 768 Dii
1498 729 1582 780 sa-

143 792 282 841 ciant,
305 798 347 828 ut
374 790 468 827 haec
494 789 646 843 saepius
666 787 781 843 fiam
800 800 811 836 3
832 787 883 838 (id
910 793 991 833 est,
1032 793 1079 825 ut
1106 782 1421 839 quinquennalia
1448 784 1581 836 saepi-

144 860 195 885 us
230 850 440 884 recurrant
490 850 531 882 et
575 844 668 896 ipsis
694 844 830 882 iuncta
856 842 1133 895 augustatica3)
1162 841 1341 881 dabimus
1364 847 1491 878 autem
1507 852 1585 893 pet·

142 909 279 940 amota
312 899 575 955 qza‘nqzoennia
605 897 666 947 id,
687 898 796 952 quod
820 897 935 936 hodie
960 897 1246 952 deputavimus.
1302 895 1388 934 Pro
1413 893 1587 950 imperio

144 955 247 995 dixit
275 954 341 994 hic
367 953 462 1003 loci,
491 967 564 1007 pro
592 951 662 991 illo
692 952 914 991 Marcellini
942 952 991 991 ob
1026 961 1232 1005 augustam
1258 953 1582 1006 nuncupationem

141 1011 297 1057 debita,
334 1008 399 1048 vel
425 1008 473 1046 ob
496 1008 645 1047 natales
666 1009 825 1062 imperii
861 1008 1004 1056 nostri,
1043 1003 1150 1059 ὑπὲρ
1178 1007 1250 1058 τῆς
1280 999 1584 1059 αὐτοκρατορί-

143 1079 196 1111 ας
222 1063 356 1117 ἡμῶν.
411 1063 472 1102 Ex
501 1062 625 1102 veteri
654 1076 765 1101 more
792 1062 1023 1115 flagitabant
1050 1063 1225 1100 Romani
1254 1075 1278 1101 a
1306 1061 1516 1100 Friderico
1544 1061 1580 1100 1.

143 1120 384 1160 Barbarossa
410 1125 603 1171 tanquam
639 1117 818 1157 debitum
845 1119 1022 1170 quinque
1062 1116 1190 1156 millia
1221 1116 1414 1156 librarum
1431 1145 1443 1166 ‚
1471 1116 1582 1171 quod

144 1176 276 1229 ipsum
304 1173 578 1213 vehementem
609 1174 648 1211 in
677 1174 778 1211 iram
807 1173 1002 1222 accendit3
1031 1172 1116 1212 vid.
1145 1173 1245 1211 Otto
1272 1172 1308 1210 F
1310 1173 1450 1225 rising.

252 1229 299 1268 C.
332 1243 392 1267 11.
432 1227 547 1282 [4¹²2
587 1226 671 1280 10.]
704 1231 797 1275 ταῖς
831 1225 1074 1277 δυνάμεσιν.
1143 1227 1358 1266 Exercitui
1375 1257 1387 1274 ‚
1439 1228 1579 1281 copiis.

143 1281 335 1334 Δύναμις
362 1297 436 1337 pro
462 1284 636 1322 eret-citu
662 1284 782 1335 poni,
812 1282 1094 1336 pervulgatum
1121 1289 1194 1321 est.
1221 1279 1416 1331 Δύναμις
1444 1278 1580 1333 ξενικῆ

143 1347 185 1378 et
211 1334 407 1384 πολλάκις
432 1335 651 1387 δυνάμεων
680 1333 968 1390 ἀφηγούμενος
994 1344 1087 1376 sunt
1114 1336 1222 1390 apud
1252 1337 1422 1375 Diodor.
1453 1337 1579 1376 Sicul-

145 1393 256 1432 Infra
283 1393 517 1431 habebimus
547 1407 587 1445 p.
609 1389 702 1442 246.
730 1393 777 1430 B.
808 1391 848 1432 8.
883 1388 935 1431 τά
976 1388 1136 1430 δυνατά
1168 1389 1440 1443 στρατόπεδα.
1470 1391 1577 1430 Hinc

144 1454 372 1488 sumserunt
410 1447 542 1486 Latini
585 1449 784 1499 sequioroe
821 1461 940 1485 suum
974 1445 1202 1498 effbmium3
1227 1446 1313 1484 vid.
1343 1447 1411 1485 Du
1440 1445 1578 1498 Gange

142 1503 209 1546 Gl.
237 1504 327 1541 Lat.
357 1502 400 1540 h.
435 1515 494 1551 v..·,
523 1502 619 1540 item
653 1503 775 1541 virtus
813 1515 886 1554 pro
914 1501 1082 1554 legione.
1141 1501 1375 1539 Anastasius
1401 1502 1443 1539 in
1464 1501 1578 1552 Vigi-

143 1558 223 1598 lio:
257 1559 343 1612 Quo
375 1556 513 1596 audito
544 1556 720 1609 Augmta
746 1557 853 1595 misit
880 1555 1129 1595 Anthemium
1151 1557 1362 1594 scribonem
1380 1569 1467 1594 cum
1498 1556 1578 1593 ius-

141 1613 312 1652 sionibus
335 1612 413 1650 suis
446 1620 486 1651 et
522 1625 609 1650 cum
639 1612 781 1650 virtute
814 1613 962 1650 maiore
980 1641 990 1660 ,
1021 1611 1063 1650 id
1087 1617 1146 1650 est
1171 1610 1423 1665 amplissimis
1451 1611 1578 1664 copiis

141 1666 398 1708 militaribus.

257 1722 303 1761 C.
322 1721 399 1760 ult.
430 1719 545 1775 [412.
572 1719 654 1774 13.]
702 1714 782 1760 clm*
809 1719 830 1760 ἑ
857 1715 1135 1771 νομισμάτων.
1190 1721 1395 1760 Macrinus
1422 1722 1464 1759 in
1482 1734 1578 1760 ora·-

140 1779 250 1817 tione
277 1777 398 1816 modo
421 1775 589 1830 allegata
617 1783 752 1814 ternos
780 1790 964 1815 nummos
991 1789 1132 1814 aureos
1158 1778 1355 1828 promittit
1382 1776 1577 1814 militibus

142 1847 218 1886 pro
250 1833 444 1884 imperio,
483 1846 554 1870 seu
596 1831 635 1869 in
666 1832 887 1884 praemium
920 1832 1227 1884 nuncupationis
1265 1838 1471 1884 augustae.
1528 1831 1578 1869 In

141 1887 328 1926 omnibus
354 1893 486 1925 autem
517 1887 644 1925 nostri
673 1886 819 1925 codicis
848 1886 1035 1939 exemplis
1059 1893 1287 1925 constanter
1309 1887 1487 1939 promitti
1512 1887 1578 1924 vi-

143 1943 220 1981 deo
238 1943 382 1994 quinos
402 1955 587 1980 nummos
608 1955 750 1980 aureos
779 1948 819 1980 et
850 1941 1027 1994 singulas
1054 1941 1176 1980 libras
1204 1943 1357 1995 argenti
1386 1955 1464 1991 seu,
1483 1954 1578 1979 cen-

141 2004 230 2036 tum
260 1995 480 2036 miliaresia.
554 1997 602 2036 In
630 2003 762 2036 totum
794 2009 888 2050 ergo
930 2003 1017 2035 erat
1051 1999 1345 2048 augustaticum
1374 2009 1447 2049 pro
1474 2009 1581 2034 uno-

141 2065 302 2106 quoque
328 2050 453 2090 milite
479 2051 630 2090 viritim
666 2052 752 2091 160.
795 2051 1026 2090 miliaresia.
1083 2051 1279 2104 lndagare
1313 2065 1446 2102 nunc,
1477 2064 1579 2103 qua-

140 2107 222 2146 lem
246 2106 442 2144 rationem
470 2119 514 2144 ea
555 2108 723 2159 pecunia
762 2120 855 2145 cum
892 2113 1069 2147 nostrate
1098 2105 1272 2157 habeat,
1311 2113 1352 2145 et
1382 2113 1581 2159 quantum

140 2161 343 2202 valuerint
367 2159 425 2198 illi
458 2159 548 2199 160.
576 2162 731 2200 nummi
762 2164 939 2214 argentei
969 2161 1021 2199 ad
1046 2168 1230 2200 nostrum
1246 2174 1327 2211 aes,
1357 2174 1487 2212 neque
1517 2161 1581 2198 iu·-

140 2224 236 2268 vat‚
276 2228 406 2268 neque
441 2221 568 2254 vacat.
641 2216 766 2254 Putat
796 2217 863 2254 Du
890 2217 1025 2268 Gange
1052 2217 1180 2256 Gloss.
1213 2217 1287 2254 Gr.
1318 2215 1580 2267 Augustatica

140 2285 212 2324 per
239 2270 372 2324 plures
399 2269 484 2307 dies
502 2271 711 2309 continuos
739 2278 901 2324 erogata
928 2271 1062 2310 fuisse.
1121 2270 1258 2310 Facile
1272 2269 1314 2308 id
1336 2269 1422 2308 fieri
1448 2269 1581 2323 potuit

141 2328 183 2366 in
211 2331 322 2365 tanta
348 2324 519 2363 militum
560 2324 830 2363 multitudine.

224 2382 319 2434 239.
350 2380 405 2417 D.
447 2391 482 2417 1.
515 2375 643 2432 Mn,
673 2379 752 2432 13.]
783 2377 1131 2430 καταβουκοῦλον.
1190 2378 1275 2419 Pro
1295 2378 1429 2428 bucca,
1459 2374 1640 2418 undem
1652 2375 1765 2414 11.131

141 2443 270 2475 rostro
295 2441 428 2474 vestro
455 2434 650 2486 genioque
677 2435 831 2486 queatis
862 2434 1103 2486 gratificari,
1132 2432 1198 2472 vel
1225 2435 1267 2472 in
1288 2434 1462 2485 singulas
1487 2434 1578 2472 buc-

141 2505 220 2530 cas.
274 2490 405 2528 Possit
431 2502 590 2541 quoque
618 2488 774 2526 duabus
798 2490 989 2540 separatis
1008 2488 1174 2526 vocibus
1191 2488 1310 2527 scribi
1344 2484 1451 2526 κατὰ
1474 2489 1578 2539 βου·

143 2545 313 2591 κοῦλον,
340 2543 406 2582 vel
422 2540 523 2581 κατὰ
543 2540 799 2592 βούκουλαν,
832 2549 876 2580 ut
906 2542 1008 2580 infra
1034 2557 1075 2594 p.
1108 2542 1203 2596 249.
1229 2543 1282 2580 D.
1302 2541 1342 2581 8.
1378 2549 1439 2581 est
1470 2539 1576 2582 κατὰ

141 2594 289 2647 χάσμα
307 2629 319 2647 ,
346 2598 486 2637 eodem
524 2612 656 2636 sensu.
714 2596 905 2635 solebant
942 2596 1075 2635 medlo
1114 2611 1213 2636 aevo
1256 2597 1312 2636 sic
1351 2596 1475 2651 loqui.
1512 2598 1576 2637 lo.

144 2653 302 2691 Mussus
325 2655 366 2691 in
401 2653 598 2691 Chronico
628 2651 894 2690 Placentino:
939 2652 997 2689 ad
1014 2666 1200 2705 praesens
1235 2653 1272 2690 si
1308 2667 1403 2691 unus
1440 2653 1582 2691 habeat

144 2707 184 2745 in
193 2708 368 2758 fhmilia
388 2721 458 2746 sua
485 2721 627 2746 novem
643 2707 779 2745 buccas
807 2705 869 2760 [id
899 2713 957 2745 est
981 2719 1128 2746 novem
1158 2709 1286 2760 capita
1306 2707 1382 2748 sibi
1418 2706 1576 2760 alenda]
