1832 3126
322 166 342 203 1
355 147 430 215 84
585 164 660 206 10.
699 163 805 206 mc.
841 163 1036 206 Rmsxu
1067 163 1447 206 COMMENTARH

317 268 509 320 temporis
526 267 743 319 deponere,
764 266 1091 320 quandoquidem
1106 267 1190 320 ipse
1206 282 1367 322 quoque
1381 268 1603 331 Imperator
1616 258 1766 322 absque

318 322 531 375 chlamyde
555 322 760 361 assideret.
805 322 899 372 Quo
918 322 968 361 de
983 323 1065 361 ritu
1080 329 1208 362 vestes
1229 325 1392 362 extimas
1420 337 1462 362 in
1480 323 1592 362 aditu
1620 324 1671 362 ad
1701 337 1764 363 sa-

320 391 407 416 cras
435 377 572 430 epulas
587 377 756 416 exuendi
775 406 787 427 ‚
816 384 856 417 et
871 379 913 416 in
930 377 1062 417 reditu
1082 378 1287 431 repetendi
1303 407 1315 428 ‚
1345 378 1436 416 dico
1455 378 1561 417 infra
1589 378 1641 417 ad
1671 378 1764 418 Cle-

318 432 575 485 1orologium.
614 433 758 471 Unum
774 431 852 471 hoc
869 433 990 477 addo.
1021 434 1184 472 Latinos
1208 433 1285 472 hoc
1303 431 1474 487 pallium
1490 433 1683 489 epideten‚
1713 432 1766 472 ab

319 485 487 538 ἐπιδέω,
515 495 555 528 et
582 488 754 554 epiditen
782 487 834 526 ab
861 485 1022 527 ἑπιδύω
1051 487 1281 542 appellasse,
1311 502 1386 542 pro
1407 502 1487 542 quo
1505 489 1648 528 Graeci
1667 488 1771 528 dice·

321 541 421 581 bant
455 541 693 595 ἐπενὸυτην.
747 542 844 582 Vid.
877 543 944 582 Du
974 544 1107 597 Cange
1133 558 1174 583 v.
1205 543 1438 598 Epidecen‚
1472 557 1548 597 pro
1575 557 1658 597 quo
1686 543 1764 598 leg.

320 597 534 652 Epideten.
563 597 822 653 *[Constant.
834 599 918 659 „vin
941 599 1063 638 Basil.
1086 613 1123 638 c.
1152 613 1244 652 19.:
1273 598 1315 638 Γ
1310 595 1487 652 ρούλλον
1513 594 1558 639 τὸ
1583 598 1663 637 τοῦ
1689 613 1770 638 πα-

322 647 530 706 τριάρχου
551 652 811 707 ἐπιφημίσας
829 666 963 704 ονομα
989 649 1063 692 καὶ
1087 653 1360 708 ἀρχιερατικῇ
1386 652 1669 708 χρυσοστίκτῳ
1697 652 1771 693 καὶ

322 703 611 763 ὑπερλάμπρῳ
649 706 863 760 κοσμήσας
901 708 1027 762 στολῇ
1054 705 1128 748 καὶ
1152 705 1395 762 ω’μοφόριον
1421 704 1611 762 περιθείς
1637 707 1769 763 etc.]*

434 773 761 829 47.D.ult.·[79‚
786 773 872 830 16.]
914 771 955 815 οἱ
997 774 1044 815 δὲ
1082 773 1368 826 κουβουκλίου.
1423 775 1483 814 Μ.
1521 771 1562 814 οἱ
1603 771 1652 813 δὲ
1687 773 1767 815 τοῧ

323 829 634 881 κουβουκλειόυ,
762 852 764 855 v

434 894 503 946 48.
521 894 574 935 A.
595 910 636 935 2.
666 894 757 951 [79‚
781 895 868 952 18.]
897 896 1131 950 προσὰπαξ.
1185 895 1247 935 Μ.
1276 890 1384 949 πρὸς
1413 888 1528 943 ἅπαξ
1554 894 1620 935 hic
1647 901 1688 935 et
1708 895 1771 935 de-

325 950 462 1003 inceps
480 980 492 1001 ,
519 950 629 1004 quod
656 966 739 990 non
767 959 1045 1002 annotassem‚
1075 952 1152 991 nisi
1178 953 1346 998 scirem,
1377 951 1534 990 criticos
1560 950 1657 990 talia
1677 965 1772 1004 quo-

326 1019 406 1058 que
435 1009 589 1046 venari.
646 1007 744 1047 Vid.
774 1007 930 1047 Dukeri
973 1007 1144 1062 praefat.
1182 1007 1234 1046 ad
1266 1005 1500 1060 Thucydid.
1554 1005 1674 1045 Notat
1700 1021 1774 1045 au-

329 1067 413 1099 tem
439 1057 546 1114 πρὸς
575 1054 685 1110 ἅπαξ
720 1065 975 1119 unusquisque
999 1064 1132 1102 semel.
1189 1063 1252 1101 De
1279 1061 1350 1101 illo
1367 1075 1444 1100 usu
1471 1061 1776 1115 praepositionis

329 1112 438 1167 πρὸς
470 1117 576 1157 infra
600 1117 651 1156 ad
679 1131 772 1172 pag.
794 1118 891 1159 281.
922 1118 977 1158 A.
1007 1132 1068 1158 10.
1101 1131 1192 1172 ago.
1248 1118 1330 1168 Ter
1368 1116 1520 1156 solebat
1547 1115 1633 1155 bibi
1672 1117 1776 1156 inter

332 1170 580 1223 epulandum
599 1202 611 1224 ‚
643 1173 757 1212 initio
787 1181 879 1213 ante
906 1174 1198 1227 gustationem‚
1233 1173 1276 1211 in
1304 1171 1446 1211 mediis
1472 1170 1601 1225 epulis
1620 1201 1632 1220 ‚
1662 1179 1702 1211 et
1733 1172 1776 1211 in

330 1226 427 1265 fine.
487 1227 609 1276 Quod
649 1227 811 1267 videtur
838 1243 862 1267 a
889 1231 1016 1268 veteri
1044 1242 1156 1267 more
1188 1227 1320 1267 saltim
1346 1228 1425 1267 tria
1456 1225 1602 1280 pocula
1628 1226 1670 1266 in
1697 1226 1774 1277 ho-

329 1295 471 1320 norem
499 1282 669 1322 deorum
697 1284 916 1323 evacuandi
942 1284 1174 1323 traductum
1204 1283 1340 1322 fuisse.
1399 1282 1514 1321 Ordo
1542 1282 1772 1322 Romanus:

326 1336 567 1376 ‘descendunt
597 1340 789 1393 primates
826 1340 1009 1378 ecclesiae
1055 1339 1114 1378 ad
1145 1339 1343 1386 accubita,
1393 1339 1583 1377 invitante
1621 1339 1778 1377 notario

330 1392 592 1441 vicedomini,
621 1402 659 1432 et
687 1395 820 1433 bibunt
843 1402 925 1444 ter,
953 1394 1004 1434 de
1035 1394 1189 1433 Graeco
1218 1394 1386 1446 [nempe
1413 1392 1509 1432 vino
1526 1421 1538 1442 ‚
1569 1405 1640 1431 seu
1670 1391 1778 1431 Mal-

333 1448 446 1487 vasia
483 1446 547 1487 vel
577 1447 754 1503 Cyprio]
790 1450 924 1504 primo
938 1478 950 1499 ‚
993 1449 1043 1488 de
1081 1449 1233 1488 Pactisi
1273 1448 1344 1502 [id
1372 1454 1431 1487 est
1467 1445 1775 1500 Naupactensi],

336 1502 387 1540 de
415 1503 618 1557 Procopia
662 1504 765 1558 [thoe
804 1511 863 1543 est
900 1503 1007 1557 apud
1045 1503 1216 1543 Tataros
1253 1503 1522 1556 Precopenses
1547 1509 1642 1542 nato
1655 1531 1668 1553 ‚
1713 1501 1779 1541 vel

333 1558 536 1596 Maeotico
552 1556 582 1611 ,]
612 1560 739 1598 tertio.
797 1559 1010 1614 Postquam
1039 1558 1204 1598 biberint
1227 1572 1358 1598 omnes
1378 1558 1599 1613 presbyteri
1622 1565 1660 1598 et
1683 1570 1779 1597 aco-

334 1612 442 1663 lythi·
453 1627 535 1666 per
561 1615 732 1667 singulos
762 1615 917 1663 titzdos,
951 1615 1112 1654 redeunt
1137 1614 1196 1653 ad
1202 1613 1421 1667 faciendas
1446 1626 1643 1668 vesperas.

443 1678 495 1717 A.
517 1679 556 1718 3.
579 1678 669 1734 [79,
695 1695 756 1734 19.
812 1674 923 1719 νεύει
955 1678 1242 1733 πραιπόσιτος.
1299 1680 1359 1718 Μ.
1388 1673 1502 1718 νεύει
1532 1673 1556 1716 ὅ
1584 1691 1655 1730 πρ.

445 1733 499 1772 A.
517 1733 558 1773 8.
578 1735 666 1789 [79,
690 1736 757 1774 23.
812 1733 851 1774 οῖ
879 1733 1007 1788 φίλοι,
1068 1735 1282 1774 Convivae.
1341 1733 1406 1772 Sic
1443 1746 1558 1785 saepe
1597 1731 1773 1771 occurrit

335 1789 380 1828 in
420 1789 497 1828 hoc
539 1791 688 1829 codice.
747 1789 957 1830 Interdum
1003 1804 1162 1843 quoque
1200 1804 1274 1844 pro
1313 1788 1449 1842 legatis
1493 1787 1633 1826 exteris
1672 1787 1779 1825 idem

336 1843 442 1883 hanc
473 1858 614 1884 vocem
644 1845 821 1884 adhibet.
881 1846 1144 1897 Imperatores
1176 1852 1310 1883 autem
1339 1842 1589 1882 consuevisse
1607 1841 1781 1881 Clericos

338 1899 391 1937 ad
419 1913 571 1939 sacram
598 1915 775 1940 mensam
803 1901 993 1939 adhibere
1015 1930 1027 1950 ,
1068 1899 1206 1939 multis
1234 1899 1332 1938 locis
1359 1897 1481 1938 huius
1509 1895 1782 1947 ceremonialis

338 1962 504 2007 apparet
523 1986 534 2006 ,
565 1963 605 1995 et
636 1971 657 1995 e
687 1957 819 1998 Leone
851 1957 1074 1995 Grammat.
1104 1970 1146 2009 p.
1174 1953 1269 2007 481.
1305 1952 1358 1993 A.
1387 1966 1430 1993 2.
1485 1951 1781 2008 *[Theophan.

337 2023 382 2062 p.
417 2025 480 2065 17.
507 2010 631 2065 D.]*.

451 2077 500 2115 B.
517 2091 560 2130 9.
583 2076 673 2132 [8o,
691 2075 758 2132 9.]
789 2074 1126 2131 κατηχουμὲνων.
1180 2075 1245 2115 Sic
1261 2089 1423 2130 quoque
1438 2074 1590 2115 dabant
1603 2073 1776 2114 Membr.

339 2128 407 2169 hic
434 2130 525 2170 loci.

451 2198 499 2238 B.
518 2198 673 2252 12.[80‚
699 2197 785 2253 11.]
816 2193 993 2249 κολόβιν.
1049 2198 1113 2237 De
1143 2197 1300 2237 colobio
1326 2212 1370 2238 v.
1401 2197 1470 2236 Du
1501 2196 1636 2250 Gange
1667 2201 1781 2235 utro-

343 2267 421 2306 que
459 2252 686 2302 Glossario‚
729 2254 866 2293 Vales.
901 2254 963 2297 ad<⁴
984 2252 1122 2292 Amm.
1149 2253 1330 2292 Marcell.
1361 2267 1404 2293 v.
1436 2251 1504 2292 51.
1535 2251 1580 2290 b.
1636 2250 1780 2291 Petav.

342 2310 395 2347 ad
422 2309 619 2348 Themist.
647 2324 687 2362 p.
713 2310 807 2364 377.
831 2309 860 2347 f.
882 2316 921 2347 et
940 2307 1033 2359 446.
1052 2337 1064 2359 ,
1095 2308 1166 2346 ubi
1186 2309 1313 2348 Servii
1342 2306 1476 2347 locum
1507 2307 1627 2356 citat,
1657 2319 1679 2344 e
1700 2319 1783 2358 quo

344 2371 507 2417 apparet
526 2393 537 2414 ‚
566 2363 723 2404 colobia
749 2365 865 2403 fuisse
894 2363 990 2402 talia
1020 2362 1183 2416 palliola
1213 2365 1407 2402 cervicem
1434 2361 1683 2410 amicientia,
1717 2375 1788 2413 pe-

345 2426 432 2458 ctus
462 2426 502 2458 et
529 2420 708 2474 scapulas
737 2427 777 2459 et
801 2419 989 2458 humeros
1018 2418 1069 2456 ad
1102 2418 1256 2458 cubitos
1285 2431 1412 2471 usque
1441 2416 1615 2470 tegentia
1629 2444 1642 2465 ,
1681 2429 1782 2469 qua-

344 2471 398 2510 lia
424 2482 577 2526 gestant
603 2476 823 2527 Lipsienses
840 2475 1024 2513 Rectores
1042 2473 1242 2526 Magnifici
1263 2481 1303 2512 et
1327 2472 1478 2513 Decani
1496 2470 1752 2510 Facultatum
1766 2500 1779 2522 ,

347 2541 369 2565 e
398 2537 530 2567 vetere
555 2531 737 2569 instituto
757 2561 768 2580 ‚
810 2530 922 2568 cuius
953 2529 1117 2580 vestigia
1144 2530 1298 2581 reperio
1326 2530 1368 2568 in
1395 2528 1613 2566 Fortescue
1640 2526 1777 2565 Enco-

346 2583 429 2620 mio
473 2582 604 2636 legum
634 2585 802 2639 Angliae
835 2599 870 2623 c.
895 2585 961 2624 51.
992 2585 1113 2622 citato
1138 2597 1162 2621 a
1190 2583 1279 2621 DC.
1299 2613 1312 2633 ‚
1352 2582 1423 2622 ubi
1460 2580 1641 2620 nominat
1675 2581 1782 2620 colo-

338 2636 453 2675 bium
479 2653 565 2676 cum
594 2640 740 2679 duobus
772 2640 968 2678 labellulis
982 2668 994 2688 ‚
1026 2638 1094 2692 [id
1121 2645 1181 2676 est
1210 2636 1352 2676 libellis
1369 2668 1380 2689 ‚
1421 2650 1490 2675 seu
1519 2634 1685 2683 oscillis,
1714 2649 1787 2674 no·

347 2698 488 2731 strates
518 2694 688 2747 Quasten
717 2703 756 2734 et
792 2695 994 2734 Troddeln
1024 2691 1222 2746 appellant
1239 2690 1269 2746 ‚]
1299 2693 1470 2747 qualiter
1486 2692 1545 2730 uti
1569 2691 1691 2730 solent
1715 2690 1787 2728 do—

347 2755 470 2786 ctores
507 2749 632 2800 legum
660 2751 702 2790 ιή
732 2749 1044 2790 universitatibus
1070 2747 1311 2804 quibusdam.
1372 2746 1451 2786 Sed
1481 2744 1598 2786 valde
1631 2744 1787 2784 variant
