1884 3132
226 141 301 183 An
338 139 678 184 APPENDICEM
716 143 817 183 un.
858 143 892 182 1.
934 142 1005 182 DE
1042 139 1301 182 6611111οΝ.
1430 120 1539 195 587

108 237 255 293 ὕμνοι.
295 244 359 283 De
396 243 600 298 apelaticis
640 245 878 283 sententiam
920 242 1015 282 alibi
1060 244 1140 282 iam
1172 242 1279 290 dixi,
1322 248 1361 281 et
1400 242 1542 281 Latina

106 311 272 351 quoque
299 301 393 338 satis
421 299 625 339 declamat
642 329 656 350 ‚
684 300 782 353 quid
809 312 932 352 penes
958 313 1024 337 me
1053 298 1215 352 quidem
1241 298 1331 336 fuit.

220 354 274 392 A.
296 354 336 392 5.
359 354 474 409 [501‚
502 353 588 408 10.]
625 353 767 408 χρυσῇ
804 350 947 407 πόρτῃ.
1000 354 1080 392 Ρ61·
1122 353 1227 392 113116
1255 353 1360 392 enim
1385 359 1542 405 portam

110 408 409 461 recipiebantur
451 411 495 449 in
524 409 680 448 Urbem
704 409 967 463 Imperatores
985 437 997 458 ‚
1036 410 1121 447 sive
1147 422 1284 447 recens
1311 408 1425 446 electi
1452 414 1492 446 et
1521 421 1545 446 e

109 465 250 502 castris
293 478 368 516 pm
404 467 533 518 prima
565 467 653 504 vice
690 466 732 502 in
770 463 912 503 urbem
942 466 1143 502 venientes
1157 492 1170 512 ,
1201 464 1286 501 sive
1312 469 1464 501 veteres
1489 462 1545 501 ab

109 517 361 570 expeditione
388 520 599 559 redeuntes
625 533 717 557 cum
745 518 897 558 solenni
926 531 1085 571 pompa.
1139 517 1389 571 Nicephorus
1426 518 1543 556 Patr.

108 572 301 612 CPtanus
326 576 369 613 in
398 576 577 614 Breviar.
610 588 701 627 pag.
729 574 846 614 163.:
894 570 951 620 ὥς
987 567 1040 626 ἤν
1076 569 1175 619 ἔθος
1210 574 1430 623 βασιλεῦσι
1470 571 1544 611 διὰ

110 625 373 678 προπομπῶν
401 628 530 681 δοχῆς
558 628 628 669 διὰ
656 630 730 680 τῆς
755 630 919 680 χρυσῆς
965 629 1220 679 καλουμένης
1249 624 1379 679 πύλης
1408 626 1468 673 εἰς
1494 623 1542 665 τό

114 677 351 730 Βυζάντιον
377 683 634 735 εἰσελαύνει,
663 683 736 723 καί
762 685 807 723 ἐν
835 686 887 738 τῇ
912 679 1068 737 μεγάλῃ
1098 682 1292 736 ἐκκλησίᾳ
1319 677 1542 733 γενόμενος

108 734 242 775 ἐκεῖσε
267 733 339 776 τὸν
362 738 436 790 τῆς
460 739 677 789 βασιλείας
703 736 932 791 ἀνεδήσατο
960 737 1178 791 στέφανον.

219 789 275 829 A.
306 805 363 832 ιο.
381 792 498 847 [501,
524 794 607 848 14.]
650 794 855 846 στέφανον
881 794 1083 845 χρυσοῦν.
1137 793 1200 832 De
1236 806 1384 832 corona
1419 806 1543 830 aurea

109 843 374 898 triumphanti
401 849 635 901 Mperatori
664 849 716 889 ab
747 848 861 887 Urbe
887 848 1019 888 oblata
1058 848 1277 901 elegantem
1306 848 1439 886 locum
1467 846 1543 885 ha-

107 898 180 938 bet
209 900 451 942 'themistius
478 919 521 957 p.
567 905 694 944 181.:
731 900 799 943 τὸν
834 902 913 955 μὲν
947 900 1031 942 α’πὸ
1076 904 1151 942 τοῦ
1191 898 1371 942 πλούτου
1401 901 1546 956 [paulo

105 961 204 993 ante
230 955 383 997 dixerat
410 959 486 997 τοῦ
517 959 699 1014 χρυσοῦ]
729 955 932 1013 στέφανον
966 958 1026 1004 εἰς
1065 955 1140 1011 την
1178 954 1339 1010 ἡμέραν
1382 956 1545 1008 ἐκείνην

108 1005 135 1060 ἡ
176 1010 414 1072 καλλίπολις
465 1011 747 1066 εὖτρεπιζεται
768 1042 781 1062 ,
818 1013 913 1053 καθ’
954 1008 1006 1065 ἣν
1049 1010 1298 1065 ἇιιαδῆσειαι
1337 1012 1544 1063 λαμπρῶς

108 1064 365 1116 ἑπανηκοιτα
390 1066 709 1122 τροπαιοφόρων
750 1065 832 1108 α’πὸ
871 1068 955 1108 τῶν
998 1065 1257 1118 δυσωνύμων
1295 1062 1538 1117 βαρβάρων.

107 1117 172 1156 De
197 1133 295 1160 auro
312 1125 517 1162 coronario
543 1125 627 1163 vid.
651 1125 850 1164 Harduin.
880 1123 979 1163 ib1d.
994 1153 1006 1174 ‚
1034 1123 1169 1162 Vales.
1198 1122 1249 1160 ad
1268 1123 1406 1160 Amm.
1428 1123 1543 1160 Mar-

107 1171 199 1212 cell.
225 1189 263 1227 p.
281 1175 378 1225 461.
406 1185 446 1216 et
474 1179 697 1219 Casaubon.
734 1181 786 1220 ad
814 1181 902 1219 Scr.
932 1179 985 1218 H.
1013 1179 1123 1231 Aug.
1152 1179 1204 1217 T.
1232 1179 1265 1216 1.
1288 1192 1327 1230 p.
1347 1176 1412 1228 54.
1445 1175 1538 1216 Non

109 1228 232 1280 igitur
258 1232 483 1271 retractabo
516 1235 795 1288 pervulgatum
834 1235 965 1274 locum
1003 1234 1053 1273 de
1088 1234 1247 1272 coronis
1285 1231 1542 1285 triumphali-

109 1281 187 1321 bus
203 1312 217 1334 ,
244 1285 313 1323 sed
340 1293 497 1326 tantum
525 1289 600 1328 hac
629 1293 834 1330 occasione
860 1303 1053 1342 exponam
1090 1296 1130 1327 et
1154 1287 1374 1327 emendabo
1406 1288 1543 1326 locum

107 1336 300 1378 Trebellii
339 1341 557 1390 Pollionis,
596 1345 648 1383 ad
687 1361 806 1398 quem
849 1346 911 1384 Cl.
952 1344 1166 1383 Salmasius
1195 1345 1350 1397 egregia
1377 1342 1542 1395 quidem

110 1393 304 1433 nonnulla
331 1403 467 1444 notat,
505 1401 637 1438 nescio
665 1408 797 1439 tamen
815 1431 826 1451 ‚
866 1415 918 1438 an
948 1414 1041 1439 vera
1066 1400 1216 1437 omnia.
1274 1399 1422 1436 Ram-at
1449 1397 1543 1435 lau-

107 1446 227 1485 datus
255 1457 394 1490 auctor
417 1452 469 1490 T.
493 1454 545 1492 11.
563 1455 649 1493 Scr.
673 1456 726 1494 H.
747 1456 853 1508 Aug.
884 1470 925 1508 p.
950 1456 1041 1494 522.
1069 1453 1120 1492 de
1148 1455 1321 1506 imagine
1347 1452 1540 1505 quadam,

105 1502 151 1539 in
179 1517 258 1556 qua
286 1504 523 1546 Aurelianus
548 1511 676 1563 pictus
697 1520 754 1549 est
787 1512 937 1564 utriqtoe
965 1510 1144 1561 [Tetrico
1164 1510 1271 1547 victo
1288 1509 1415 1546 victor
1432 1507 1536 1560 ipse]

72 1562 76 1565 “
101 1565 354 1609 praetextam
386 1563 554 1602 tribuens
576 1572 615 1604 ee
638 1568 872 1604 senatoriam
895 1565 1122 1618 dignitatem
1135 1593 1148 1612 ,
1185 1565 1378 1618 accipiens
1401 1563 1452 1600 ab
1477 1564 1537 1600 lu's

104 1620 296 1665 Soepmmz
309 1643 323 1663 ,
352 1629 540 1656 coronam
572 1621 742 1660 civicam
764 1623 1008 1675 pictur-atam
1044 1620 1095 1658 de
1131 1633 1276 1658 museo.
1333 1619 1470 1668 Quum
1498 1618 1540 1656 in

107 1665 290 1707 Palatino
317 1670 454 1710 codice
479 1673 695 1714 Salmasius
722 1675 788 1714 hic
818 1676 897 1715 loci
923 1676 1116 1727 reperiret
1140 1687 1327 1713 coronam
1351 1674 1455 1724 cycli
1470 1674 1540 1728 pi-

102 1723 253 1761 cem-iae
291 1724 343 1763 de
391 1741 519 1768 museo
537 1759 548 1775 ,
590 1729 786 1770 efficiebat
821 1731 914 1770 inde
949 1744 1134 1769 coronam
1147 1758 1160 1779 ‚
1202 1730 1354 1780 cyclum
1370 1758 1382 1775 ‚
1426 1729 1540 1782 picta

101 1778 241 1838 omnia
270 1779 322 1817 de
350 1795 477 1821 museo
491 1812 503 1831 ‚
537 1799 607 1837 per
636 1787 786 1836 cyclum
828 1785 1050 1839 intelligens
1081 1794 1243 1824 scutum.
1297 1784 1412 1823 Facit
1440 1797 1539 1821 con-

106 1838 284 1871 1ecturae
308 1848 404 1874 suae
434 1840 600 1890 speeiem
616 1869 627 1885 ‚
658 1841 728 1879 sed
747 1843 956 1880 veritatem
976 1855 1057 1879 non
1087 1840 1288 1879 conciliat.
1338 1839 1387 1880 si
1406 1839 1539 1877 omni-

106 1898 162 1922 no
189 1888 439 1939 reprobanda
466 1900 525 1932 est
550 1894 711 1947 vulgata
755 1896 873 1935 lectio
892 1927 903 1944 ‚
949 1896 1059 1950 quod
1085 1909 1167 1934 non
1203 1902 1340 1948 putem
1354 1924 1366 1944 ‚
1405 1895 1540 1947 potius

106 1947 207 2002 esset
232 1955 390 1983 servare
417 1945 626 1988 lectionem
648 1951 795 1991 codicis
823 1951 1012 1999 Palatini,
1053 1958 1207 1990 mutata
1235 1957 1392 1989 tantum
1422 1949 1540 1986 unica

105 1992 250 2059 littera·
259 1999 422 2052 picturis
445 2016 518 2054 pro
539 2007 756 2059 picturiae.-
784 2021 967 2046 eoronam
990 2007 1108 2058 cycli,
1141 2007 1309 2061 picturis
1336 2005 1391 2053 (id
1412 2010 1471 2042 est
1498 2005 1541 2042 in

98 2059 292 2114 P'Ctus'lfv
320 2057 450 2107 Picta)
475 2059 527 2096 de
572 2075 699 2100 museo
735 2062 813 2113 (vel
858 2062 1046 2113 musivo).
1103 2061 1178 2100 Est
1214 2068 1349 2099 autem
1392 2072 1539 2097 corona

102 2105 206 2168 (χεζι
235 2106 340 2146 ldem
372 2117 491 2163 atque
515 2116 679 2154 eli-culm
698 2118 921 2170 patric-iuliis
935 2148 946 2165 ‚
977 2118 1279 2170 cognominatus
1296 2146 1306 2162 ‚
1342 2114 1452 2167 quod
1469 2128 1540 2167 pa-

104 2165 311 2200 triciorum
336 2163 613 2207 Romanorum
641 2172 792 2223 insigne
821 2179 949 2222 esset,
981 2180 1020 2210 et
1044 2174 1085 2210 in
1113 2171 1197 2210 sola
1217 2170 1393 2209 rotunda
1421 2168 1540 2207 lami-

105 2227 158 2252 na
184 2229 305 2256 am·ea
333 2218 397 2257 vel
426 2222 523 2260 orbe
551 2226 813 2278 consistebat,
842 2227 994 2280 absque
1021 2226 1156 2265 radiis.
1211 2225 1404 2264 Radiatae
1430 2225 1539 2262 enim

105 2282 279 2310 coronae
318 2272 609 2327 Imperatorum
645 2288 774 2319 erant.
828 2282 1103 2320 Differentiam
1131 2280 1343 2319 ambarum
1371 2293 1539 2317 corona-

106 2337 198 2363 rum
218 2356 231 2378 ‚
260 2327 481 2380 Imperialis
500 2333 676 2373 radiatae
704 2342 743 2374 et
764 2336 980 2388 patricialis
999 2336 1114 2386 λιτῆς
1129 2365 1139 2379 ,
1170 2335 1304 2387 prodit
1325 2335 1406 2372 Leo
1426 2334 1539 2372 Osti-

108 2391 213 2441 epffls
241 2383 347 2434 apud
374 2385 442 2422 Du
456 2386 649 2440 Cangium
676 2403 719 2428 v.
735 2391 936 2429 Cir-adm.-
964 2391 1087 2428 eidem
1108 2390 1287 2428 Henrico
1303 2388 1380 2426 IV
1378 2417 1390 2426 .
1408 2390 1539 2442 patri·-

105 2443 227 2474 clatus
246 2438 428 2477 honorem
454 2442 626 2482 Romam·
649 2446 891 2483 contribmmt
908 2474 920 2494 ,
964 2459 1124 2499 eumque
1164 2453 1327 2499 praeter
1348 2445 1535 2497 imperia-

107 2486 182 2526 lem
207 2505 392 2531 eoronam
425 2510 543 2536 aureo
578 2500 722 2537 cit-culo
758 2501 817 2538 uti
839 2499 1073 2547 decern1111t;
1106 2500 1198 2537 item
1224 2498 1291 2537 ille
1315 2498 1428 2537 locus
1456 2500 1538 2536 Ar-

107 2541 217 2604 ¹³9¹di
245 2546 484 2590 Lubecensis
510 2553 660 2592 ibidem
687 2554 737 2592 de
769 2568 892 2593 uxore
920 2553 1098 2607 Philippi
1136 2554 1258 2592 saevi
1286 2553 1388 2605 lmp.
1414 2568 1427 2592 ε
1470 2566 1540 2591 re-

106 2609 203 2660 gma·
232 2603 336 2652 ''egl'o
363 2603 607 2656 diademate,
641 2623 718 2647 non
747 2618 875 2648 tamen
896 2618 1085 2648 coronata
1102 2639 1114 2655 ‚
1144 2609 1215 2647 sed
1241 2609 1428 2646 cir-mlum
1438 2622 1538 2662 pro-

108 2661 227 2691 cesstt.
284 2656 453 2699 Credam
481 2664 665 2714 equidem
706 2678 872 2703 coronas
914 2663 1176 2716 triumphales
1214 2663 1364 2715 absque
1389 2663 1510 2701 radiis
1524 2693 1536 2712 ‚

110 2705 287 2760 adeoque
310 2712 456 2756 similes
483 2717 603 2758 fuisse
639 2719 755 2758 dictis
784 2721 1003 2772 posteriore
1031 2733 1129 2759 aevo
1172 2718 1326 2757 cir-adis
1362 2724 1402 2756 et
1428 2731 1539 2756 coro-
