1826 3126
820 48 854 85 Ο

236 130 286 185 8
399 154 402 155 ⁷
552 146 625 188 10.
667 144 772 186 mc,
813 144 1010 184 masan
1052 143 1435 186 communali

248 263 343 288 suae
362 246 586 299 subsidium
616 245 863 298 conscriptos
880 274 893 295 ,
925 250 1036 297 patet
1067 257 1114 282 ex
1141 243 1279 297 paullo
1305 250 1398 284 ante
1422 242 1586 284 laudato
1613 244 1700 284 Cle-

248 303 447 356 torologio
480 302 712 350 Philothei3
742 299 876 353 quod,
914 306 1111 352 quantum
1136 313 1209 352 ego
1244 299 1408 353 quidem
1440 300 1605 339 memini
1631 314 1699 340 so·-

249 359 334 398 lum
372 359 423 399 de
449 371 619 396 numero
652 363 840 395 veterum
867 354 1066 394 librorum
1100 354 1427 395 ceremonialium
1458 362 1598 396 nostro
1624 369 1700 395 an-

249 414 471 469 tiquiorum
502 412 555 451 ad
579 425 654 451 nos
680 411 878 465 pervenit.

332 481 766 536 Pag.3.A‚lin.1.[4‚
793 479 875 534 23]
889 478 1113 533 πρέποντα.
1151 481 1321 521 Schema
1347 481 1426 521 hoc
1455 488 1514 521 est
1552 481 1702 520 Nostro

250 539 368 580 valde
390 540 577 591 frequens
615 546 656 577 et
682 536 847 591 singulis
870 550 997 590 paene
1030 538 1186 590 paginis
1214 550 1427 576 recurrens
1444 566 1456 588 ‚
1490 537 1702 575 nominati-

251 609 349 635 vum
381 593 611 633 absolutum
641 607 717 647 pro
742 593 920 646 genitivo
951 594 1257 645 consequentiae
1284 606 1446 646 ponere.
1490 592 1705 632 Debuisset

250 652 358 690 enim
369 651 533 703 proprie
561 649 705 688 dixisse
732 671 752 678 -
774 671 795 677 -
812 647 895 686 τῶν
911 670 934 677 -
947 670 968 678 -
990 642 1231 700 πρεπόντων
1258 645 1333 686 καί
1343 671 1366 678 -
1384 669 1408 679 -·
1429 645 1558 694 α’ξίων
1581 658 1706 686 κατο-

250 704 529 755 πτευομένων.
593 705 893 756 Frequentatur
921 704 1133 742 recentiori
1169 704 1362 742 Graeciae
1398 715 1571 757 quoque.
1625 701 1705 740 Sed

250 775 382 814 neque
408 761 577 799 vetustis
605 766 645 798 et
671 759 833 811 optimis
861 758 1124 810 scriptoribus
1151 759 1388 812 ignoratur3
1422 765 1463 797 et
1489 756 1676 810 Euripidi
1690 785 1703 807 ‚

252 817 323 856 sed
350 816 521 855 maxime
549 814 808 854 Philostrato·
828 815 871 852 in
897 813 1049 852 deliciis
1077 820 1148 854 est.

334 887 449 929 Ibid.
477 887 529 926 A.
557 887 631 929 lin.
665 901 704 940 7.
729 884 770 941 [5
790 915 802 935 ,
825 883 881 938 5.]
901 883 1245 940 καθωμιλημένῃ.
1273 884 1430 924 Eadem
1455 885 1707 925 excusatione

253 944 383 982 utitur
409 942 661 996 Augustinus
689 942 888 980 Patricius
907 942 1022 980 initio
1042 939 1330 980 Ceremonialis
1362 941 1551 980 Romani.
1580 938 1708 994 *[vid.

255 999 510 1038 Constantin.
553 999 596 1036 in
642 998 728 1036 vita
757 995 878 1038 Basil.
908 996 954 1035 C.
981 995 1049 1035 53.
1083 995 1211 1035 Allat.
1238 995 1289 1035 de
1316 996 1466 1051 Georg.
1501 1009 1591 1050 pag.
1614 994 1709 1036 362.

255 1053 318 1093 ed.
347 1050 554 1106 Fabric.]*
583 1053 779 1106 Designat
797 1051 900 1091 forte
929 1051 986 1093 V.
1010 1051 1062 1094 D.
1082 1051 1215 1090 locum
1246 1052 1290 1090 in
1315 1051 1546 1105 Symmictis
1567 1050 1708 1090 Allatii

255 1123 295 1162 p.
324 1108 412 1151 155.
448 1107 522 1146 lin.
552 1106 595 1147 8.
631 1114 671 1146 et
697 1121 801 1160 quae
830 1114 942 1146 tomo
973 1108 1030 1146 X.
1064 1107 1336 1146 Bibliothecae
1369 1121 1533 1160 graecae
1560 1105 1709 1147 Fabri-

256 1166 395 1202 cianae
418 1177 579 1217 P·›7⁰0·
612 1162 691 1202 fine
723 1162 923 1215 leguntur.
979 1160 1131 1202 Multos
1160 1169 1300 1201 nostro
1328 1161 1478 1201 similes
1506 1161 1617 1201 locos
1636 1175 1708 1200 au-

258 1226 417 1258 ctorum
431 1248 442 1269 ‚
470 1218 702 1271 vulgarium
723 1225 762 1256 et
790 1219 1092 1271 inquinatarum
1122 1217 1346 1256 dictionum
1378 1231 1498 1256 usum
1526 1231 1711 1256 excusan-

257 1276 387 1324 tium,
429 1269 540 1312 dedit
571 1273 627 1312 D.
665 1273 710 1313 C.
749 1273 875 1326 praef.
913 1273 965 1312 ad
1002 1272 1132 1312 Gloss.
1178 1273 1323 1312 Graec.
1357 1287 1397 1326 p.
1417 1273 1493 1312 IV.
1532 1273 1630 1311 item
1667 1273 1711 1311 in

260 1329 454 1368 addendis
487 1328 665 1368 eiusdem
689 1343 729 1382 p.
753 1342 787 1367 ι.
811 1329 935 1368 Liber
952 1335 1089 1367 noster
1116 1327 1187 1367 illo
1215 1329 1411 1367 sermonis
1443 1341 1587 1381 genere
1614 1341 1712 1367 con-

259 1392 400 1438 ceptus
435 1390 493 1423 est
510 1414 522 1434 ‚
561 1384 694 1423 medio
731 1385 837 1424 inter
871 1383 1082 1437 vulgarem
1123 1390 1163 1422 et
1194 1397 1344 1437 purum
1384 1384 1597 1437 antiquum
1621 1413 1634 1435 ,
1663 1382 1716 1422 de

261 1454 342 1493 quo
379 1438 461 1480 vid.
487 1440 539 1479 D.
565 1439 614 1478 C.
650 1440 774 1493 praef.
799 1439 851 1478 ad
886 1439 1017 1480 Gloss.
1044 1439 1116 1481 Gr.
1146 1453 1187 1493 p.
1221 1439 1275 1479 X.
1306 1438 1397 1479 fine.

346 1515 458 1556 Ibid.
480 1515 525 1554 B.
550 1515 624 1558 lin.
640 1516 678 1557 3.
704 1515 764 1571 [5‚
781 1514 840 1571 7.]
868 1514 1156 1566 εἷκονίζοιμεν.
1180 1517 1311 1555 Mirus
1331 1522 1416 1555 erat
1440 1517 1613 1569 impetus
1636 1515 1717 1555 ho-

263 1572 420 1611 minum
449 1570 570 1610 medii
601 1573 689 1610 aevi
721 1573 856 1611 omnia
882 1572 1048 1625 mystice
1071 1571 1306 1624 exponendi.
1333 1571 1440 1611 Prae
1457 1585 1595 1611 rerum
1613 1571 1715 1611 scitu

264 1628 480 1680 dignarum
516 1626 674 1665 inscitia
705 1641 788 1666 non
819 1633 1006 1681 poterant
1037 1628 1219 1666 animum
1246 1628 1325 1666 nisi
1352 1628 1470 1681 nugis
1503 1640 1716 1680 occupare.

263 1681 320 1721 Et
349 1688 556 1734 praeterea
594 1682 907 1722 dominabantur
940 1689 1030 1721 tum
1063 1684 1256 1735 temporis
1297 1682 1431 1722 clerici
1445 1711 1458 1733 ‚
1487 1683 1557 1735 qui
1589 1681 1719 1734 probe

266 1737 544 1791 intelligebant
578 1752 660 1777 non
701 1753 818 1792 posse
857 1752 898 1778 se
939 1751 1054 1777 suam
1092 1740 1371 1778 auctoritatem
1409 1738 1517 1790 apud
1555 1736 1715 1790 plebem

266 1794 371 1831 tueri
392 1821 403 1843 ‚
445 1793 521 1831 nisi
552 1796 783 1847 opinionem
827 1793 886 1833 illi
927 1793 1141 1846 singularis
1178 1793 1384 1832 doctrinae
1416 1792 1467 1832 de
1493 1807 1535 1831 se
1563 1793 1716 1831 movis-

268 1855 381 1898 sent,
420 1862 553 1901 neque
581 1856 768 1902 poterant
797 1848 877 1888 alio
902 1848 1024 1888 modo
1056 1848 1162 1888 docti
1190 1848 1351 1899 videri,
1391 1847 1468 1887 nisi
1501 1847 1718 1901 loqueren-

267 1910 336 1941 tur
350 1932 362 1955 ‚
398 1917 501 1956 quae
534 1918 653 1944 nemo
689 1903 921 1944 mortalium
962 1911 1097 1957 posset
1128 1903 1362 1957 intelligere.
1417 1903 1548 1942 Tenet
1584 1902 1718 1942 adhuc

268 1958 338 1996 ille
363 1960 627 2012 mysticorum
661 1974 775 2000 amor
803 1960 911 2013 apud
939 1960 1127 2001 Graecos.
1193 1958 1390 2012 Exemplo
1423 1959 1475 1998 sit
1506 1958 1718 2012 Symeonis

270 2013 636 2055 Thessalonicensis
662 2030 765 2069 opus
795 2015 849 2054 de
863 2014 965 2070 fide
979 2044 995 2062 ,
1025 2014 1176 2054 ritibus
1204 2022 1245 2054 et
1272 2012 1480 2065 mysteriis
1513 2013 1720 2053 ecclesiae*

273 2066 469 2108 Graecae
497 2084 604 2110 anno
643 2070 762 2111 1685.
781 2073 824 2110 in
852 2069 1060 2110 Moldavia
1076 2069 1244 2120 editum,
1266 2070 1379 2109 cui-us
1403 2068 1644 2122 particulam
1664 2067 1718 2107 de

271 2123 425 2178 templo
453 2132 491 2163 et
512 2127 644 2165 missa
664 2128 744 2165 iam
773 2133 890 2166 antea
914 2126 1072 2164 Goarus
1103 2126 1147 2163 in
1170 2124 1422 2179 Eucliologio
1452 2124 1634 2175 dederat,
1662 2130 1720 2163 to-

271 2179 353 2216 tius
396 2191 516 2218 usum
553 2195 599 2220 ex
642 2178 889 2235 indulgentia
923 2179 972 2221 cl.
1008 2181 1185 2219 Reimari
1217 2180 1371 2231 habui3
1399 2181 1496 2219 item
1535 2179 1720 2219 Christo-

272 2232 426 2286 phorus
454 2234 635 2289 Angelus
664 2239 707 2276 in
743 2237 847 2276 libro
878 2234 931 2274 de
953 2243 1068 2274 statu
1097 2234 1299 2276 ecclesiae
1333 2248 1518 2287 graecae
1546 2233 1720 2275 hodier-

273 2301 342 2329 no.
407 2288 532 2342 Apud
568 2292 733 2332 Latinos
767 2306 889 2346 quam
932 2291 1046 2343 miris
1085 2290 1216 2330 modis
1251 2305 1383 2331 sacros
1415 2292 1517 2330 ritus
1551 2289 1723 2343 explicat

273 2341 494 2385 Durandus
522 2347 565 2385 in
602 2347 823 2388 Rationali
854 2346 1093 2386 divinorum
1123 2343 1396 2396 officiorum!
1449 2347 1584 2397 Quam
1618 2343 1722 2383 nihil

276 2404 336 2436 est
361 2413 443 2438 non
485 2402 685 2442 minutum
717 2405 761 2442 in
784 2403 931 2443 vestitu
960 2400 1230 2452 sacerdotum,
1260 2403 1303 2440 in
1326 2402 1433 2441 vasis
1460 2408 1501 2440 et
1520 2407 1720 2440 structura

275 2451 571 2506 Ecclesiarum‚
595 2459 638 2496 in
657 2458 800 2498 ritibus
819 2458 964 2507 sacris,
989 2457 1032 2494 in
1055 2470 1135 2509 quo
1156 2458 1393 2510 mysterium
1420 2456 1489 2495 ille
1507 2469 1590 2494 non
1613 2469 1723 2508 repe-

276 2509 398 2547 rerit!
421 2510 586 2563 Videas,
605 2514 810 2566 ingenium
829 2513 908 2553 illis
925 2511 1156 2551 hominibus
1175 2511 1417 2551 foecundum
1430 2525 1512 2551 non
1533 2509 1720 2562 defuisse,

277 2562 348 2600 sed
369 2562 530 2604 defflere
548 2569 699 2607 semina
717 2583 837 2608 verae
855 2567 1071 2608 doctrinae.
1099 2567 1191 2617 Quo
1211 2566 1377 2617 factum,
1397 2573 1444 2606 ut
1462 2580 1509 2606 ea
1522 2573 1724 2618 tempora,-

276 2616 390 2656 velut
418 2633 512 2673 ager
543 2621 699 2674 fertilis,
727 2624 794 2663 sed
818 2622 1037 2678 neglectus,
1066 2622 1236 2661 carduos
1263 2629 1303 2661 et
1325 2622 1514 2661 senticeta
1539 2620 1720 2660 tulerint.

281 2671 438 2711 Auctor
457 2683 592 2715 noster
612 2679 683 2728 ait,
713 2679 846 2718 aulam
870 2693 955 2718 esse
973 2677 1119 2717 debere
1148 2678 1363 2731 imaginem
1382 2678 1506 2716 totius
1526 2676 1722 2725 universi,

281 2732 321 2764 et
356 2727 507 2770 ordinis
534 2745 670 2774 rerum
699 2734 944 2775 naturalium
961 2765 974 2787 ,
1003 2748 1107 2788 quae
1133 2747 1206 2787 per
1230 2734 1337 2773 vices
1372 2732 1446 2772 sibi
1475 2730 1692 2772 succedunt
1708 2759 1723 2781 ‚
