1884 3132
201 146 276 190 An
321 142 617 190 consa-Am.
652 142 848 185 ponpa.
888 141 960 182 m:
1003 139 1183 183 cmm.
1223 139 1320 179 nn.
1348 140 1400 179 11.
1440 118 1546 173 621

119 250 216 290 novi
240 251 382 290 Graeci
408 249 554 289 humile
580 249 719 288 κοῖλον
745 245 945 300 appellant
999 250 1038 283 et
1085 249 1344 296 augmentum
1381 241 1548 294 perfecti

149 306 315 358 articipii
341 307 558 355 omittunt3
595 303 678 342 vid.
702 302 825 341 Goar.
853 301 904 339 ad
943 299 1086 339 Codin.
1109 313 1199 352 pag.
1221 297 1289 351 98.
1319 311 1363 335 n.
1393 296 1434 336 8.
1491 297 1547 335 Et

120 321 218 400 Eine
245 360 340 399 dicti
368 360 528 399 fuerunt
552 354 592 397 οἶ
618 354 697 405 ἔξω
724 355 986 405 και-ἀκοιλοι,
1014 355 1064 393 de
1091 353 1238 407 quibus
1266 351 1437 390 multum
1465 351 1547 390 dis-

122 422 312 469 putatur-3
340 415 424 454 vid.
452 414 519 453 Du
547 413 680 465 Gange
706 411 750 450 h.
781 425 823 450 v.
879 410 944 448 Sic
971 423 1113 461 nempe
1138 407 1373 446 dicebantur
1401 402 1439 445 οἱ
1467 402 1550 454 ἔξω

120 469 197 520 τῆς
226 465 471 521 α’ναβάθρας
496 463 602 507 κατὰ
631 462 679 505 τά
708 466 826 503 κοῖλα
853 458 1106 514 καθήμενοι,
1150 464 1220 515 qui
1257 469 1365 500 extra
1406 475 1547 513 sugge-

121 531 228 562 stum
260 523 508 577 patriarchae
536 520 687 574 aliquot
714 519 858 573 gradus
895 518 1020 557 altum
1059 519 1102 556 in
1128 516 1409 556 humilioribus
1443 516 1548 554 desi-

123 578 287 618 debant.
341 579 486 631 Liquet
511 590 558 616 ex
586 575 752 615 Haberti
781 572 1007 613 pontificali
1034 587 1075 625 p.
1099 586 1166 626 27.
1187 574 1233 611 B.
1254 586 1295 624 7.
1351 570 1405 610 Et
1434 570 1547 609 illine

125 647 286 686 quoque
311 633 572 671 cardinaliwn
611 629 750 668 titulus
788 629 1023 681 repetendus
1053 634 1128 666 est.
1183 624 1413 666 cardinales
1441 627 1549 664 enim

123 701 207 726 non
233 686 323 726 ideo
349 689 405 726 sic
432 687 526 725 dicti
539 715 550 734 ‚
581 684 689 738 quod
728 684 989 722 cardinalium
1023 682 1222 720 titulomm
1260 681 1324 720 vel
1367 680 1549 719 ecclesia-

123 756 238 792 rum,
278 741 558 794 parochiarum
587 745 715 778 essent
745 738 995 791 presbyteri,
1037 737 1106 776 sed
1134 735 1243 790 quod
1283 738 1322 774 in
1353 735 1513 774 cardine
1531 765 1544 782 ‚

124 795 203 836 hoc
226 803 285 835 est
311 797 353 834 in
379 796 502 842 ostio,
533 794 642 834 aditu
671 793 806 832 throni
834 791 1068 846 pontificalis
1095 797 1244 830 starent
1261 797 1330 829 aut
1348 790 1546 837 sederent,

123 858 194 891 aut
221 852 364 899 etiam,
394 851 501 904 quod
528 851 568 888 in
596 848 780 895 cardine,
819 848 930 886 aditu
963 846 1172 894 tribunae,
1212 853 1321 884 extra
1354 843 1472 883 bema
1506 846 1550 883 in

124 904 232 944 solea
274 904 406 944 locum
435 905 639 944 haberent.
697 902 816 955 Apud
845 901 1102 942 Eustathium
1131 901 1171 940 in
1199 902 1281 939 vita
1298 900 1338 939 S.
1358 899 1549 952 Eutychii

122 959 561 1013 contradistinguuntur
589 953 627 997 οἶ
655 957 730 997 τοῦ
757 954 944 1008 βήματος
971 957 1048 996 illis
1078 950 1167 995 ὅσοι
1195 955 1277 995 τῶν
1305 949 1416 992 κάτω
1437 983 1448 1003 ,
1478 955 1549 1007 qui

115 1015 227 1053 ⁴infra
255 1014 371 1054 bema
397 1015 546 1053 sedent.
606 1013 689 1052 Hos
716 1012 962 1065 Sguropulus
1000 1007 1096 1058 τούς
1134 1006 1215 1058 ἔξω
1252 1007 1326 1048 τοῦ
1363 1006 1551 1060 βήματος

124 1068 312 1122 appellat.
367 1069 470 1108 Sunt
495 1075 629 1107 tamen
667 1063 704 1106 οἱ
732 1064 811 1115 ἔξω
840 1065 1088 1111 κατάκοιλοι,
1122 1067 1163 1103 in
1195 1065 1334 1103 humili
1362 1064 1546 1110 sedentes,

125 1138 150 1162 a
174 1124 279 1163 clero
306 1131 413 1163 extra
444 1123 646 1163 tribunam
675 1122 835 1161 sedente
865 1122 1021 1160 diversi.
1048 1119 1287 1173 Significatio
1316 1117 1414 1157 haec
1443 1120 1552 1157 vocis

124 1180 282 1226 κοῖλος,
322 1179 499 1226 humilis,
549 1185 825 1231 praeterquam
852 1177 961 1230 quod
988 1181 1154 1214 naturae
1182 1174 1422 1227 respondet:
1453 1187 1549 1213 nam

125 1232 311 1272 deorsum
333 1247 458 1281 versa,
488 1247 584 1272 cava
612 1234 745 1271 omnia
771 1239 862 1270 sunt
882 1230 1074 1270 humilia:
1106 1231 1224 1268 etiam
1242 1229 1404 1268 vetustis
1423 1229 1551 1266 Grae-

123 1289 181 1326 cis
207 1302 288 1326 non
315 1289 448 1341 ignota
475 1287 562 1326 fuit.
621 1287 727 1325 Loca
755 1286 937 1338 depressa
964 1287 1082 1323 κοῖλα
1111 1284 1294 1323 dicebant
1316 1297 1327 1332 3
1373 1280 1397 1334 ἦ
1433 1283 1550 1334 κοίλη

127 1340 412 1391 ,Λακεδαίμων
441 1349 497 1381 est
527 1343 566 1380 in
584 1340 828 1392 Anthologia
854 1355 895 1392 p.
920 1339 1007 1379 118.
1030 1338 1138 1391 (598.
1164 1340 1220 1387 5.)
1237 1367 1250 1387 ,
1276 1337 1550 1375 Lacedaemon

126 1397 171 1436 in
209 1397 347 1434 humili
377 1397 464 1435 sita.
519 1395 640 1446 Quod
670 1397 711 1433 in
740 1394 983 1446 Anthologia
1011 1393 1160 1432 inedita
1198 1392 1330 1431 Carm.
1365 1389 1462 1443 469.
1492 1398 1552 1430 est

127 1448 245 1500 κοίλη
273 1443 481 1502 ἅτραπος,
519 1457 578 1490 est
603 1463 726 1488 carm.
753 1447 846 1501 470.
876 1446 1071 1493 καταντὲς
1100 1441 1274 1499 ἄντρον,
1318 1455 1475 1484 antrum
1507 1447 1551 1484 in

123 1505 324 1558 profimdo
350 1506 478 1543 situm.

237 1558 290 1597 A.
315 1557 511 1613 10..[542‚
536 1558 621 1613 τι]
652 1553 934 1609 παρακατιών.
971 1555 1018 1594 Id
1047 1562 1105 1594 est
1132 1550 1459 1607 παρακατιόντος
1482 1553 1548 1593 vel

129 1611 463 1663 παρακατιόντα,
491 1615 689 1669 aliquanto
715 1614 868 1651 ulterius
891 1623 1094 1664 progresso
1114 1611 1182 1648 illo
1209 1617 1277 1648 aut
1291 1623 1551 1663 programma

129 1667 262 1720 quoad
288 1681 447 1706 sensum
474 1663 715 1720 παρακάτω,
750 1668 948 1721 aliquanto
975 1666 1137 1715 ias-erius
1165 1665 1228 1703 vel
1256 1666 1440 1713 ιιίῑενὶιιες
1468 1664 1553 1702 vid.

128 1722 182 1760 ad
210 1736 252 1774 p.
278 1722 372 1762 352.
395 1723 448 1760 D.
469 1737 578 1776 pem,
607 1722 678 1761 ubi
706 1716 940 1760 ὖποκατιών
969 1733 1042 1771 pro
1069 1715 1277 1757 ὑποκάτω.
1318 1720 1362 1757 ln
1391 1718 1551 1757 Graecis

130 1777 362 1829 Latinisque
381 1777 638 1830 scriptoribus
664 1778 836 1829 antiquis
865 1782 904 1813 et
932 1776 1048 1812 novis
1066 1774 1288 1826 frequentia
1304 1773 1423 1812 huius
1439 1773 1550 1812 enal-

126 1826 235 1884 lages
276 1839 491 1870 occurrunt
521 1832 712 1884 exempla,
743 1838 782 1869 et
809 1843 926 1868 nemo
957 1828 995 1866 in
1027 1843 1073 1866 eo
1100 1842 1243 1880 genere
1261 1827 1551 1877 κατακορέστε-

127 1898 197 1936 ρος
223 1886 363 1924 Nostro
390 1892 430 1924 et
455 1886 708 1925 Philostrato.
787 1884 857 1922 Vel
888 1897 1015 1922 unum
1042 1883 1170 1921 saltim
1197 1877 1552 1920 locum‘adducam

130 1953 176 1977 ex
205 1940 362 1979 Alberti
394 1940 692 1994 Argentinensis
723 1939 925 1978 Chronico
953 1938 1003 1976 ad
1031 1939 1083 1976 A.
1115 1938 1160 1979 C.
1196 1937 1337 1976 1356.:
1376 1938 1552 1974 electores

129 2002 168 2031 et
192 1993 376 2045 officiales
410 1997 567 2050 imperii
593 1995 799 2034 veniebant
838 2007 953 2047 super
984 2007 1079 2048 equo
1118 2007 1232 2046 usque
1266 1992 1324 2030 ad
1355 2005 1552 2038 mensam,-

128 2048 395 2088 descendentes
440 2065 531 2089 vero
569 2050 631 2104 [id
669 2057 726 2089 est
767 2056 814 2087 ut
868 2055 1002 2086 autem
1031 2047 1313 2085 descenderant
1345 2059 1389 2084 ex
1420 2043 1551 2099 equis]

130 2103 376 2142 histrionibtae
395 2113 432 2142 et
456 2107 583 2143 mimis
610 2105 777 2143 dabatur
794 2118 923 2158 equus.
977 2102 1040 2140 Sic
1069 2101 1175 2154 apud
1204 2101 1392 2140 Nostrum
1430 2100 1550 2152 paulo

130 2165 220 2210 post
256 2158 363 2197 hunc
399 2158 530 2197 locum
556 2159 630 2198 hac
668 2161 752 2211 ipsa
779 2159 923 2222 pagina
951 2157 997 2195 C.
1034 2171 1073 2210 7.
1103 2152 1203 2201 στὰς
1240 2155 1368 2194 ἐκεῖσε
1395 2162 1453 2192 est
1478 2168 1552 2207 pro

129 2209 298 2258 στάντος
325 2220 364 2251 et
391 2213 438 2251 C.
467 2214 540 2252 uit.
571 2214 914 2265 περιβαλλομενος
941 2224 1012 2264 pro
1039 2208 1386 2262 περιβαλλομένου
1427 2216 1466 2248 et
1494 2209 1550 2248 D.

133 2266 174 2305 5.
202 2263 350 2312 νεύσας
377 2281 450 2319 pro
475 2265 720 2317 νεύσαντοςς
749 2281 839 2319 pag.
872 2267 965 2315 514.
996 2266 1041 2303 B.
1075 2279 1114 2302 2.
1152 2260 1438 2311 ἀσπασάμενοι
1477 2277 1550 2316 pro

133 2317 440 2382 (ἐσπασαμένων
481 2330 519 2360 et
546 2335 587 2374 p.
628 2321 719 2360 356.
752 2322 798 2361 Β.
837 2334 898 2358 12.
930 2319 987 2373 τῷ
1019 2319 1190 2369 βασιλεῖ’
1210 2318 1357 2369 τεχθὲν
1384 2316 1551 2356 παιδίον

134 2370 267 2427 αρ’ῥεν
294 2389 366 2428 pro
398 2375 611 2426 τεχθέντος
638 2374 804 2414 παιδίου
850 2367 1036 2426 ἄρ’ῥενος.
1094 2373 1260 2411 Possent
1287 2372 1463 2425 exempla
1488 2373 1551 2410 in-

133 2431 254 2481 tegris
291 2430 441 2469 acervis
484 2429 659 2468 effundi:
708 2443 832 2468 unum
873 2436 1010 2467 tamen
1045 2426 1174 2465 adhuc
1215 2427 1360 2466 addam
1401 2441 1554 2466 memo-

133 2483 257 2521 rabile
298 2499 342 2523 ex
356 2485 511 2537 Georgii
527 2484 746 2523 Hamartoli
765 2483 960 2522 Chronico
994 2489 1095 2519 msto
1117 2482 1235 2534 (apud
1270 2482 1336 2519 Du
1358 2481 1549 2534 Cangium

135 2549 178 2575 v.
206 2535 388 2590 Κόρτη),
428 2539 494 2577 ubi
526 2539 575 2577 de
602 2538 862 2577 Constantino
892 2538 948 2575 M.
993 2536 1162 2576 dicitur:
1201 2534 1340 2581 κτίσας
1383 2531 1549 2574 ἱππικὸν

135 2588 208 2628 καὶ
247 2589 444 2631 παλάτιον
481 2592 552 2632 καί
574 2588 669 2638 τούς
697 2588 900 2643 μεγάλους
926 2585 1129 2640 ἐμβόλους
1186 2586 1259 2629 καί
1294 2587 1366 2628 τὸν
1392 2583 1548 2641 φόρον,

137 2643 182 2680 ἐν
217 2636 248 2697 ᾦ
284 2642 390 2701 τόπῳ
437 2643 600 2699 ἔστησεν
643 2645 668 2698 ἡ
698 2643 819 2697 κόρτη
847 2642 974 2684 αὐτοῦ
1001 2641 1239 2683 ἐπανελθών
1266 2638 1346 2683 ἀπὸ
1370 2641 1544 2696 Ῥώμης.

137 2696 228 2736 Duo
253 2699 326 2740 hoc
353 2702 392 2740 in
423 2700 510 2741 loco
537 2709 628 2741 sunt
657 2699 908 2740 memoranda
925 2729 936 2751 ,
964 2713 1090 2738 unum
1134 2694 1302 2751 ἔστησεν
1327 2712 1399 2752 pro
1426 2694 1545 2750 ἔστη,
