1884 3132
222 126 299 169 111)
337 129 639 172 coms'rmr.
669 129 867 172 ponpa.
904 131 977 171 1111
1013 130 1195 173 cmm.
1236 133 1338 172 Lm.
1382 134 1436 173 11.
1476 111 1589 170 655

141 227 340 274 foeminae
367 229 499 269 adbuc
525 238 712 280 utuntur,
729 231 910 282 (Hmzben
925 231 1155 286 appellant‚)
1182 232 1279 272 olim
1308 241 1443 273 autem
1470 236 1590 275 etiam

144 285 223 323 viri
242 313 255 334 ,
298 299 390 324 cum
418 285 526 338 apud
552 299 652 337 nos,
697 293 785 324 tum
813 287 933 325 etiam
960 288 1069 340 apud
1099 289 1272 328 Graecos
1288 319 1299 336 ,
1330 290 1463 330 medio
1490 305 1590 331 aevo

142 352 288 391 nempe
304 370 317 389 ,
357 340 587 379 utebantur.
664 341 907 380 Graecorum
954 342 1087 382 clerici
1125 350 1165 382 et
1205 346 1444 384 nostratium
1473 349 1589 398 pauci

141 394 307 447 quidam
335 395 467 434 adhuc
494 394 614 434 hodie
641 395 764 449 dupla
791 403 935 449 gerunt
963 397 1204 438 camelaucia
1222 429 1234 445 ‚
1267 413 1392 438 unum
1421 402 1589 442 interius

146 451 354 502 angustius
375 479 388 499 ‚
417 449 589 488 alterum
614 453 787 489 exterius
829 452 1000 504 amplius
1018 483 1029 500 ‚
1061 453 1320 506 splendidius.
1378 455 1499 495 Prius
1522 472 1589 496 su-

140 505 420 543 canoelaucium
433 535 445 552 ‚
473 504 516 543 id
543 512 602 544 est
629 506 975 545 subcamelaucium
990 536 1002 556 ,
1030 508 1298 561 appellabant,
1330 511 1427 549 item
1453 513 1590 589 suppi-

141 559 248 606 leos,
274 561 472 612 posterius
511 561 787 599 camilauciwn
816 561 1072 615 simpliciterr.
1102 577 1143 601 v.
1174 564 1242 602 Du
1272 565 1409 618 Cange
1436 580 1479 606 v.
1509 580 1589 605 ao-

142 611 426 665 καμιλαύχιον
451 628 494 667 p.
521 614 613 655 501.
645 622 685 654 et
722 616 974 670 Ependecen.
1003 635 1008 638 ·
1032 618 1282 658 Tei-minatio
1312 627 1447 659 autem
1477 624 1589 661 auci-

138 681 208 706 um
235 682 310 721 pro
336 671 464 708 acitem
483 699 494 716 ,
539 671 813 710 camilaucium
851 685 927 725 pro
970 674 1227 727 capillaceum
1245 705 1257 722 ,
1287 677 1440 715 nemini
1467 677 1588 716 debet

140 715 244 762 mira
270 723 462 763 accidere.
520 725 646 777 Saepe
672 727 932 779 interponunt
961 728 1094 767 Latini
1123 743 1150 767 u
1181 729 1406 778 abundans,
1439 738 1485 770 ut
1510 747 1587 786 pro

140 774 316 828 πλατὺς,
330 779 481 832 platus,
494 779 634 818 dicunt
655 781 833 834 plautus,
855 782 959 835 (vid.
972 782 1138 822 Salmas.
1151 784 1203 822 ad
1219 785 1390 825 Tertull.
1408 801 1450 839 p.
1469 788 1586 841 ¹75w)

135 831 411 872 baccalaureus
427 848 502 887 pro
521 835 757 886 bucularius,
785 836 834 875 de
863 851 943 890 qua
972 852 1070 877 voce
1097 837 1193 878 alibi
1223 841 1264 878 in
1279 840 1341 880 his
1355 843 1460 881 notis
1483 843 1586 886 dico.

169 900 175 904 ·
247 887 311 926 De
333 887 421 927 aliis
449 889 783 930 camelauciorum
802 892 1050 944 nominibus,
1078 900 1124 932 ut
1150 908 1188 933 e.
1207 909 1242 934 c.
1267 897 1472 949 theristro,
1503 912 1585 952 quo

138 941 411 995 Luitprandus
439 959 486 983 ea
516 959 633 998 saepe
660 946 853 1000 appellat,
886 947 1046 999 Graeci,
1075 950 1108 988 si
1136 949 1240 988 bene
1267 952 1445 1000 memini,
1475 967 1585 993 nun-

137 1011 286 1050 quam,
330 999 424 1037 item
454 999 504 1038 de
545 1014 687 1039 eorum
724 1002 876 1055 origine
906 1003 1019 1057 (sunt
1051 1004 1271 1044 admodum
1300 1009 1490 1061 antiqua,
1522 1010 1584 1048 vi-

137 1052 286 1090 dentur
327 1059 461 1098 tamen
498 1069 522 1093 a
549 1055 708 1109 Scythis
755 1057 806 1096 ad
850 1058 1090 1100 Macedones
1131 1062 1282 1113 primos
1322 1062 1398 1101 sub
1421 1065 1584 1105 nomine

132 1108 309 1155 03115130,
339 1108 431 1147 dein
459 1109 510 1148 ad
524 1109 700 1164 reliquos
727 1126 887 1166 quoque
902 1113 1076 1154 Graecos
1090 1117 1355 1172 pervenissc,)
1385 1132 1467 1159 non
1485 1133 1583 1160 con-

136 1162 246 1200 stitui
286 1161 353 1201 hic
389 1164 606 1215 disscrere3
684 1165 790 1221 *[de
828 1168 1072 1210 camelaucio
1112 1172 1404 1225 Imperatorum
1420 1205 1433 1227 ‚
1472 1177 1583 1230 quod

137 1216 346 1269 pontifices
375 1219 518 1259 imitati
556 1228 649 1260 sunt
668 1251 680 1271 ,
723 1222 807 1261 vid.
855 1225 922 1263 Du
951 1225 1103 1265 Fresne
1131 1228 1183 1266 ad
1211 1229 1384 1270 loinvill.
1414 1245 1456 1283 p.
1487 1245 1582 1286 29¹·

134 1270 329 1311 Alteserr.
371 1274 423 1312 ad
447 1274 633 1315 Anastas.
661 1291 702 1330 p.
725 1275 835 1331 89.;]
854 1278 875 1302 ’⁸
913 1293 1043 1333 neque
1077 1281 1127 1320 de
1164 1283 1496 1325 camelauciorum
1518 1288 1581 1326 di-

136 1328 325 1366 versitate
352 1329 500 1368 diversi
528 1330 679 1370 ordinis
708 1332 881 1384 indicio,
911 1342 958 1373 ut
985 1343 1078 1374 suut
1105 1337 1252 1377 diversi
1282 1339 1438 1379 tulbani
1469 1343 1579 1394 apud

135 1379 305 1432 Tumens,
335 1390 381 1421 ut
400 1386 543 1437 cuique
571 1389 679 1424 vitae
708 1390 844 1439 generi
874 1389 962 1437 sui,
995 1405 1096 1442 quos
1125 1394 1244 1431 etiam
1273 1394 1451 1434 diversos
1467 1398 1579 1450 apud

137 1435 310 1476 Graecos
340 1437 460 1477 fuisse
487 1447 643 1478 constat
669 1455 691 1479 e
717 1442 852 1481 Niceta
879 1458 920 1496 p.
952 1444 1042 1494 142.
1063 1446 1116 1484 D.
1140 1461 1181 1501 9.
1236 1449 1419 1489 Procedo
1444 1453 1578 1504 potius

135 1490 188 1529 ad
216 1490 477 1545 polycanzlela
495 1524 506 1541 r
552 1509 655 1547 quae
680 1510 727 1535 ex
766 1510 813 1536 eo
831 1527 841 1544 ‚
880 1499 989 1552 quod
1015 1501 1158 1540 similia
1183 1503 1293 1543 vittis
1321 1507 1479 1558 capitis,
1508 1521 1577 1547 ca-

134 1545 340 1586 melauciis
366 1547 483 1588 dictis
504 1579 517 1600 ‚
557 1558 709 1598 essent,
743 1566 881 1591 eorum
918 1556 1081 1595 nomine
1108 1566 1318 1598 venerunt.
1371 1561 1465 1599 Non
1489 1576 1576 1602 me-

115 1598 210 1640 ν11115
236 1603 445 1655 apparebit
470 1605 682 1644 amborum
710 1607 929 1647 similitudo
945 1639 957 1658 ,
986 1610 1208 1663 pharorum
1233 1613 1489 1655 circularium
1510 1618 1575 1657 in-

131 1669 255 1708 quam
283 1671 353 1696 seu
381 1673 622 1698 coronarum
655 1661 792 1701 multis
833 1662 1006 1704 lucernis
1034 1673 1074 1704 et
1102 1670 1225 1707 cereis
1254 1669 1574 1713 illuminatarum

131 1724 225 1750 cum
253 1713 361 1752 vittis
388 1715 536 1754 conicis
567 1718 866 1768 convenientia,
895 1734 1016 1772 quam
1045 1723 1077 1760 si
1106 1723 1207 1762 Tab.
1229 1724 1295 1764 26.
1323 1733 1363 1764 et
1383 1740 1448 1781 27.
1478 1729 1570 1767 Mo-

130 1775 312 1806 nument.
339 1776 518 1809 veterum
535 1770 732 1825 Ciampini
761 1774 957 1826 inspicias,
987 1776 1060 1815 ubi
1087 1792 1258 1818 coronae
1283 1779 1359 1820 hae
1387 1795 1409 1820 e
1438 1796 1571 1822 cama-

130 1822 187 1860 ris
235 1822 488 1864 ecclesiarum
521 1826 787 1879 dependentes
831 1843 924 1868 cum
968 1834 1117 1872 catenis
1146 1834 1197 1872 ad
1225 1837 1349 1875 instar
1379 1837 1568 1891 trianguli

130 1877 370 1928 aequicrurii
409 1880 451 1918 in
478 1895 635 1921 summo
663 1885 994 1936 convergentibus
1037 1896 1171 1928 exacte
1207 1891 1384 1930 referunt
1421 1906 1568 1932 conum

130 1930 308 1970 sacchan
337 1940 406 1971 aut
425 1934 616 1975 bonetum
659 1939 910 1992 cuspidatum
937 1941 1002 1980 vel
1030 1942 1180 1995 pileum
1209 1948 1431 1985 nauticum.
1488 1948 1568 1986 Su-

131 1993 262 2038 perest
298 1987 429 2027 adhuc
469 1993 590 2030 moris
626 1995 779 2046 antiqui
826 1995 922 2034 talia
961 1997 1201 2038 camelaucia
1230 2001 1498 2040 illuminantia
1523 2004 1567 2042 in

130 2040 305 2081 ecclesiis
331 2045 596 2096 suspendendi
623 2048 908 2089 documentum
956 2052 997 2090 in
1037 2053 1199 2093 basilica
1253 2056 1566 2110 Aquisgranensi

130 2109 155 2133 a
184 2095 328 2135 carolo
371 2099 430 2136 M.
473 2102 659 2152 condita,
700 2118 847 2143 corona
876 2106 943 2156 (sic
973 2109 1078 2146 enim
1108 2109 1254 2161 pharos
1279 2111 1369 2149 illos
1395 2111 1565 2164 pensiles

127 2149 371 2203 lychnife1·os
396 2154 663 2206 appellabant,
694 2159 801 2197 unde
830 2174 902 2199 nos
929 2169 1083 2200 retento
1100 2166 1259 2203 nomine
1272 2165 1564 2206 Kroroenleeoelz-

129 2214 189 2243 ter
213 2205 412 2257 dicimus.)
442 2223 522 2247 non
550 2225 670 2250 aurea
688 2242 699 2262 ‚
729 2228 859 2266 neque
897 2230 920 2253 a
944 2216 1088 2255 Carolo
1117 2219 1175 2256 M.
1205 2227 1367 2271 gestata,
1402 2228 1446 2259 ut
1474 2221 1564 2260 vul-

129 2273 202 2312 gus
234 2268 441 2310 autumat,
470 2264 538 2301 sed
566 2265 712 2315 ferrea,
742 2270 914 2308 accensis
940 2272 1062 2310 cereis
1090 2280 1129 2311 et
1156 2272 1328 2313 lucernis
1357 2275 1562 2316 ecclesiam

128 2313 355 2354 illuminare
384 2317 499 2355 faeta.
557 2319 663 2358 Erat
700 2323 742 2360 in
765 2323 901 2361 eadem
929 2325 1114 2376 basilica,
1156 2329 1212 2365 sic
1249 2329 1387 2367 scribit
1413 2329 1463 2368 de
1491 2329 1562 2371 illa

129 2382 276 2408 corona
320 2370 564 2422 Eginhartus
597 2375 638 2412 in
683 2376 775 2414 vita
816 2377 951 2416 Caroli
980 2381 1036 2419 M.
1059 2409 1071 2430 ‚
1122 2382 1163 2420 in
1197 2385 1377 2434 margine
1411 2383 1474 2439 [id
1501 2394 1562 2425 est

128 2424 275 2463 cantho
318 2440 384 2463 seu
415 2427 494 2464 imo
523 2426 605 2465 lato
632 2429 780 2468 circulo
825 2431 977 2485 ferreo]
1019 2448 1207 2483 coronae,
1238 2452 1338 2492 quae
1369 2439 1473 2478 inter
1491 2455 1559 2479 su-

120 2481 298 2531 per-iores
333 2495 447 2518 arcus
475 2482 694 2521 inten‘ooem
726 2485 836 2522 aedis
864 2496 1020 2539 partem
1060 2490 1254 2530 ambiebat
1278 2495 1474 2547 synoptice
1501 2494 1559 2549 [id

129 2538 189 2570 est
213 2532 257 2572 ἐν
286 2532 536 2590 εὖσυνύπτῳ,
567 2538 809 2589 grandibus,
841 2540 982 2588 claris,
1014 2545 1231 2596 perspicuis
1257 2544 1426 2596 litteris,
1456 2563 1560 2603 quae

130 2587 172 2624 in
190 2587 324 2627 oculos
351 2590 599 2629 incurrerent
618 2599 658 2630 et
688 2606 711 2630 a
738 2595 879 2646 quovis
905 2597 1112 2637 commode
1128 2597 1203 2653 legi
1230 2610 1390 2654 possent
1401 2602 1435 2658 ,]
1461 2606 1558 2643 scri-

122 2650 233 2693 ptum
271 2645 469 2682 continens
482 2675 494 2695 ‚
526 2647 613 2700 quis
648 2656 742 2685 esset
786 2657 921 2687 auctor·
948 2652 1116 2691 eiusdem
1139 2657 1287 2709 templi.
1354 2657 1557 2712 Ectypum

129 2708 218 2734 aere
246 2710 467 2750 expressum
495 2699 615 2740 huius
642 2715 813 2742 coronae
830 2717 899 2758 per
927 2706 1138 2748 intervalla
1165 2711 1335 2751 turrium
1362 2719 1402 2753 et
1430 2714 1554 2754 eccle-
