1884 3132
280 159 397 227 324
560 175 634 218 10.
676 173 784 218 1AC.
822 174 1018 218 Rmsxn
1059 173 1438 219 COMMENTARu

1031 292 1075 314 2⁴1

286 329 334 368 In
361 326 497 368 codice
526 334 586 367 est
615 327 658 364 λε
688 321 832 379 φωνὴν
861 323 943 366 αἠὁ
976 341 1082 379 κρα,
1114 327 1154 366 id
1187 335 1267 376 est,
1305 327 1414 379 λέγει
1455 323 1600 381 φωνὴν
1637 325 1720 368 dud

287 382 501 436 κρακτῶν,
531 383 605 421 illa
614 382 748 433 factio
780 381 877 420 dicit
899 385 1074 436 pltonam
1106 397 1173 421 ore
1208 392 1427 422 cantorum.

376 437 468 477 186.
500 437 554 476 Α,
577 453 614 491 7.
645 436 759 490 [3¹9.
781 436 841 490 3.]
871 433 987 476 νάμα.
1046 438 1122 476 Hic
1147 445 1185 476 et
1210 438 1396 491 deinceps
1418 444 1505 476 erat
1524 437 1566 476 in
1589 437 1725 477 codice

290 490 396 534 νανὰ
415 522 426 541 ,
456 500 623 532 accentu
647 494 687 529 in
714 490 871 530 ultima.

397 548 443 586 B.
483 561 517 589 1.
561 547 676 601 [319‚
718 546 799 599 io.]
840 550 1039 596 μεσιτεῖα.
1113 548 1174 587 Ita
1208 559 1368 602 quoque
1399 554 1458 587 est
1500 547 1543 587 in
1575 547 1726 587 codice.

289 602 370 642 Sed
407 603 527 642 scrib.
555 598 740 655 μεσιτείᾳ
761 602 802 640 in
823 602 972 652 dativo,
995 618 1072 656 per·
1090 604 1397 642 l'lzter(,·essz'011enz
1410 633 1421 649 ,
1453 604 1728 642 mediationem

289 668 410 698 tuam.
443 659 592 697 Venias
609 664 740 694 tamen
759 671 803 695 ex
825 658 1035 696 collatione
1052 657 1128 696 loci
1149 673 1190 711 p.
1212 658 1299 711 189.
1316 659 1367 697 D.
1385 657 1426 708 4.
1443 659 1483 696 in
1499 672 1588 697 eam
1606 659 1730 711 opini-

291 727 409 752 onem
427 741 438 761 ,
466 720 512 751 ut
541 712 678 751 credas
705 712 848 750 omissa
880 713 1075 765 quaedam
1092 713 1158 751 hic
1179 727 1278 763 esse,
1305 726 1448 766 nempe
1464 712 1547 752 τῶν
1573 710 1729 752 πιστῶν

289 765 497 820 βασιλέων
514 765 645 820 ἡμῶν,
671 768 935 806 inter-ces.s·1‘one
947 768 1131 822 fidelium
1157 777 1375 807 nostrorum
1393 768 1702 823 Imperatorum.

402 823 456 862 D.
477 838 517 876 7.
548 823 659 877 [320‚
689 821 774 875 13]
802 819 853 861 τὰ
875 819 961 862 ἴσα.
1020 823 1118 861 Fuit
1143 823 1357 876 aliquando
1373 853 1384 873 ,
1414 837 1506 861 cum
1530 822 1731 862 crederem

293 878 399 917 hanc
423 878 639 916 dictionem
669 877 918 930 significare:
944 876 1181 933 flagitamus
1212 879 1398 933 exempla
1437 879 1626 917 victoriae
1662 891 1732 916 ve—

292 942 421 980 strae,
454 933 495 971 id
529 940 587 972 est
614 931 841 982 schedulas,
869 933 1015 986 quibus
1042 935 1318 971 testimonium
1349 933 1538 972 victoriae
1575 939 1732 972 vestrae

293 987 530 1042 perhibetur
546 1019 556 1035 ,
593 988 738 1040 quibus
774 988 1001 1026 authentice
1038 988 1246 1041 profitetur
1276 989 1524 1041 Imperator,
1566 1001 1638 1027 vos
1669 987 1733 1026 vi-

295 1045 409 1086 cisse.
454 1036 566 1082 '‘Iaov
599 1049 706 1081 certe
746 1049 804 1081 est
844 1043 1069 1095 exemplum
1085 1073 1096 1094 ,
1137 1042 1291 1082 calamo
1329 1043 1521 1096 scriptum
1564 1042 1733 1081 alicuius

294 1097 552 1150 συμβολαίου
583 1104 654 1135 aut
687 1098 822 1151 scripti
854 1097 919 1138 vel
940 1100 1041 1147 acti,
1072 1098 1344 1151 cuiuscunque
1366 1097 1530 1136 tandem
1549 1103 1734 1147 naturae,

294 1159 379 1191 tam
421 1148 656 1205 originale,
703 1151 974 1203 πρωτότυπον
993 1183 1005 1203 ,
1058 1152 1274 1206 Ursclzrg'ft,
1346 1152 1557 1201 Urhmde,
1611 1166 1737 1205 quam

293 1208 443 1263 copiae,
465 1207 531 1246 vel
548 1208 788 1262 antigraphi,
810 1207 979 1247 Abschri
1011 1238 1023 1258 ‚
1055 1208 1187 1262 Copie.
1241 1207 1339 1247 vid.
1357 1209 1423 1246 Du
1447 1207 1581 1261 Gange
1605 1207 1737 1247 Gloss.

296 1263 387 1303 Lat.
413 1277 455 1302 v.
479 1262 627 1318 Appar
654 1269 694 1301 et
722 1263 869 1318 Copia,·
898 1263 970 1302 ubi
1003 1265 1100 1302 citat
1130 1277 1175 1301 ex
1206 1262 1359 1304 Concil.
1387 1261 1733 1316 Constantinopol.

296 1313 388 1356 ἴσον
416 1313 604 1370 πράξεως
632 1313 866 1370 συστάσης,
904 1318 1020 1372 copia
1057 1319 1219 1356 actionis
1244 1320 1454 1371 formatae
1493 1326 1629 1356 contra
1663 1340 1732 1357 ——.

298 1370 378 1410 Sed
415 1372 609 1425 significat
638 1386 798 1425 quoque
834 1373 1035 1412 interdum
1070 1380 1330 1426 prototypum
1346 1402 1358 1421 ,
1398 1372 1590 1423 originale
1638 1373 1736 1412 scri-

295 1434 435 1480 ptum,
483 1434 531 1465 ut
558 1427 666 1480 apud
697 1428 862 1466 Latinos
889 1427 1130 1467 vocabulum
1161 1441 1261 1483 par.
1326 1426 1549 1467 Radevicus
1585 1426 1614 1466 1.
1648 1441 1737 1468 1o.:

298 1480 428 1521 Porro
457 1483 551 1537 quia
581 1482 703 1520 multa
725 1484 848 1536 paria
873 1481 930 1536 [id
958 1490 1017 1521 est
1041 1482 1218 1535 exempla
1236 1512 1248 1533 ,
1279 1482 1559 1536 autographa,]
1587 1483 1739 1522 littera-

299 1551 387 1574 rum
417 1537 529 1591 apud
559 1550 621 1575 eos
658 1547 815 1591 reperta
841 1547 927 1576 sunt
959 1537 1078 1592 [quae
1107 1538 1256 1577 scilicet
1289 1538 1465 1576 eiusdem
1501 1552 1640 1589 omnes
1671 1552 1737 1576 ar-

301 1593 508 1644 gumenti,
539 1591 760 1645 iisdemque
789 1592 970 1632 formulis
999 1601 1235 1647 conceptae,
1267 1593 1335 1632 sed
1363 1592 1414 1631 ad
1442 1592 1620 1632 diversos
1648 1606 1739 1632 exa-

301 1654 412 1685 ratae
444 1654 601 1694 essent,
643 1654 682 1685 ct
714 1654 872 1686 tantum
915 1649 955 1686 in
990 1650 1153 1702 paucis,
1186 1647 1416 1687 nominibus
1451 1661 1595 1701 nempe
1628 1649 1740 1687 viro-

301 1715 393 1740 rum
409 1731 420 1752 ,
442 1702 494 1740 ad
530 1715 630 1754 quos
665 1702 839 1742 directae
868 1711 1019 1751 essent,
1052 1702 1295 1756 variarent,]
1324 1712 1363 1742 et
1392 1702 1598 1742 schedulae
1626 1703 1737 1756 sigil-

303 1757 410 1794 latae
437 1757 495 1796 ad
520 1757 728 1796 arbitrium
762 1772 896 1797 eorum
926 1759 1176 1808 scribendae3
1207 1758 1344 1811 quales
1369 1771 1442 1796 nos
1473 1757 1592 1796 hodie
1613 1766 1737 1797 cartes

304 1811 485 1850 blanclzes
524 1811 787 1865 appellamus.
852 1814 915 1852 Eo
944 1827 1060 1853 sensu
1093 1821 1261 1867 usurpat
1287 1827 1326 1853 v.
1362 1808 1451 1851 ἴσον
1475 1811 1740 1866 Theophanes

303 1880 344 1918 p.
373 1866 461 1918 114.
494 1867 548 1904 D.
578 1867 674 1918 fine,
703 1867 773 1906 ubi
795 1869 850 1906 sic
877 1876 1030 1919 narrat3
1060 1869 1203 1923 dignus
1227 1869 1335 1907 enim
1361 1873 1420 1905 est
1444 1867 1554 1906 locus
1585 1868 1740 1920 exposi-

303 1922 428 1969 tione,
461 1936 583 1974 quem
603 1921 744 1960 doctus
775 1924 971 1976 interpres
998 1938 1081 1963 non
1115 1931 1220 1963 recte
1244 1922 1432 1976 percepit.
1493 1921 1642 1961 Acacio
1668 1923 1740 1962 de-

286 1976 451 2027 fimeto,
480 1978 553 2027 ait,
572 1978 941 2017 successitFt-avitas
963 1981 1004 2018 in
1024 1980 1150 2034 episco
1179 1987 1245 2017 atu
1263 1978 1440 2024 CPtano‚
1460 1979 1530 2032 qui
1555 1978 1612 2016 ad
1629 1978 1740 2016 Feli-

304 2045 403 2081 cem,
429 2032 591 2078 Romae,
613 2041 651 2071 et
667 2033 724 2071 acl
742 2033 944 2085 BIongmn,
960 1994 1234 2073 Alexandifiae
1254 2034 1486 2088 episcopum,
1513 2032 1659 2071 lztteras
1673 2032 1742 2072 dct-

306 2085 375 2123 bat
399 2086 585 2125 adversas
611 2087 685 2125 sihi
709 2096 747 2126 et
770 2091 919 2143 utrique
930 2090 1075 2140 fioewn
1086 2089 1289 2140 facturas.
1350 2086 1396 2125 V
1390 2101 1496 2125 erum
1518 2088 1663 2126 litteras
1685 2087 1744 2126 ad

307 2140 498 2193 Illongum
524 2143 753 2196 interceptas
780 2143 829 2180 ab
854 2144 1082 2182 orthodoxis
1100 2143 1315 2197 accipiebat
1331 2142 1374 2179 F
1369 2142 1454 2180 elix
1466 2144 1590 2196 prius,
1621 2156 1739 2197 quam

308 2197 563 2247 apocrisiarii
580 2197 647 2234 vel
664 2198 901 2250 responsales
931 2207 999 2236 aut
1029 2198 1148 2250 legati
1168 2198 1359 2236 Fravitae
1385 2211 1474 2235 cnm
1502 2198 1579 2235 suis
1602 2197 1740 2235 litteris

306 2249 476 2290 Romam
505 2252 693 2289 venirent.
735 2252 810 2290 Hic
828 2258 886 2289 est
902 2267 1036 2291 sensus
1053 2253 1242 2291 obscurae
1263 2252 1446 2290 dictionis
1467 2249 1586 2297 Φίλιξ
1615 2249 1661 2289 δὲ
1686 2248 1739 2290 τὰ

307 2299 380 2342 ἴσα
406 2301 508 2356 πρὸς
527 2301 597 2344 τὸν
614 2300 788 2357 ΙΗόγγον
806 2305 1054 2359 πεμφθέντα
1076 2305 1243 2355 ἐδέξατο
1265 2302 1378 2358 παρὰ
1409 2305 1491 2344 τῶν
1508 2300 1743 2356 ὀρθοόόξων

309 2355 581 2409 προλαβόντα.
623 2360 775 2399 Eodem
799 2375 913 2399 sensu
944 2363 1069 2415 accipi
1087 2362 1204 2400 debet
1227 2362 1267 2400 in
1290 2360 1358 2399 illo
1375 2360 1622 2398 Constantini
1638 2359 1740 2398 Por-

308 2411 428 2465 phyr.
466 2413 515 2452 de
550 2415 622 2453 vit.
661 2415 775 2456 Basil.
813 2417 968 2455 Maced.
1005 2432 1045 2470 p.
1089 2431 1172 2482 192.
1205 2417 1252 2455 Β.
1291 2414 1396 2453 ult.:
1446 2410 1492 2452 τὸ
1535 2409 1624 2452 ἴσον
1666 2414 1742 2466 τῆς

313 2464 539 2514 διατάξεως
579 2468 712 2522 αὐτῆς
761 2469 831 2509 ἐπί
876 2475 1001 2523 χεῖρα
1051 2473 1217 2522 λαβων,
1258 2470 1475 2509 testamenti
1518 2470 1742 2523 exemplum

311 2520 595 2575 (prototypum)
640 2526 682 2563 in
733 2540 869 2564 manus
916 2540 1080 2565 sumens.
1140 2525 1297 2572 Attuli,
1348 2537 1451 2576 quae
1492 2525 1630 2575 potui,
1690 2524 1742 2563 ad

313 2576 481 2625 speciem
517 2579 755 2628 expositioni
786 2594 896 2619 meae
923 2581 1159 2619 faciendam.
1215 2581 1368 2619 Verum
1401 2591 1524 2629 quum
1556 2577 1742 2632 deinceps

313 2642 405 2680 pag.
436 2629 524 2682 187.
559 2633 604 2670 B.
635 2632 674 2671 8.
705 2642 743 2672 et
779 2649 838 2673 12.
882 2632 932 2673 τὰ
963 2631 1033 2674 ἴσα
1075 2635 1145 2687 τῆς
1180 2635 1293 2685 νίκης
1334 2628 1450 2680 ὑμῶν
1489 2629 1594 2671 καῒὰ
1637 2634 1742 2686 βαθ-

313 2680 457 2742 βοὲρων
487 2692 526 2722 ct
554 2685 597 2727 C,
628 2689 667 2726 3.
707 2684 757 2728 τά
787 2685 858 2728 ἴσα
892 2690 976 2729 τῶν
1004 2688 1288 2741 στρατοπέδων
1322 2693 1361 2726 et
1405 2686 1452 2723 C.
1495 2685 1533 2726 8.
1577 2683 1630 2725 τὰ
1668 2683 1739 2727 ἴσα

312 2749 393 2775 των
416 2739 528 2778 λαῶν
554 2740 795 2795 habeamus,
827 2743 994 2783 efficitur
1015 2758 1036 2783 c
1058 2743 1350 2797 comparatione
1368 2740 1548 2780 locorum
1578 2742 1741 2782 istorum
