1832 3126
144 201 221 244 An
256 196 552 243 consum.
594 194 792 238 Pomm.
830 194 904 234 m:
941 191 1124 234 cnam.
1166 190 1265 231 mn.
1304 189 1339 230 ι.
1398 169 1502 236 143

66 301 344 347 θεοστὲπτους
369 306 410 339 et
441 297 519 338 alia
549 295 644 336 talia
678 294 960 345 nominabant,
1004 300 1044 333 et
1071 306 1239 346 regnum
1276 305 1395 331 suum
1426 284 1504 342 τήν

67 353 210 397 ἔνθεον
236 353 478 407 βασιλείαν,
505 353 645 392 divino
670 365 828 390 munere
853 351 1051 389 tributum.

177 413 223 451 B.
245 411 288 451 6.
310 409 401 464 [56‚
422 407 484 462 2.]
515 401 695 461 φθογγὴ.
747 405 834 444 Ubi
862 404 1043 443 locorum
1064 405 1107 442 in
1130 402 1373 441 membranis
1399 402 1502 440 inte-

67 481 136 521 gre
167 479 394 520 expressum
423 469 508 503 erat
535 462 614 501 hoc
647 459 890 500 vocabulum
907 489 918 509 ,
962 457 1136 497 habebat
1169 458 1308 496 ultima
1336 457 1451 496 litera
1476 471 1504 508 η

67 537 188 576 super
222 536 263 561 se
297 517 599 560 semicircellum
619 545 630 565 ‚
675 516 714 555 id
744 522 803 554 est
828 513 1140 553 circumflexum.
1198 513 1302 551 Nam
1333 513 1506 551 circum-

67 575 190 616 flexus
223 577 267 615 in
298 574 376 614 illis
410 571 650 613 membranis
676 571 826 623 ubique
866 568 1168 608 semicircellum
1198 582 1370 621 pronum
1398 567 1504 606 refe-

66 632 207 684 rebat,
250 630 293 670 id
321 637 380 669 est
407 628 554 677 talem,
601 626 713 665 cuius
744 624 864 664 ambo
891 639 1042 663 cornua
1080 623 1268 662 deorsum
1302 623 1502 675 prospice-

65 693 171 726 rent.
227 685 351 726 Venit
380 684 502 737 igitur
531 683 571 721 in
602 681 680 720 hoc
709 695 871 734 quoque
902 679 1026 719 verbo
1055 693 1155 727 usu,
1194 678 1303 731 quod
1338 678 1502 731 singulis

66 755 191 795 paene
214 741 367 794 paginis
394 739 630 778 observatur
654 737 864 789 contigisse
879 765 890 786 ,
920 751 944 788 η
975 749 1049 788 pro
1079 747 1116 772 ει
1139 733 1259 772 fuisse
1279 741 1500 782 exaratum,

26 832 30 836 .
65 804 106 835 et
130 797 312 850 φθογγεῖ
334 795 413 848 legi
443 793 588 833 debere
606 822 618 843 ,
657 792 697 830 id
731 799 789 830 est
814 799 940 829 sonat.
1000 790 1208 840 ‹Dffoyyecv
1235 790 1365 827 rarius
1392 795 1502 827 vete-

65 866 128 891 res
154 865 228 905 pro
264 850 522 903 φθέγγεσθαι
554 854 749 900 usurpant
764 877 776 897 ,
804 846 976 900 probum
1002 852 1136 884 tamen
1163 850 1235 882 est.
1297 843 1503 883 Habemus

66 906 143 946 hoc
171 906 326 959 capite,
354 904 670 956 habebimusque
705 904 747 941 in
772 902 1029 955 sequentihus
1054 898 1247 938 formulas
1276 900 1502 952 responsio-

65 975 165 1000 num
193 963 236 1000 in
269 958 456 998 laudibus
475 989 486 1008 ,
517 973 585 997 seu
609 959 762 1011 phonas
789 966 827 996 et
854 957 1094 1010 antiphonas
1110 985 1121 1005 ,
1152 969 1174 992 a
1202 955 1434 994 cantoribus
1463 962 1503 994 ct

64 1015 215 1070 populo
242 1016 413 1054 vicissim
445 1015 645 1053 cantando
671 1015 854 1052 recitatas
870 1041 882 1062 ,
923 1025 1094 1066 quarum
1118 1009 1342 1062 exemplum
1366 1011 1407 1048 in
1436 1024 1502 1047 ec-

65 1071 183 1111 elesia
213 1072 356 1110 Latina
385 1070 455 1124 qui
489 1069 626 1109 videre
656 1069 815 1121 cupiat,
860 1069 1038 1106 inveniet
1068 1065 1246 1118 lepidum
1290 1066 1396 1118 apud
1434 1066 1502 1104 Du

65 1127 199 1180 Gange
223 1125 354 1166 Gloss.
387 1125 520 1164 Latin.
553 1138 596 1164 v.
654 1125 811 1163 Festum
844 1125 1040 1162 asinorum
1056 1152 1067 1170 ,
1098 1121 1167 1160 ubi
1202 1131 1403 1160 vocator-es
1431 1135 1503 1174 ap-

63 1181 264 1235 pellantur
282 1211 293 1231 ,
323 1183 393 1234 qui
418 1180 484 1219 hic
512 1177 687 1232 κράκται
716 1186 822 1218 sunt.

175 1237 221 1275 C.
241 1235 281 1287 4.
302 1235 392 1290 [36,
422 1234 507 1289 12.]
538 1233 627 1282 σιὲς.
693 1234 779 1273 Aut
806 1233 907 1282 σᾶς,
936 1239 995 1271 est
1021 1246 1150 1271 novae
1180 1232 1395 1279 Graeciae,
1427 1246 1503 1285 pro

62 1300 208 1340 vester,
239 1299 310 1330 aut
326 1300 520 1339 vestrum,
554 1288 690 1340 ὑμῶν.
723 1290 819 1328 Vid.
854 1289 996 1326 Codin.
1029 1286 1148 1326 offic.
1178 1301 1220 1339 p.
1247 1286 1336 1326 125.
1366 1302 1411 1325 n.
1431 1286 1500 1338 40.

66 1346 211 1386 Paullo
242 1353 333 1400 post
360 1345 434 1385 lin.
462 1359 525 1384 10.
556 1346 684 1383 restit.
718 1359 740 1383 e
759 1344 1000 1383 membranis
1031 1342 1220 1393 λέγουσιν
1258 1339 1295 1380 οἱ
1325 1339 1505 1394 κρᾰκται

63 1397 143 1452 τὴν
171 1399 327 1455 φωνήν.
380 1401 523 1440 Phona
547 1408 605 1439 est
633 1399 701 1439 ille
726 1400 927 1454 hymnus,
957 1400 1026 1451 qui
1059 1399 1229 1444 citatur,
1272 1394 1294 1435 ὁ
1324 1394 1499 1451 ἀμήτωρ

65 1463 143 1494 etc.
177 1463 216 1495 et
243 1456 367 1495 echus
390 1471 460 1496 seu
483 1463 603 1495 tonus
629 1457 714 1495 eius
742 1463 800 1495 est
829 1454 1065 1494 modulatio.
1123 1452 1289 1493 Phonae
1315 1453 1501 1492 succede-

62 1510 133 1550 bat
159 1511 378 1564 antiphona
403 1510 556 1564 populi.

173 1567 229 1604 D.
249 1565 289 1604 8.
333 1565 400 1615 36,
422 1564 509 1617 24.]
540 1563 819 1617 αὐτοκράτωρ.
857 1567 916 1604 Μ.
951 1558 1211 1616 αὐτοκράτορ
1235 1565 1276 1603 in
1292 1566 1495 1606 vocativo.

118 1620 301 1660 23.B.5.
334 1621 404 1674 37,
427 1619 507 1674 18.]
537 1616 654 1669 σὰρξ.
720 1621 817 1659 Post
839 1620 943 1658 hanc
968 1634 1107 1659 vocem
1130 1627 1286 1673 ponunt
1306 1621 1501 1660 membra-

61 1690 139 1715 nae
166 1683 392 1730 punctum,
438 1682 478 1713 et
510 1674 653 1713 deinde
682 1675 834 1714 habent
865 1672 1137 1729 ἐξαφαιίζον,
1185 1682 1230 1713 ut
1255 1676 1306 1714 ad
1342 1676 1500 1730 βρέφος

61 1731 212 1770 redeat.
271 1730 435 1770 Mallem
466 1737 601 1769 tamen
634 1727 907 1783 ἑξαφανίσων.
962 1729 1064 1769 Item
1095 1728 1245 1769 habent
1284 1729 1410 1778 αὕτός
1428 1727 1497 1778 ,τό

59 1782 208 1839 κράτος
235 1792 313 1825 etc.

172 1841 219 1880 C.
247 1839 389 1896 1.[58‚
413 1839 467 1893 1.]
496 1839 567 1892 τῆς
595 1840 821 1879 ΠΙελετίου.
876 1838 1135 1892 subintellige
1163 1839 1302 1893 μονῆς.
1339 1841 1402 1879 De
1419 1840 1498 1880 hoc

60 1897 302 1936 monasterio
327 1895 429 1935 nihil
455 1896 618 1935 invenio
646 1895 753 1950 apud
780 1897 848 1935 Du
876 1897 1009 1950 Gange
1033 1896 1076 1933 in
1102 1895 1239 1934 Const.
1268 1895 1417 1936 Christ.
1447 1898 1496 1937 ln

410 1963 431 1984 'l'

61 1994 197 2034 codice
218 2002 278 2034 est
294 1996 426 2037 Μελε.
442 2027 454 2047 ,
510 1997 619 2036 unde
638 1997 723 2036 fieri
749 2011 910 2051 quoque
936 2003 1093 2051 poterat
1117 1994 1332 2049 Μελέτης,
1350 1996 1495 2037 studii.

57 2049 117 2090 Et
143 2064 236 2090 sane
268 2052 324 2089 sie
355 2060 478 2092 exstat
500 2068 541 2106 p.
567 2052 637 2103 54.
660 2054 713 2091 D.
745 2061 828 2092 tam
855 2055 898 2091 in
925 2053 1122 2099 editione,
1149 2066 1270 2104 quam
1297 2052 1337 2090 in
1368 2066 1498 2090 mem-

61 2104 196 2143 branis
213 2134 226 2155 ,
253 2105 378 2146 literis
399 2108 585 2147 omnibus
609 2110 760 2158 integre
782 2110 964 2147 exaratis.
1020 2109 1172 2147 Eratne
1202 2121 1296 2159 ergo
1320 2107 1397 2145 hoc
1413 2121 1496 2146 mo·

60 2162 278 2199 nasterium
305 2161 459 2202 celebre
482 2163 582 2202 illud
615 2164 760 2213 studii,
790 2164 897 2203 unde
921 2163 1157 2202 Theodorus
1186 2162 1344 2200 studita
1365 2169 1404 2200 et
1426 2162 1494 2201 alii

59 2215 325 2268 prodierunt?
379 2218 533 2258 Suntne
559 2219 665 2257 idem
693 2220 935 2269 flIeletz'ana,
965 2232 1067 2271 quae
1094 2219 1136 2256 in
1162 2216 1300 2255 tabula
1325 2217 1493 2255 Peutin-

60 2271 220 2322 geriana
253 2285 377 2323 prope
406 2273 531 2311 CPlin
561 2276 887 2327 conspiciuntur?
943 2274 986 2312 Si
1011 2274 1228 2311 [Uele-tiana
1250 2279 1290 2310 et
1316 2268 1367 2311 τιὶ
1395 2272 1494 2310 Ms-

59 2323 180 2376 λε’της
213 2332 252 2362 ct
283 2326 514 2366 coenobium
553 2329 687 2368 Stadii
723 2330 828 2368 idem
859 2331 938 2368 sint
952 2358 963 2378 ‚
1003 2327 1130 2381 liquet
1166 2326 1276 2365 illam
1312 2325 1493 2365 tabulam

60 2385 189 2418 aetate
219 2381 433 2422 Theodosii
467 2383 593 2422 multo
621 2387 882 2424 recentiorem
911 2398 1008 2422 esse.
1066 2381 1250 2435 Allegavi
1276 2383 1382 2420 inter
1413 2380 1493 2421 alia

59 2430 137 2475 hoc
161 2449 321 2488 quoque
347 2446 626 2490 argumentum
650 2440 891 2479 evincendae
916 2439 1206 2477 recentissimae
1233 2438 1351 2476 aetati
1383 2436 1492 2476 illius

60 2488 220 2528 tabulae
235 2493 277 2528 in
296 2494 523 2532 recensione
545 2508 672 2534 novae
698 2495 882 2534 editionis
899 2494 1138 2533 Viennensis
1160 2492 1200 2530 in
1224 2491 1360 2531 libello
1377 2506 1491 2531 men-

58 2549 168 2583 struo
208 2547 423 2586 vernacule
467 2549 587 2587 edito.
641 2546 863 2600 ’Λχιλλεύς
904 2555 990 2588 erat
1025 2562 1171 2586 nomen
1214 2547 1461 2587 thermarum
1476 2576 1490 2597 ‚

60 2596 167 2662 haud
210 2602 350 2652 procul
381 2602 557 2642 Chalcen
589 2611 628 2643 et
660 2606 702 2643 S.
735 2605 942 2657 Sophiam.
998 2603 1036 2642 V
1039 2603 1096 2642 id.
1130 2603 1198 2641 Du
1226 2603 1359 2657 Gange
1389 2602 1489 2641 CPl.

62 2651 209 2714 (Jhnst.
239 2670 282 2708 p.
301 2656 370 2696 88.
426 2659 491 2697 Sic
516 2659 644 2698 dictae
664 2659 756 2698 illae
784 2660 965 2698 thermae
986 2672 1009 2696 a
1034 2657 1179 2696 celebri
1207 2665 1336 2698 statua
1358 2656 1492 2696 Achil-

61 2703 110 2744 lis
139 2708 195 2770 ibi
223 2713 450 2764 conspicua.
506 2715 596 2753 Mos
629 2729 771 2767 nempe
804 2721 890 2752 erat
918 2713 996 2752 illis
1034 2714 1284 2766 temporibus
1314 2713 1492 2752 thermas

57 2760 237 2813 pubhcas
267 2780 292 2804 a
322 2768 460 2807 statuis
492 2769 549 2809 ibi
582 2770 723 2810 erectis
756 2769 1004 2809 nominandi.
1064 2769 1125 2808 lta
1166 2769 1272 2824 apud
1301 2767 1487 2823 Tripolin
1502 2768 1617 2804 Ed.L.
1636 2768 1680 2812 46
