1884 3132
347 105 457 177 872
631 122 704 162 ιο.
743 121 848 164 iAc.
887 122 1078 162 maisim
1119 120 1492 165 COMMENTARH

350 222 490 262 militia
511 230 549 260 et
577 222 729 262 honore
751 222 876 272 omni,
908 222 1026 261 soluti
1051 229 1176 261 erant.
1234 222 1311 261 Sed
1340 225 1381 261 in
1406 221 1639 269 universum
1654 223 1773 275 nulli,

352 280 435 318 sive
456 279 608 325 cincto,
645 278 727 316 sive
754 277 971 324 discincto,
1005 276 1148 315 licebat
1186 276 1282 316 olim
1312 292 1404 316 cum
1438 278 1596 331 cingulo
1621 278 1674 317 ad
1710 293 1776 317 sa-

352 347 460 372 cram
490 346 664 371 mensam
694 333 858 381 vcnire3
887 333 955 384 qui
983 346 1069 370 mos
1096 334 1277 384 quamvis
1303 339 1477 372 mutatus
1505 332 1579 371 sub
1594 332 1778 372 Gallieno

353 388 472 426 fuerit
491 416 502 436 ‚
531 394 663 426 tamen
692 387 874 439 deinceps
906 394 1114 425 revocatus
1146 393 1205 426 est
1225 415 1236 437 ‚
1270 394 1316 427 ut
1341 402 1364 427 e
1390 387 1566 426 Trebell.
1597 387 1781 426 Pollione

356 449 535 489 constat,
595 444 707 481 cuius
749 442 847 481 haec
885 449 978 480 sunt
1021 440 1142 480 verba
1173 442 1317 494 Script.
1365 442 1420 481 Η.
1448 443 1500 481 Α.
1526 442 1578 481 T.
1606 441 1659 485 11.
1687 456 1780 495 pag.

352 496 430 548 243
462 495 802 552 —47.:(s1cam
844 498 1000 549 cizngcla
1051 506 1120 535 sua
1161 497 1345 552 plerique
1393 498 1648 537 militantium
1665 525 1677 544 ,
1713 498 1792 551 qui

353 554 411 591 ad
427 554 649 591 convivium
671 561 872 600 waes-ant,
892 561 1081 605 ponerent
1098 553 1195 589 llora
1219 553 1409 602 convivii,
1431 575 1484 581 —
1497 561 1643 606 postea
1657 553 1787 604 rogali

350 607 408 647 ad
424 609 643 646 convivium
664 609 709 645 ci
705 609 780 645 ·zccl
801 608 993 645 accuhzoer
997 616 1066 644 mc
1086 627 1140 635 —
1159 604 1287 661 Atque
1308 608 1397 645 laiac
1414 615 1576 645 metzam
1600 619 1750 646 morem
1766 636 1778 654 ‚

353 672 395 701 ut
425 663 604 716 deitmeps·
626 676 709 699 cum
725 662 964 716 Ιηιρειαίοιε
986 663 1103 700 cincti
1126 661 1422 700 dzscamberent.
1474 662 1668 700 Discincti
1699 674 1786 700 esse

356 717 536 757 solebant
563 716 780 769 epulantes.
839 717 944 755 Hinc
971 716 1218 754 immodestia
1246 716 1415 755 Neronis
1445 723 1608 754 notatur
1634 730 1658 754 a
1687 715 1786 754 Sue-

355 773 466 811 tonio
517 787 551 811 c.
585 773 650 811 51.
735 771 843 826 quod
882 773 998 825 plera
987 786 1112 826 mque
1153 773 1415 821 synthesinam
1458 771 1615 810 zndutus
1662 770 1787 823 ligato

355 829 461 866 cir-ca
484 828 626 866 collam
651 825 812 865 sudario
837 827 1025 880 prodibat
1055 841 1096 865 ιη
1121 825 1322 880 publicum
1356 840 1438 864 stne
1467 826 1592 864 cinctu
1632 834 1671 864 et
1703 825 1790 864 dis-o

356 883 559 921 calceatus.

464 934 618 986 431.A
656 935 834 990 527[44,
873 934 931 988 1.]
974 934 1272 983 ἐξανίστασθαι
1310 947 1510 980 απαντας.
1574 931 1787 972 Debebant

359 992 551 1034 convivae
578 965 766 1043 wigere,
799 991 960 1052 quando
1003 997 1072 1028 aut
1110 989 1426 1028 benedicendum
1455 988 1572 1027 dictis
1603 987 1790 1027 laudibus

357 1045 597 1098 Impelatori
630 1053 730 1083 esset
751 1075 761 1092 ‚
794 1052 862 1083 aut
889 1047 930 1083 in
955 1045 1039 1082 eius
1061 1044 1227 1082 salutem
1255 1043 1498 1091 bibendum,
1528 1049 1599 1082 aut
1628 1043 1790 1095 quando

355 1115 381 1140 e
429 1102 537 1153 regia
578 1113 712 1138 mensa
745 1100 864 1151 dapes
905 1098 956 1137 ad
992 1101 1179 1137 convivas
1207 1101 1474 1137 mitterentur.
1532 1098 1593 1136 Ita
1629 1111 1790 1150 quoque

355 1155 466 1207 apud
503 1155 673 1193 Hunnos
701 1155 742 1192 in
764 1168 840 1193 usu
877 1154 1020 1203 fuisse,
1051 1160 1109 1200 ut,
1142 1153 1303 1206 quando
1333 1166 1438 1191 unus
1469 1151 1582 1191 alteri
1602 1151 1791 1204 poculum

358 1210 443 1250 vini
497 1209 751 1263 piopinaiet‚
788 1216 967 1261 surgeret
1009 1183 1180 1247 infeiior
1227 1222 1356 1260 neque
1387 1207 1608 1246 consideret
1655 1208 1792 1272 prius,

359 1279 481 1327 quam
514 1264 701 1317 poculum
748 1270 973 1327 ροιτθςωῐη
1011 1262 1224 1301 delibasset
1255 1269 1325 1301 aut
1353 1261 1551 1301 ebibisset.
1608 1257 1792 1301 Πάντων

361 1323 406 1358 ἐν
433 1316 572 1371 κόσμῳ
611 1314 910 1367 καθεστώτων,
955 1318 1012 1356 ait
1048 1318 1207 1357 Priscus
1243 1319 1284 1356 in
1321 1317 1585 1369 descriptione
1618 1329 1791 1367 coenae,

360 1389 441 1426 qua
464 1374 569 1426 apud
608 1372 775 1411 Attilam
804 1379 984 1424 exceptus
1014 1387 1106 1410 eum
1136 1374 1299 1411 caeteris
1341 1372 1546 1425 legationis
1579 1370 1793 1411 comitibus

360 1429 515 1477 suen-,at
555 1428 744 1479 Exceipt.
778 1427 915 1480 Legat.
960 1427 1170 1466 Hoeschel.
1205 1442 1247 1479 p.
1279 1428 1348 1466 51.
1373 1427 1448 1465 ult.
1468 1455 1479 1475 ‚
1515 1439 1648 1492 quum
1660 1426 1794 1464 onmia

360 1484 546 1522 or'dmata
572 1491 609 1520 et
642 1491 789 1545 parata
820 1482 877 1519 ad
911 1482 1146 1549 epulandum
1173 1491 1317 1527 essent,
1356 1479 1581 1544 παρελθών
1606 1474 1795 1542 οἰνοχόος

361 1551 417 1576 τι)
445 1536 606 1576 Ἀττίὶα
634 1532 746 1575 οὶνου
774 1531 991 1586 κισσύβιον
1027 1534 1260 1575 ἐπιδίδωσι.
1293 1517 1511 1586 δεξάμενος
1536 1530 1608 1574 τὸν
1642 1532 1691 1588 τῇ
1716 1529 1796 1573 τά-

361 1577 422 1639 ξει
444 1577 606 1641 πρῶτον
634 1586 852 1654 ἠσπάζετο.
912 1587 934 1629 ὃ
969 1588 1015 1629 δὲ
1044 1590 1100 1629 τιιῖ
1127 1588 1334 1657 ασπασμῶ
1359 1587 1547 1656 τιμηθείς
1577 1575 1791 1628 διανίστα-

361 1659 407 1685 το
450 1659 518 1684 και
561 1643 612 1683 οὗ
652 1640 857 1711 πρότερον
890 1642 1038 1711 ἱζῆσαι
1077 1644 1201 1694 θεμις
1236 1638 1335 1708 ἦν,
1356 1642 1454 1696 πρὶν
1489 1637 1516 1693 ἢ
1543 1657 1597 1697 τῳ
1625 1638 1803 1698 οἰνοχόῳ

365 1695 695 1762 ἀπογευσάμενος
718 1693 755 1762 ἢ
785 1695 857 1737 καί
895 1696 1048 1738 ἐκπιών
1076 1697 1264 1738 ungamus
1291 1695 1338 1737 τὸ
1382 1682 1614 1749 κισσύβιον.
1667 1681 1796 1736 καθε-

364 1754 521 1794 σθέντα
553 1753 598 1791 δὲ
627 1748 753 1791 αυτὸν
780 1749 911 1792 τούτω
945 1753 1002 1808 τῶ
1030 1749 1168 1817 τρόπω
1188 1749 1226 1791 οἱ
1230 1749 1450 1819 παρόντες
1477 1751 1632 1815 ἐτίμων
1675 1746 1796 1802 δεχό-

363 1821 482 1858 μενοι
520 1804 595 1854 τὰς
637 1803 806 1854 κύὶικας
843 1823 913 1847 και
949 1793 1054 1859 μετὰ
1095 1803 1168 1846 τὸν
1215 1803 1436 1858 ἀσπασμὸν
1481 1801 1795 1868 ἀπογενόμενοι.

364 1862 546 1909 Deinde,
571 1861 683 1901 illato
706 1870 743 1900 et
770 1870 977 1902 consumto
998 1863 1127 1915 primo
1155 1861 1327 1910 ferculo,
1378 1859 1461 1901 τῶν
1484 1870 1605 1924 οψων
1643 1860 1724 1900 τῶν
1749 1859 1797 1899 ἐν

365 1915 450 1963 τοῖς
470 1911 646 1968 πρώτοις
677 1914 838 1964 πίναξιν
870 1916 1137 1957 ἐπιτεθέντων
1182 1913 1481 1956 ἀναλωθέντων
1520 1911 1687 1962 πάντες
1699 1913 1796 1953 δια-

363 1971 559 2033 νὲστημεν
601 1984 667 2009 και
715 1968 766 2008 ου
814 1969 1013 2023 πρότερον
1055 1967 1126 2010 ἐπὶ
1152 1967 1225 2010 τὸν
1263 1969 1412 2023 δίφρον
1447 1965 1631 2015 ἀναστὰς
1670 1961 1797 2021 ἦλθε,

367 2039 466 2076 πριν
502 2018 530 2077 ἢ
575 2020 676 2063 κατὰ
722 2021 798 2089 τὴν
825 2025 1029 2079 προτέραν
1064 2021 1183 2073 τάξιν
1206 2022 1376 2070 ε’καστος
1401 2019 1476 2076 τήν
1504 2022 1795 2090 ἐπιδιδομένην

367 2078 483 2118 αὐτῶ
525 2075 638 2117 οἴνου
675 2076 811 2144 πλήρη
854 2081 987 2128 ἐξέπιε
1028 2075 1200 2126 κύλικα,
1239 2076 1309 2119 τὸν
1348 2077 1535 2119 Ἀττίλαν
1579 2091 1664 2116 σων
1690 2071 1797 2116 εἶναι

364 2119 656 2182 ἑπευξάιιενος.
715 2147 783 2172 και
812 2134 955 2173 τοῦτον
962 2132 1232 2197 τιμηθέντος
1266 2132 1396 2172 αὔτου
1423 2131 1496 2172 τὸν
1521 2129 1689 2210 τρόπον
1701 2129 1798 2170 ἐκα-

364 2183 587 2251 θήσθημεν
628 2201 696 2226 και
737 2183 926 2253 δεύτερος
956 2182 1112 2253 εκάστῃ
1132 2187 1331 2254 τραπέζῃ
1340 2183 1548 2226 ἐπετίθετο
1568 2183 1689 2234 πίναξ
1710 2184 1799 2224 ἓτε-

367 2256 422 2293 ρα
450 2238 559 2293 ἔχων
599 2239 801 2291 ἐδώδιμα.
860 2240 916 2288 ὠς
953 2241 999 2281 δὲ
1039 2242 1112 2281 καί
1138 2240 1266 2280 αὐτου
1293 2237 1331 2280 οἱ
1359 2238 1506 2287 πάντες
1517 2238 1794 2303 μετέλαβον,

369 2310 439 2334 και
488 2310 543 2349 τῳ
586 2310 698 2333 αιτω
742 2292 1036 2344 ἐξαναστάντες
1082 2291 1219 2348 τρόπω
1255 2290 1382 2341 αὖθις
1409 2290 1615 2340 ἐκπιόντες
1643 2286 1797 2343 ἐκαθή-

366 2351 526 2402 σθνιιεν
567 2357 639 2388 etc.
697 2350 876 2402 Appaiet
905 2365 950 2389 ex
989 2350 1067 2389 hoc
1096 2350 1209 2398 loco,
1255 2350 1336 2388 duo
1372 2356 1529 2388 tantum
1566 2347 1716 2386 fercula
1753 2346 1797 2386 in

367 2405 598 2443 convivium
627 2404 773 2443 Attilae
794 2404 924 2452 illata,
967 2412 1027 2444 ter
1056 2412 1188 2443 tamen
1215 2404 1385 2443 bibitum
1412 2411 1453 2443 et
1478 2410 1542 2442 ter
1574 2407 1796 2441 surrectum

367 2458 488 2497 fuisse
535 2459 584 2496 de
613 2461 777 2505 mensis,
827 2467 918 2497 ante
946 2458 1100 2498 illatum
1127 2460 1303 2512 primum
1329 2457 1554 2508 ferculum,
1580 2457 1686 2496 inter
1709 2455 1796 2507 pii-

368 2527 478 2551 mum
506 2519 548 2552 et
573 2514 814 2560 secundum,
852 2521 891 2552 et
916 2513 1077 2553 tandem
1105 2513 1180 2552 sub
1208 2514 1326 2552 finem
1351 2512 1528 2551 secundi.
1580 2510 1667 2556 Ter
1693 2523 1797 2562 quo-

366 2581 445 2619 que
474 2567 614 2606 Graeci
639 2568 857 2616 bibebant,
886 2575 932 2606 ut
954 2568 1034 2607 alio
1060 2568 1148 2607 loco
1176 2566 1412 2606 videbimus.
1823 2565 1829 2568 ’

449 2622 542 2668 431.
565 2621 615 2661 A.
631 2621 672 2660 6
695 2620 810 2676 [744
831 2621 870 2672 4.
873 2621 894 2676 ]
935 2619 1162 2672 θυμελικὸν
1199 2635 1240 2660 τι
1275 2617 1380 2675 πρός
1406 2617 1553 2670 τέρψιν
1579 2614 1798 2670 ἐκτελεσθῇ

365 2674 550 2726 πρᾶγμα.
606 2675 692 2715 lam
730 2675 826 2717 alibi
863 2678 1027 2718 memini
1063 2676 1112 2718 de
1150 2676 1302 2716 scenica
1345 2672 1464 2716 medii
1490 2671 1579 2715 aevi
1603 2678 1644 2713 et
1680 2658 1796 2712 aulae
