1884 3132
279 126 387 194 540
550 146 621 187 10.
666 146 767 188 IAC.
807 148 1000 190 Rssisxu
1042 142 1424 190 comfflNTARu'

272 249 368 287 Vid.
414 250 481 288 Du
519 250 650 304 Gange
682 250 744 292 Gl.
778 259 950 307 utroque
986 254 1028 292 in
1066 267 1106 292 v.
1139 252 1391 306 Analogium.
1445 253 1697 302 Vocabulum

272 304 454 358 deinceps
482 320 505 344 a
535 308 654 345 sacris
686 307 871 347 analectis
900 309 950 347 ad
977 323 1139 362 mappas
1160 323 1297 348 omnes
1325 309 1512 363 profanas
1537 324 1697 364 quoque

271 360 410 399 similis
439 360 588 399 formae
613 369 651 400 et
684 362 857 403 fabricae
881 364 1079 403 transiisse
1110 364 1287 403 videtur.

381 416 426 454 B.
449 415 490 455 6.
524 415 640 470 [469,
667 416 744 469 15.]
775 417 981 469 δι’σχιστα.
1038 419 1078 457 Si
1111 433 1211 472 quae
1263 418 1341 458 alia
1370 433 1463 472 pars
1493 419 1703 459 vetustatis

271 470 440 509 obseura
468 478 542 521 est,
575 486 637 511 res
660 473 834 526 profecto
870 481 927 512 est
961 475 1170 523 vestiaria,
1211 487 1332 528 quam
1370 473 1474 522 forte
1493 488 1699 527 nunquam

270 526 364 564 satis
393 525 684 579 intelligemus,
726 543 850 580 quum
893 527 1026 567 nullae
1063 536 1215 568 veteres
1252 531 1430 583 picturae
1466 536 1616 568 exstent
1658 537 1699 568 et

268 595 372 634 quae
401 589 612 634 supersunt
647 590 803 626 vetusta
843 583 919 622 alia
956 591 1214 633 monumenta
1265 599 1381 637 saepe
1414 586 1535 637 magis
1563 582 1698 636 impli-

269 644 383 687 cent,
420 652 538 690 quam
569 639 732 687 iuvent,
763 639 930 678 Romani
960 639 1044 677 aliis
1068 654 1188 692 quam
1217 640 1359 678 Graeci
1405 639 1580 678 vestibus
1611 639 1699 678 fue-

269 693 351 730 rint
375 694 435 731 usi
450 722 462 742 ,
483 700 522 731 et
538 692 647 731 nulla
684 695 724 732 in
741 708 784 732 re
806 695 926 746 magis
946 708 1066 747 quam
1095 695 1136 732 in
1162 696 1307 733 vestitu
1336 695 1534 733 luxuriare
1565 692 1699 733 homi·

268 760 367 786 num
389 748 533 800 cupido
557 749 832 787 novaturiendi
868 749 1013 798 soleat,
1047 763 1108 788 res
1140 756 1272 788 tamen
1295 749 1363 788 illa
1390 750 1444 788 sic
1472 756 1700 802 comparata

268 803 339 851 sit,
372 810 418 841 ut
440 804 571 842 verbis
594 805 686 842 satis
711 803 816 843 clare
847 804 1057 857 significari
1083 812 1275 858 nequeat,
1307 805 1380 843 nisi
1415 818 1548 842 eoram
1570 803 1696 843 oculis

268 857 573 897 demonstretur.
614 858 766 898 Multus
786 874 916 898 sermo
956 859 1062 912 apud
1085 867 1235 899 veteres
1255 860 1305 898 de
1326 859 1499 898 vestibus
1543 859 1700 898 schistis

267 926 337 951 seu
356 914 480 952 scissis
498 913 561 952 vel
579 913 690 952 fissis.
727 915 818 964 Qua
835 929 876 953 in
893 929 935 953 re
950 914 1052 953 bene
1077 915 1354 968 distinguenda
1373 921 1580 953 auctorum
1596 921 1699 952 tem-

265 981 364 1021 pora
387 998 398 1019 ,
438 976 478 1007 et
506 975 633 1007 vestes
664 983 850 1022 quoque,
891 969 941 1008 de
981 969 1127 1022 quibus
1161 969 1394 1022 loquuntur.
1463 968 1553 1007 Alia
1592 972 1697 1007 enim

267 1030 327 1062 est
367 1021 516 1062 fissura*
540 1023 676 1076 pallii,
710 1023 787 1062 alia
822 1025 991 1063 tunicae.
1067 1025 1128 1062 De
1167 1024 1288 1078 pallio
1330 1027 1505 1077 primum
1549 1023 1694 1062 dicam.

266 1077 441 1117 Pallium
481 1079 645 1118 scissum
691 1087 871 1118 veterum
897 1081 1143 1118 Graecorum
1187 1079 1297 1118 aliud
1343 1086 1428 1118 erat
1449 1109 1460 1125 ,
1517 1080 1703 1132 quamvis

266 1133 484 1172 admodum
524 1133 651 1172 simile
699 1134 820 1185 pallio
856 1135 1120 1173 Francorum.
1219 1134 1337 1173 Pallii
1374 1135 1518 1172 veteris
1559 1134 1699 1172 Graeci

265 1188 478 1241 imaginem
499 1187 630 1226 adhue
658 1187 850 1228 habemus
887 1191 928 1228 in
956 1189 1034 1228 illis
1066 1190 1120 1228 sic
1150 1189 1263 1230 nobis
1301 1189 1417 1228 dictis
1440 1188 1698 1239 Clwrrbcken,

265 1242 374 1282 robis
402 1242 628 1282 choralibus
650 1244 901 1283 sacerdotum
926 1252 1167 1284 nostrorum.
1225 1244 1388 1283 Casulas
1419 1243 1484 1293 hi,
1509 1242 1575 1281 alii
1611 1242 1698 1296 pla-

265 1305 377 1338 netas
410 1297 625 1351 appellant.
689 1299 832 1338 Casula
874 1314 1016 1352 nempe
1063 1300 1152 1339 talis
1180 1314 1308 1354 usque
1337 1300 1387 1338 ad
1409 1298 1622 1336 humerum
1653 1312 1699 1337 ex

265 1360 437 1407 utroque
478 1353 601 1392 latere
638 1356 755 1393 scissa
789 1361 828 1393 et
863 1355 903 1393 in
939 1369 1094 1394 summo
1132 1357 1238 1393 cirea
1271 1354 1417 1393 collum
1448 1353 1596 1400 solida,
1630 1367 1700 1392 seu

268 1408 414 1447 collum
447 1409 487 1447 in
533 1409 671 1448 orbem
711 1409 915 1457 ambiens,
958 1417 1016 1449 est
1045 1417 1226 1449 veterum
1255 1408 1421 1463 pallium
1442 1408 1697 1460 quadratum.

269 1463 488 1503 Constabat
519 1463 684 1516 pallium
714 1466 911 1504 Graecum
952 1465 1108 1504 duabus
1140 1465 1249 1505 velut
1291 1464 1392 1516 alis,
1434 1477 1513 1502 una
1546 1463 1701 1512 antica,

268 1518 394 1559 altera
427 1521 593 1574 postica.
662 1520 781 1571 Quod
816 1519 891 1559 hae
933 1521 1036 1559 duae
1065 1519 1151 1560 alae
1178 1526 1350 1574 quatuor
1388 1517 1552 1571 angulos
1571 1517 1702 1557 effice-

264 1582 373 1623 rent,
404 1575 641 1629 quadratum
683 1575 972 1628 appellabatur.
1046 1575 1109 1614 De
1133 1574 1378 1628 octangnlari
1413 1574 1567 1612 dicetur
1598 1573 1703 1612 infe·-

265 1630 365 1669 rius,
423 1631 507 1669 Has
557 1630 638 1669 alas
665 1631 801 1670 ambas
834 1625 1085 1681 ἀνέβαλλον,
1136 1631 1404 1684 replicabant,
1433 1628 1663 1667 reiieiebant
1684 1657 1697 1679 ‚

266 1686 323 1723 sic
342 1693 387 1724 ut
411 1700 502 1738 pars
520 1715 530 1735 ,
560 1700 663 1738 quae
689 1686 809 1738 pallio
836 1687 1028 1738 promisso
1061 1686 1178 1737 pedes
1224 1691 1426 1737 tangeret,
1466 1685 1545 1721 iam
1579 1696 1700 1735 super

264 1738 442 1780 humeris
472 1741 720 1780 recumberet
738 1770 750 1792 ,
789 1741 858 1780 ubi
883 1748 952 1779 aut
981 1738 1192 1791 περόναις,
1231 1740 1397 1786 acubus,
1438 1737 1698 1791 affigebatur,

266 1803 337 1834 aut
369 1792 520 1850 πόρπῃ,
548 1795 670 1835 fibula
697 1798 858 1843 inserta,
889 1796 1128 1834 firmaretur.
1162 1795 1333 1846 Quando
1355 1792 1510 1847 plueret
1528 1822 1538 1840 ‚
1569 1794 1703 1845 ninge-

265 1858 353 1898 ret,
385 1859 527 1890 ventus
556 1854 748 1904 spiraret,
785 1859 936 1891 exemta
985 1866 1058 1889 acu
1105 1850 1168 1889 vel
1204 1851 1331 1889 laxata
1373 1847 1496 1886 fibula
1519 1847 1701 1887 sinebant

264 1905 370 1944 alam
413 1907 599 1946 deorsum
639 1907 794 1946 cadere.
878 1907 1095 1959 Propterea
1136 1913 1287 1944 assutae
1341 1902 1506 1956 singulis
1546 1901 1702 1955 angulis

266 1969 380 2000 erant
417 1962 581 2001 laciniae
603 1964 727 2015 panni
743 1992 754 2012 ,
783 1975 882 2016 quas
904 1968 974 1999 aut
997 1960 1147 1999 acubus
1179 1959 1425 2012 configebant
1444 1988 1454 2006 ,
1485 1959 1615 1996 autin
1652 1956 1700 1994 fi-

265 2015 381 2056 bulas
405 2017 581 2056 humeris
615 2018 779 2056 summis
807 2016 1022 2055 insidentes
1062 2015 1329 2054 immittebant
1349 2042 1360 2063 ,
1403 2026 1505 2066 quae
1529 2011 1610 2050 alas
1636 2025 1701 2050 re-

265 2072 424 2111 volutas
446 2086 606 2112 sursum
623 2074 853 2111 retinerent.
914 2072 996 2110 Has
1015 2069 1177 2109 lacinias
1203 2069 1406 2121 πτέρυγας
1431 2066 1698 2120 appellabant.

265 2125 317 2164 In
347 2128 579 2167 universum
623 2127 692 2166 ubi
722 2134 820 2166 esset
854 2126 1007 2176 fibula,
1042 2126 1096 2164 ibi
1135 2139 1157 2163 e
1206 2125 1366 2177 regione
1413 2129 1498 2161 erat
1548 2120 1703 2172 πτέρυξ

266 2181 306 2219 in
330 2181 494 2221 fibulam
525 2182 732 2222 inserenda
751 2212 762 2234 ,
791 2188 837 2220 ut
861 2188 969 2235 patet
996 2194 1041 2219 ex
1068 2179 1348 2233 Aristophanis
1373 2176 1461 2217 loco
1482 2175 1589 2231 apud
1602 2172 1706 2214 Pol*

265 2234 397 2275 lucem
426 2238 522 2277 VII.
545 2236 631 2288 ¹4¹²
1078 2278 1087 2286 ,

428 2298 502 2354 τῆν
531 2301 715 2356 πτέρυγα
742 2298 1023 2351 παραλύσασα
1051 2300 1128 2339 τοῦ
1152 2299 1380 2351 χιτωνίου,

429 2356 501 2395 καί
528 2356 599 2395 τὸν
626 2355 848 2407 ἐπίδεσμον
876 2350 936 2402 οἷς
965 2355 1058 2408 ἐνῆν
1083 2352 1136 2394 τὰ
1164 2354 1314 2394 τιτθία.

266 2419 376 2458 Talis
403 2420 513 2472 pallii
539 2423 750 2472 imaginem
771 2435 853 2457 non
881 2422 1042 2456 memini
1063 2419 1215 2470 uspiam
1240 2415 1389 2455 videre.
1447 2413 1581 2464 Neque
1599 2412 1699 2450 novi

267 2475 409 2512 Graeci
443 2489 489 2513 eo
523 2474 752 2513 utebantur.
809 2473 913 2511 Nam
942 2472 1118 2524 chlamys
1148 2485 1285 2517 eorum
1311 2475 1395 2508 erat
1420 2467 1586 2520 pallium
1614 2479 1694 2504 non

268 2527 512 2578 δι’σχιστον,
554 2529 621 2567 sed
654 2526 941 2578 μονόσχιστον.
1009 2527 1236 2565 Utebantur
1265 2531 1397 2563 autem
1423 2536 1469 2561 eo
1511 2521 1696 2572 frequen-

266 2582 345 2620 tius
376 2584 537 2633 Latini,
567 2583 686 2622 medii
718 2583 804 2621 aevi
829 2589 954 2635 puta,
984 2589 1030 2620 ut
1060 2581 1208 2620 Franci
1237 2586 1275 2618 et
1303 2577 1405 2616 Itali.
1459 2576 1699 2614 Diversimo-

233 2648 236 2657 ’
268 2635 469 2676 (letamen
492 2639 608 2676 scissa
637 2645 766 2676 erant.
824 2637 1087 2686 Quorundam
1117 2637 1305 2674 scissurae
1330 2629 1510 2670 laterales
1539 2636 1697 2668 tantum

269 2690 319 2728 ad
370 2704 495 2742 genua
522 2721 532 2738 ‚
557 2700 626 2731 aut
650 2722 661 2742 ,
697 2693 728 2731 si
760 2690 944 2740 multum,
975 2691 1025 2729 ad
1056 2697 1173 2741 caput
1206 2688 1364 2727 femoris
1394 2698 1518 2736 usque
1546 2685 1697 2737 pertin-

271 2744 430 2797 gebant.
484 2745 665 2785 Aliorum
690 2753 821 2784 autem
847 2745 1046 2799 *scissurae
1075 2742 1252 2783 laterales
1276 2739 1552 2794 pertingebant
1572 2752 1702 2791 usque
