1884 3132
340 149 444 203 702
611 146 683 189 ιο,
726 147 830 190 1Ac.
872 149 1067 190 Rssisxu
1108 148 1490 193 COMMEN'rARu

333 253 375 291 in
405 251 506 292 urbe
521 252 644 302 cives,
673 267 792 305 quam
822 254 863 292 in
896 252 987 293 aula
1015 251 1161 292 hilares
1190 263 1341 304 essent,
1370 255 1655 309 epularentur,
1683 273 1778 299 can·

332 315 490 357 tarent,
521 307 713 347 saltarent
750 323 884 348 coram
934 309 1153 362 Augustis,
1184 317 1222 348 et
1265 310 1308 349 hi
1334 313 1507 350 vicissim
1536 313 1632 365 ipsis
1658 327 1778 354 num-

331 376 442 411 mos,
475 371 603 402 vestes
625 392 636 413 ,
666 362 832 402 bellaria
861 364 938 403 alia
984 365 1194 403 donarent.
1253 365 1422 418 Insignis
1450 374 1508 406 est
1535 366 1645 407 locus
1670 369 1778 409 Con-

331 419 544 457 tinuatoris
574 420 891 458 Constantiniani
923 420 962 458 in
980 420 1173 472 Scriptor.
1214 428 1304 473 post
1329 421 1568 475 Theophan.
1598 437 1637 476 p.
1663 423 1773 476 284„

334 474 404 512 ubi
434 473 618 512 brumale
645 474 895 513 Constantini
916 475 1290 528 Porphyrogenneti
1303 485 1512 516 enarratur
1541 477 1603 516 his
1616 479 1774 519 verbis:

330 525 404 580 τήν
421 526 610 577 δεξίωσιν
630 529 704 567 τοῦ
722 530 984 581 βρουμαλίου
997 532 1072 570 τοῦ
1086 529 1490 584 Πορφυρογεννήτου
1509 531 1580 571 δεῖ
1588 531 1779 582 ἐξειπεῖν.

331 579 431 630 ἔθος
459 580 539 636 γάρ
570 587 658 631 τοῖς
681 582 811 623 πάλαι
840 586 1062 636 βασιλεῦσι
1099 583 1347 635 τελούμενον
1385 586 1471 641 [hic
1501 588 1647 627 excidit
1672 589 1776 636 τέως

329 637 509 692 ἠμέλητο
538 639 602 678 vel
631 639 760 679 simile
789 639 907 694 quid]
938 639 1010 679 καί
1038 637 1059 679 ὅ
1092 640 1499 694 Πορφυρογέννητος
1525 642 1644 683 τοῦτο
1678 638 1776 696 [αὖ-

327 693 419 748 θις]
445 691 668 746 ἐξήνεγκεν.
728 696 990 735 Consentiunt
1010 696 1108 735 haec
1135 695 1230 747 illis,
1258 711 1362 749 quae
1381 697 1521 737 Noster
1580 726 1592 737 .
1613 698 1705 738 350.
1723 700 1774 739 C.

327 751 466 788 tradit.
525 750 662 803 Pergit
705 750 974 804 Anonymus:
1016 748 1094 804 τήν
1121 747 1202 803 γὰρ
1242 747 1433 804 ἡμέραν,
1471 712 1576 808 ἐνὲ
1611 750 1656 793 τὸ
1701 754 1776 807 τῆς

326 802 511 858 κλήσεως
539 803 673 844 αὐτοῦ’
700 810 905 858 στοιχεῖον
934 805 1098 846 Κάππα
1129 804 1500 859 ἀποκεκλήρωται,
1530 808 1774 863 λαμπροτά-

326 874 401 912 την
429 855 553 910 ἐορτα
563 859 642 908 ζων
666 858 912 913 πανήγυριν,
928 859 1261 914 πολυάνθρωπον
1282 860 1438 915 ταύτην
1459 861 1651 904 δεικνύει·
1679 866 1773 911 ταῖς

324 914 407 967 γὰρ
437 915 682 954 πολυτελέσι
713 917 787 955 καί
831 913 1062 967 πολυόψοις
1103 916 1280 964 ἐκείναις
1315 915 1540 969 τραπέζαις
1565 915 1641 970 τήν
1670 915 1772 970 σύγ-

323 971 475 1022 κλητον
502 964 671 1009 ἅπασαν
721 968 1006 1022 δεξιούμενος,
1049 969 1268 1023 χορηγίαις
1305 971 1694 1024 εύεργετικωτέραις
1721 969 1769 1012 τό

363 1021 512 1075 αιδρὸν
551 1025 625 1076 τῆς
662 1021 806 1078 ἑορτῆς
850 1024 1232 1074 ἑπολλαπλασίαζεν
1269 1027 1452 1079 σηρικιῦν
1492 1027 1772 1080 περιβολαίων

321 1079 547 1129 επιδίὸων,
578 1077 793 1132 α’ργυρίων
820 1081 983 1120 πολλῶν
1009 1078 1083 1119 καί
1107 1078 1303 1132 ἀπείρων,
1337 1080 1591 1134 ἐσθημάτων
1618 1078 1770 1136 ἇλουρ-

322 1135 410 1187 γῶν
428 1164 439 1186 ,
469 1130 604 1181 ξύλων
635 1133 800 1174 ἰνδικῶν
826 1134 1004 1182 εὐωδίας
1029 1166 1040 1183 ,
1089 1132 1118 1174 ἂ
1146 1128 1262 1182 οὔτις
1287 1131 1460 1188 α’κήκοεν
1479 1168 1490 1186 ,
1522 1133 1550 1190 ἢ
1577 1133 1770 1190 γεγονότα

323 1186 538 1229 τεθέαται.
567 1189 700 1238 Diem,
723 1192 790 1240 (sic
803 1194 926 1230 vertit
942 1191 1228 1240 combefisius)
1257 1193 1321 1230 cui
1342 1194 1511 1231 nominis
1530 1194 1610 1232 eius
1640 1192 1769 1247 [Con—

322 1243 503 1297 stantini]
528 1246 692 1283 initialis
709 1245 839 1284 littera
862 1247 1012 1301 Kappa
1035 1247 1175 1284 addita
1206 1255 1262 1284 est
1275 1277 1285 1294 ,
1315 1247 1590 1286 celeberrimae
1601 1250 1768 1299 festivi-

320 1301 414 1340 tatis
454 1301 531 1338 sibi
555 1301 638 1339 loco
679 1301 822 1339 ducens
861 1303 1009 1354 ingenti
1035 1301 1306 1340 celebrandum
1336 1312 1527 1342 conventu
1554 1303 1766 1343 indicebat.

323 1354 577 1410 [Maluissem
608 1357 662 1394 sic
689 1358 980 1410 propemodum
1011 1364 1198 1396 vertere:
1233 1356 1336 1395 diem
1372 1359 1477 1396 enim
1513 1358 1653 1406 illum,
1690 1373 1767 1413 quo

323 1421 470 1450 cortem
499 1411 557 1449 ad
573 1425 704 1450 sacras
737 1414 871 1466 epulas
895 1427 1038 1451 vocare
1075 1427 1129 1450 ex
1159 1421 1259 1450 sorte
1288 1413 1438 1451 litterae
1454 1442 1465 1461 ‚
1509 1427 1608 1468 quae
1636 1416 1767 1452 nomi-

323 1468 372 1506 1ιί
405 1468 484 1505 eius
523 1467 688 1505 initialis
719 1477 796 1516 est,
846 1468 996 1522 Kappa
1033 1477 1132 1523 pata
1147 1496 1158 1515 ,
1198 1467 1360 1506 debebat
1373 1497 1383 1515 ,
1425 1470 1603 1507 maxime
1612 1470 1766 1521 sestam

322 1531 539 1577 apparatus
577 1523 784 1576 splendore
811 1532 849 1562 et
873 1525 1071 1562 hominum
1103 1523 1337 1576 frequentia
1373 1521 1582 1576 exhibuit]
1664 1524 1766 1564 Lau-

322 1579 478 1618 tissimzs
508 1579 612 1616 enim
641 1579 942 1633 larg'z'ssimisqzoe
971 1578 1136 1633 dapibus
1159 1577 1345 1616 Senatum
1376 1591 1526 1617 omnem
1565 1579 1764 1633 excipiens

320 1633 609 1689 beneficientiae
633 1635 795 1672 maioris
833 1634 1051 1672 muneribus
1069 1634 1305 1685 festivitatis
1338 1633 1528 1671 laetitiam
1557 1647 1606 1671 ac
1633 1635 1764 1688 splen-

322 1690 462 1730 dorem
492 1690 622 1727 multis
643 1690 824 1744 partibus
844 1689 1086 1738 cumulabat,
1127 1689 1344 1727 sericarum
1370 1689 1533 1726 vestium
1562 1701 1611 1727 ac
1639 1703 1764 1743 prae-

322 1753 518 1784 textatum
534 1745 688 1784 abunde
707 1746 928 1797 largitione,
951 1746 1013 1783 vis
1029 1757 1196 1796 magnae
1206 1744 1396 1797 pecuniae
1414 1752 1452 1781 et
1470 1744 1765 1783 innumerabilis

314 1801 718 1856 purpurissarumque
730 1802 892 1839 vestium
910 1814 957 1838 ac
979 1800 1202 1838 trabearum
1222 1797 1452 1837 Indicarum
1471 1799 1654 1837 arborum
1667 1800 1764 1851 fia-

318 1858 478 1909 grantia
498 1870 675 1894 recreans
686 1870 700 1904 ,-
724 1870 822 1910 quae
841 1864 879 1894 et
894 1865 1040 1911 quanta
1065 1868 1175 1893 nemo
1187 1862 1303 1891 antea
1318 1853 1530 1892 audiverat
1551 1868 1672 1908 neque
1698 1856 1761 1893 υί-

321 1912 452 1951 derat.
513 1911 558 1949 ln
587 1910 648 1949 his
676 1911 809 1951 verbis
838 1910 1006 1949 maxime
1035 1907 1304 1948 memorabilis
1332 1915 1391 1946 est
1418 1908 1563 1947 dictio:
1594 1908 1730 1961 ἡμέρα
1747 1938 1761 1959 ,

322 1965 368 2006 ἐν
393 1960 422 2022 ᾗ
449 1963 496 2006 τὸ
525 1965 598 2018 τῆς
625 1961 806 2017 κλήσεως
834 1964 969 2004 αὔτοῦ
996 1967 1200 2015 στοιχεῖον
1216 1961 1380 2002 Κάππα
1405 1960 1761 2016 ἀποκεκλήρωται,

320 2021 422 2071 dies,
454 2037 529 2077 quo
554 2036 696 2060 vocare
721 2035 788 2059 suo
803 2022 968 2060 nomine
987 2033 1167 2075 proceres
1204 2018 1261 2056 ad
1285 2031 1419 2056 sacras
1441 2019 1576 2073 epulas
1593 2033 1648 2057 ex
1662 2028 1764 2058 sorte

321 2077 474 2116 litterae
499 2078 647 2131 Kappa
675 2077 848 2114 debebat.
903 2076 1008 2114 Nam
1035 2073 1176 2125 κλῆσις
1193 2073 1250 2111 ibi
1277 2087 1358 2111 non
1387 2081 1446 2112 est
1474 2087 1636 2121 nornen,
1668 2066 1763 2111 ὅνο-

321 2146 407 2182 μα,
436 2133 505 2171 sed
541 2133 720 2170 invitatio
752 2131 809 2169 ad
850 2131 998 2186 epulas.
1055 2129 1246 2181 Designat
1276 2128 1395 2180 igitur
1422 2129 1540 2178 diem,
1568 2142 1651 2182 quo
1677 2130 1762 2181 ipse

321 2201 440 2226 suum
468 2186 655 2226 Brumale
685 2186 856 2225 debebat
901 2186 1015 2224 edere
1052 2184 1356 2223 Constantinus.
1415 2183 1521 2222 Huic
1549 2183 1627 2222 diei
1653 2182 1762 2222 litte-

322 2256 410 2281 ram
436 2242 581 2295 Kappa
610 2243 665 2280 ait
703 2237 1086 2293 άποκεκληρῶσθαι.
1152 2238 1332 2276 Dubium
1361 2245 1432 2288 est,
1457 2238 1627 2278 verbum
1656 2236 1762 2276 duo-

322 2296 583 2350 κληροῦσθαι
621 2311 718 2335 num
762 2296 826 2334 hic
857 2295 934 2334 loci
962 2295 1155 2348 significet
1179 2308 1256 2348 per
1292 2302 1412 2333 sortes
1449 2303 1538 2332 ante
1564 2293 1759 2332 brumalia

321 2352 456 2391 ductas
483 2353 669 2391 ordinari
686 2382 696 2399 ,
729 2365 779 2390 an
808 2353 940 2403 potius
954 2351 1128 2403 fortuito
1145 2381 1158 2400 ‚
1190 2350 1308 2387 etiam
1335 2348 1486 2402 absque
1514 2348 1642 2388 ductis
1669 2361 1759 2386 sor-

320 2407 455 2457 tibus,
485 2407 670 2446 incidere.
749 2406 907 2445 Patebit
951 2420 994 2444 ex
1024 2405 1125 2452 illis,
1159 2418 1261 2457 quae
1289 2405 1420 2442 statim
1449 2404 1654 2452 dicentur,
1682 2416 1758 2455 po-

280 2501 287 2509 ,
318 2463 461 2501 sterius
491 2462 555 2500 hic
583 2462 764 2501 obtinere
789 2468 828 2500 et
856 2454 1189 2512 ἀποκεκλήρωται
1218 2458 1318 2497 nihil
1356 2458 1478 2508 aliud,
1505 2471 1624 2510 quam
1661 2470 1758 2496 συν-

319 2513 545 2567 τυγχάνει,
586 2516 832 2566 συμβαίνει,
873 2513 1146 2554 οἷποτέτακται
1192 2522 1333 2553 notare
1377 2521 1416 2552 et
1456 2519 1579 2551 sortes
1623 2511 1758 2552 locum

319 2569 385 2607 hic
414 2585 493 2609 non
525 2571 725 2610 habuisse.
786 2570 968 2609 Habebat
994 2583 1136 2622 nempe
1164 2584 1227 2608 res
1251 2568 1492 2608 brumalium
1513 2566 1589 2605 hoc
1618 2566 1754 2606 modo.

319 2624 400 2663 Per
428 2626 565 2677 viginti
592 2634 672 2665 tres
691 2627 775 2665 dies
791 2655 802 2673 ‚
833 2633 931 2678 quot
957 2633 1051 2664 sunt
1077 2625 1233 2664 litterae
1251 2624 1390 2662 Graeci
1421 2621 1638 2674 alphabeti,
1661 2636 1759 2661 con-

318 2678 530 2718 tinuabant
567 2681 790 2728 Brumalia,
843 2695 1016 2734 quorum
1053 2679 1196 2732 singuli
1235 2677 1396 2730 singulis
1439 2676 1579 2715 litteris
1615 2676 1756 2730 alpha-

320 2732 475 2783 beticis,
507 2735 614 2774 iuxta
645 2749 783 2774 earum
812 2735 993 2774 ordinem
1025 2748 1047 2772 a
1076 2734 1341 2787 grammaticis
1369 2731 1655 2784 constitutum,
1683 2746 1755 2785 ap-
