1884 3132
334 120 441 218 75³²
604 138 679 180 10.
731 136 836 182 1Ac.
876 140 1072 181 amsiffl
1124 124 1508 183 conmmmu

328 241 517 296 Leone.]*
576 242 685 283 Haec
713 259 806 283 cum
835 244 1026 283 scriberet
1053 245 1104 283 V.
1139 245 1217 291 D.‚
1249 247 1430 285 animum
1457 253 1499 286 et
1534 246 1672 288 oculos
1699 262 1782 287 uon

330 297 568 337 advertebat
632 299 683 337 ad
736 300 859 339 verba
904 299 1025 352 paulo
1090 300 1257 339 insci-ius
1310 303 1440 354 posita
1488 303 1544 341 D.
1585 302 1625 341 5.
1646 331 1661 354 ‚
1711 303 1783 342 ubi

328 368 422 392 arca
449 352 608 403 Basilii,
639 354 773 394 fratris
803 356 1058 394 Constantini
1087 355 1478 409 Porphyrogenneti,
1511 364 1783 410 memoratur3

329 410 399 462 qui
430 409 551 448 ambo
585 409 727 449 fratres
767 425 813 450 ex
854 410 1036 449 Romano
1065 411 1454 464 Porphyrogenneto
1481 420 1647 466 nepotes
1673 412 1782 452 Con-

329 465 495 503 stantini
524 472 667 515 erant,
713 465 764 504 de
791 480 873 518 quo
909 466 975 504 hic
1016 480 1147 505 sermo
1185 473 1271 517 est,
1314 474 1354 506 et
1395 469 1466 522 qui
1508 479 1601 522 pro·
1621 475 1784 508 auctore

333 519 621 559 Ceremonialis
650 522 775 559 nostri
804 521 993 560 habetur.
1053 523 1207 560 Locum
1236 536 1396 576 quoque
1438 523 1564 563 alium
1602 530 1782 576 praeter-

330 574 492 614 videbat
511 576 563 614 V.
584 576 654 625 D.‚
673 577 742 629 qui
773 577 875 615 infra
895 592 934 629 p.
952 577 1048 631 575.
1073 577 1126 615 A.
1144 576 1183 616 8.
1205 577 1393 616 liabetur.
1453 579 1516 618 Ibi
1546 581 1654 618 enim
1675 579 1783 618 Con-

328 633 542 678 stantinus,
563 630 614 670 de
633 646 714 684 quo
734 631 976 685 disputatur,
1007 633 1152 672 Leonis
1173 632 1291 680 filius,
1314 627 1334 672 ὃ
1356 629 1565 686 μακάριος
1579 629 1782 684 βασιλεῦς

329 685 557 738 appellatur
571 717 583 735 ,
612 686 747 725 beatae
774 689 989 727 memoriae
1016 688 1257 742 Imperator.
1316 687 1443 742 Atqui
1472 689 1522 728 de
1563 690 1658 728 vivo
1701 689 1783 728 for-

330 741 439 780 mula
460 741 528 780 illa
547 756 626 780 non
646 750 864 796 usurpatur
884 774 895 791 ,
948 742 1017 782 sed
1046 743 1097 781 (le
1126 750 1285 783 mortuo
1305 751 1479 784 tantum.
1518 743 1782 784 Concluditur

331 811 377 835 cx
409 796 496 846 his,
528 798 806 837 Ceremoniale
834 806 1020 838 nostrum
1055 799 1310 838 Constantini
1341 800 1506 852 quidem
1535 799 1643 838 illius
1669 813 1780 850 esse,

331 853 401 904 qui
432 854 577 891 Leonis
605 853 710 892 filius
738 861 777 892 et
805 855 976 893 Romani
1006 860 1118 907 pater
1151 854 1252 901 suit,
1293 856 1378 893 sive
1416 856 1449 894 is
1478 855 1562 908 ipse
1588 854 1783 908 compila-

330 909 462 954 verit,
494 908 597 957 sive,
629 908 738 962 quod
767 910 901 962 potius
933 909 1123 958 videtur,
1154 908 1253 948 illud
1282 910 1403 948 alicui
1429 924 1594 949 suorum
1613 924 1782 949 amanu-

330 964 487 1001 ensium
526 963 590 1001 vel
629 964 1025 1003 bibliothecariorum
1059 965 1420 1004 consarcinandum
1449 965 1779 1004 demandaverit:

331 1026 516 1071 nepotem
546 1019 629 1057 eius
658 1027 822 1070 autem,
863 1034 941 1059 avo
971 1021 1277 1071 cognominem,
1324 1027 1394 1058 aut
1433 1021 1567 1073 potius
1606 1020 1780 1074 aliquem

328 1075 415 1111 eius
443 1073 715 1124 familiarium,
744 1076 815 1128 qui
848 1075 970 1114 cliens
999 1074 1117 1113 simul
1147 1076 1276 1127 gentis
1296 1075 1527 1114 Phocarum
1556 1075 1689 1125 suerit,
1720 1077 1781 1125 (ut

330 1143 353 1167 e
381 1131 509 1182 capite
537 1128 631 1168 libri
657 1131 776 1183 primi
803 1131 951 1170 XCVI.
983 1134 1122 1183 patet,)
1153 1129 1348 1169 nonnulla
1387 1130 1600 1170 addidisse.
1668 1130 1780 1170 Nihil

330 1186 438 1223 enim
468 1183 530 1223 vel
563 1184 790 1236 hominum,
820 1185 885 1225 vel
912 1200 1100 1229 casuum,
1132 1184 1195 1224 vel
1238 1186 1512 1224 institutorum
1558 1186 1782 1226 aulicorum

330 1239 411 1279 hoc
439 1241 596 1280 iuniore
625 1241 888 1280 Constantino
917 1241 1184 1294 posteriorum
1214 1255 1287 1294 per
1315 1247 1446 1279 totum
1483 1241 1594 1281 hunc
1632 1241 1782 1281 librum

332 1295 520 1348 reperies.
581 1296 669 1350 Ego
699 1297 862 1350 quidem
893 1296 1036 1336 talium
1067 1299 1252 1349 quamvis
1283 1295 1446 1336 sedulus
1473 1304 1513 1336 et
1530 1296 1627 1351 vigil
1658 1311 1781 1336 vena-

331 1357 419 1399 tor,
450 1353 662 1405 vestigium
691 1366 773 1391 non
801 1352 1028 1392 observavi.
1682 1373 1689 1378 1

442 1406 487 1444 C.
521 1421 552 1446 i.
584 1406 702 1461 [642
722 1406 778 1462 8.]
822 1407 1055 1459 βασιλίκην.
1121 1406 1167 1444 Id
1196 1413 1255 1445 est
1282 1405 1540 1457 βασιλίκιον,
1582 1406 1783 1446 subintell.

333 1461 627 1513 λαρνακίὸιον,
658 1470 704 1501 ut
742 1462 1034 1515 Καισαρίκην,
1082 1461 1287 1501 subintell.
1333 1460 1607 1512 στεμμάτων.
1693 1463 1784 1502 Hoc

333 1519 502 1565 rectius,
560 1532 682 1571 quam
732 1514 928 1570 βασιλική
970 1518 1057 1556 ΑΒ.
1106 1524 1146 1556 et
1173 1518 1263 1556 DC.
1308 1524 1347 1556 et
1385 1517 1507 1556 editio
1550 1517 1781 1558 Leiehiana.

334 1573 519 1612 Nominis
545 1574 741 1612 rationem
783 1574 872 1627 quis
916 1573 1087 1612 reddat?
1153 1573 1280 1611 Estne
1325 1587 1417 1612 area
1456 1572 1555 1612 haec
1594 1573 1684 1613 ideo
1726 1575 1784 1613 sic

332 1628 439 1667 (licta
457 1658 468 1678 ,
498 1629 608 1682 quod
636 1629 790 1683 reguli,
819 1629 862 1668 id
894 1636 953 1668 est
983 1630 1241 1682 imperatoris
1269 1627 1489 1682 designati,
1538 1629 1607 1681 qui
1647 1636 1783 1668 tamen

332 1685 546 1736 imperium
575 1699 656 1723 non
691 1684 790 1723 adiit
842 1692 970 1723 morte
1008 1692 1276 1738 praeventus,
1319 1684 1599 1736 repositorium
1643 1689 1783 1724 esset?

333 1740 575 1779 Coniectura
603 1740 702 1779 haec
732 1742 862 1794 exigui
889 1754 1011 1793 penes
1039 1754 1102 1778 me
1134 1740 1324 1778 momenti
1354 1746 1438 1790 est3
1469 1746 1508 1777 et
1535 1739 1637 1778 sorte
1667 1754 1782 1792 prae-

333 1797 494 1834 stitisset
525 1795 707 1846 nullam,
738 1810 861 1849 quam
888 1795 1033 1843 talem,
1063 1795 1173 1833 dare.
1231 1795 1355 1833 Forte
1382 1794 1524 1833 melior
1562 1795 1659 1834 hacc
1689 1797 1780 1844 erit,

333 1864 467 1890 arcam
497 1851 562 1890 hic
591 1851 739 1890 dietam
770 1851 913 1900 fuisse,
943 1851 1053 1904 quod
1081 1864 1207 1888 unum
1237 1850 1287 1888 de
1313 1857 1429 1903 gente
1451 1850 1582 1889 Basilii
1612 1857 1782 1890 teneret.

444 1907 488 1947 C.
510 1920 550 1945 2.
584 1906 702 1960 [642
725 1906 789 1960 9.]
835 1907 1156 1951 Κωνσταντῖνος
1193 1903 1215 1942 ὃ
1255 1902 1347 1951 υὶὸς
1391 1904 1634 1944 Βασιλείου.
1707 1906 1784 1944 Hic

333 1968 391 1999 cst
433 1961 500 2000 ille
529 1962 839 2012 Constantinus,
884 1962 1047 2000 nomine
1090 1968 1129 1998 et
1167 1962 1297 2013 speeie
1336 1968 1453 1999 tenus
1481 1960 1641 2011 Basilii,
1682 1960 1780 2009 sed,

333 2023 379 2054 ut
408 2017 513 2055 sama
542 2017 664 2066 tulit,
697 2032 837 2056 revera
868 2016 1074 2055 Michaelis
1096 2015 1257 2054 Ebriosi
1288 2015 1391 2054 filius
1410 2045 1421 2066 ,
1452 2017 1521 2068 qui
1549 2023 1642 2054 ante
1670 2016 1783 2054 Basi-

333 2071 376 2110 lii
408 2072 527 2111 linem
568 2088 603 2112 e.
641 2074 691 2112 A.
719 2073 814 2127 879.
853 2071 954 2111 obiit
993 2079 1031 2109 et
1069 2086 1187 2123 quem
1229 2078 1435 2110 auctorem
1464 2072 1718 2110 Tacticomm
1759 2085 1783 2109 a

333 2129 512 2166 Meursio
530 2128 728 2167 editorum
757 2142 852 2179 esse,
885 2129 924 2166 in
954 2126 1200 2180 praefatione
1228 2127 1278 2165 ad
1307 2127 1484 2180 primum
1502 2126 1691 2167 volumen
1711 2126 1784 2164 de-

332 2186 555 2222 monstravi
583 2198 623 2237 p.
645 2185 759 2222 VIII.

445 2239 555 2278 C.5.
587 2239 706 2293 [643‚
734 2241 816 2292 1o.]
860 2236 886 2290 ἦ
928 2235 1026 2289 ἁγία
1060 2234 1283 2290 &sarpam
1362 2237 1449 2276 Non
1493 2239 1534 2276 in
1584 2237 1666 2290 ipsa
1708 2235 1779 2274 SS-

334 2294 626 2346 Apostolorum
655 2294 778 2342 aede,
822 2294 891 2334 sed
919 2295 960 2332 in
989 2292 1122 2331 vicina
1173 2291 1352 2331 aedicula
1392 2292 1683 2346 Theophanoni
1713 2290 1785 2328 de-

333 2350 465 2388 dicata
493 2358 532 2388 et
569 2365 593 2389 a
622 2352 767 2389 marito
786 2380 797 2401 ,
843 2351 1006 2399 Leone,
1049 2347 1237 2397 condita,
1276 2347 1472 2402 sepultam
1516 2348 1572 2385 ait
1610 2346 1784 2399 Symeon

333 2406 526 2458 Magister
554 2421 594 2458 p.
615 2405 711 2456 463.
734 2406 804 2444 B.:
837 2404 1011 2457 πλησίον
1035 2403 1118 2441 τῶν
1146 2398 1275 2454 ἁγίων
1299 2400 1560 2443 Ἀποστόλων
1579 2397 1786 2451 ἐξωνησά-

333 2473 456 2508 μενος
486 2450 692 2512 οῗκήματα
715 2460 842 2500 Λέων
870 2458 892 2499 ὁ
923 2454 1127 2510 βασιλεύς
1158 2457 1288 2506 κτίζει
1315 2457 1534 2509 ἐκκλησίαν
1556 2454 1784 2506 περικαλλῆ

332 2512 392 2559 εἰς
430 2507 561 2566 ὄνομα
594 2512 800 2569 Θεοφανώ
831 2516 904 2567 τῆς
932 2512 1097 2568 πρώτης
1142 2511 1272 2551 αὐτοῦ
1312 2508 1509 2563 γυναικὸς
1556 2506 1629 2548 καὶ
1654 2523 1782 2548 κατα*

333 2568 503 2621 τίθησιν
544 2571 617 2610 καί
649 2569 803 2622 ταύτην
844 2571 941 2610 ἐκεῖ.
1016 2569 1163 2606 Verum
1198 2568 1375 2606 Codinus
1420 2573 1662 2605 exstructum
1704 2563 1782 2603 hoc

335 2633 639 2664 monumentum
670 2641 692 2665 a
716 2626 996 2675 Constantino,
1029 2624 1173 2662 Leonis
1202 2623 1297 2670 filio,
1329 2624 1399 2660 ait.
1445 2621 1540 2659 vid.
1568 2621 1635 2657 Du
1647 2619 1786 2672 Gange

335 2676 431 2716 CPli
454 2680 600 2724 Christ,
622 2683 694 2719 lV.
716 2696 755 2734 p.
782 2681 871 2720 162.
903 2679 1216 2733 Theophanonis
1237 2677 1355 2716 huius
1383 2676 1591 2727 imaginem
1625 2673 1784 2713 reddidi

336 2730 431 2773 solio
462 2735 591 2787 primo
632 2739 757 2776 nostri
778 2737 897 2776 huius
926 2733 1212 2775 Ceremonialis
1234 2747 1256 2771 e
1280 2729 1495 2784 Menologii
1518 2729 1711 2771 Basiliani·
1729 2729 1783 2768 T.
