1884 3132
295 137 405 204 548
601 154 674 197 10.
714 154 817 197 1Ac.
858 139 1052 197 Rssisxn
1087 151 1466 197 COMMENTARn

292 259 447 308 Alexio,
481 258 678 298 Manutius
706 258 816 310 filio,
850 273 887 299 e.
924 260 987 300 18.
1016 275 1056 314 p.
1092 259 1212 314 ¹743
1243 259 1386 299 deinde
1410 268 1507 299 ver'o
1534 258 1653 298 etiam
1682 259 1726 298 in

293 316 525 354 narlatione
551 314 601 353 de
628 314 748 353 rebus
762 314 886 353 Uibis
914 315 965 353 ab
996 329 1042 354 ea
1070 317 1223 355 Latinis
1250 321 1475 368 expugnata
1502 326 1594 367 pag.
1627 313 1721 353 582.

292 371 412 409 P1ior
438 369 548 408 locus
576 369 642 408 hic
672 376 743 408 est.
798 370 978 408 Nmrans
1013 370 1068 408 ibi
1098 371 1287 423 gaudium
1316 370 1496 409 factionis
1523 368 1725 407 Androni-

293 440 340 464 co
369 425 537 463 faventis
567 424 620 462 ob
649 438 741 463 eum
769 425 1056 477 Imper'atolem
1086 433 1406 489 nuncupatum,
1434 426 1490 463 ait
1531 423 1725 486 quosdam

293 479 435 519 mediis
470 482 512 517 in
541 478 681 532 plateis
709 480 983 531 tripudiasse.
1025 476 1316 546 ἐξενεγκόντες
1358 474 1409 518 τά
1449 475 1726 542 συγκλητικᾱὶς
1776 521 1779 524 ‚

291 532 562 601 έξυφασμένα
592 534 676 573 τῶν
703 536 838 587 κεφα)
842 549 898 572 ων
927 531 1177 597 καλύμματα
1199 565 1209 582 ,
1242 549 1311 573 και
1341 534 1425 574 τῶν
1452 529 1558 572 κατὰ
1588 529 1724 572 νώτου

291 586 538 630 λευκολίνων
563 589 800 639 κεχυμένων
833 585 1079 640 λαβόμενοι,
1119 589 1302 628 ὸιείλουν
1329 584 1466 639 αὕτα,
1505 586 1561 634 ὥς
1597 587 1727 641 σφαί-

293 657 372 697 ρας
394 674 405 695 ,
446 643 797 696 χοροστατοῦντες
841 648 929 689 τοῖς
978 643 1024 682 ἐκ
1050 645 1132 683 τῶν
1161 640 1362 695 τοιόὸων
1399 644 1580 698 prolatas
1612 643 1726 694 caly-

288 708 347 748 ptt
351 714 423 746 ἀ3,
467 699 600 754 quales
637 708 828 737 senatores
866 699 1054 753 capitibus
1098 713 1231 751 gerere
1269 700 1413 747 solent,
1450 708 1488 737 et
1505 700 1610 750 ficsa
1649 712 1728 752 per

273 755 448 793 ·dorsum
467 753 641 792 candida
661 755 782 792 lintea
808 768 913 808 appr
911 754 1160 805 elzendentes‚
1184 769 1232 793 ea
1265 755 1371 793 velut
1401 754 1551 807 glomos
1588 755 1724 802 restiti*-

291 824 371 848 rlos
404 809 637 848 evolvebant
684 818 721 847 et
749 809 863 847 Obvlo
897 810 1032 863 ruique
1064 824 1085 846 e
1105 810 1238 847 triviis
1262 810 1478 848 occurrenti
1511 822 1553 847 ιη
1588 822 1726 847 manus

293 866 464 913 dabant,
514 873 556 902 ut
586 878 711 902 secum
725 893 735 911 ‚
772 865 1010 918 apprehenso
1046 865 1153 902 velut
1185 874 1281 912 reste
1300 894 1312 912 ‚
1338 865 1518 903 choream
1554 863 1725 902 duceret.

293 920 486 972 Designat
511 918 577 957 hic
606 918 773 968 ludum,
803 932 922 971 quem
951 925 1104 958 veteres
1143 929 1273 958 restim
1322 926 1391 957 aut
1417 927 1558 957 sertam
1585 918 1724 957 ducere

293 974 494 1014 dicebant.
553 972 668 1012 Alter
695 973 808 1012 locus
837 974 1072 1012 Latinorum
1090 972 1201 1012 Urbe
1228 975 1446 1027 potiturum
1473 972 1724 1012 insolentiam

294 1031 493 1093 exagitans
520 1028 619 1067 haec
644 1029 748 1067 inter
774 1027 871 1066 alias
898 1042 1038 1067 eolum
1065 1035 1177 1066 notat
1211 1030 1486 1093 intemperies:
1515 1028 1597 1067 τῶν
1624 1025 1724 1078 ἱμα-

291 1084 391 1124 τίων
417 1099 467 1123 τα
509 1080 762 1149 πλατύσημα
802 1079 859 1147 μὴ
890 1079 992 1122 κατὰ
1018 1081 1195 1136 χοειάν,
1244 1081 1375 1147 πρὸς
1379 1082 1426 1122 δὲ
1450 1082 1580 1133 γέλων
1606 1095 1723 1135 περι-

291 1138 541 1190 βαλλόμενοι
593 1133 668 1183 τὰς
709 1133 862 1200 ἀγυιας
899 1137 1151 1192 περιῄεσαν,
1216 1153 1286 1177 και
1328 1151 1403 1183 τας
1436 1135 1724 1184 ὄθονοσκεπεῖς

291 1192 602 1258 περικρανίους
611 1187 852 1255 καλύπτρας
877 1195 967 1238 ταῖς
1003 1195 1206 1245 κοουφαῖς
1246 1193 1328 1232 τῶν
1357 1188 1579 1256 ὄχημάτων
1580 1204 1724 1260 περι-

291 1247 500 1298 τιθέντες,
530 1261 599 1286 και
625 1243 674 1286 τὰ
705 1242 810 1285 κατὰ
840 1242 970 1285 νώτου
1014 1246 1222 1297 κεχυμένα
1265 1244 1484 1287 λευκόλινα
1496 1250 1621 1309 „talc
1653 1262 1722 1286 m·—

290 1303 428 1348 πείαις
456 1301 624 1353 γένυσιν
653 1299 793 1339 αυτῶν
820 1299 1077 1352 περιδέοντες
1107 1298 1157 1340 ἄ)
1161 1303 1209 1355 λῃ
1239 1316 1307 1340 και
1334 1297 1439 1356 ἄλλῃ
1463 1300 1538 1354 τῆς
1565 1297 1724 1348 πόλεως

291 1352 441 1404 ἐξιππιὲ
447 1357 583 1405 ζοντο,
625 1364 746 1394 vestes
782 1356 873 1394 latis
907 1356 1031 1394 clavis
1068 1357 1105 1407 (v
1108 1357 1143 1395 el
1180 1357 1328 1410 tabliis)
1357 1358 1523 1409 insignes
1564 1371 1643 1396 non
1668 1357 1728 1396 ad

291 1426 399 1450 usum
416 1440 427 1460 ‚
463 1411 532 1450 sed
572 1411 782 1449 ludi‘brzum
838 1410 966 1449 induti
994 1413 1236 1450 circulabant
1261 1427 1339 1466 per
1377 1413 1573 1466 compita,·
1610 1420 1726 1451 tectos

289 1467 486 1505 subti'lzlncs
518 1467 603 1504 telis
637 1467 764 1520 peleos
810 1466 1062 1519 imponebant
1093 1481 1278 1522 equorum
1314 1481 1468 1506 suorum
1494 1467 1721 1514 verti‘czbus,

289 1522 471 1560 candtdis
503 1522 656 1567 linteis,
692 1535 791 1575 qnae
836 1522 886 1559 de
919 1522 1088 1559 hameris
1126 1523 1232 1573 fitsa
1270 1535 1348 1576 per·
1384 1522 1540 1561 dorsum
1574 1521 1726 1561 undare

283 1592 330 1632 pt
333 1579 568 1616 'omittuntur
579 1604 591 1625 ,
635 1590 767 1614 eorum
801 1589 873 1614 ora
914 1576 1038 1614 sub-stt
1030 1578 1239 1629 ‘’lugebant‚
1282 1591 1400 1632 eoque
1441 1578 1484 1615 in
1528 1585 1725 1631 apparatu

289 1635 362 1670 lmc
391 1633 484 1670 zllue
515 1640 777 1685 pervagantes
821 1632 1104 1685 obeqzcztczhant.
1159 1632 1298 1671 Unum
1341 1631 1392 1670 ad
1431 1638 1588 1670 nostros
1615 1634 1724 1671 εὲῐοε

290 1687 422 1726 adhuc
451 1686 577 1735 addo,
607 1685 735 1724 videri
767 1686 916 1724 Russos
940 1700 963 1724 a
992 1687 1153 1725 Graecis
1189 1700 1340 1725 morem
1369 1686 1520 1740 aquilas
1547 1686 1724 1726 vestibus

276 1742 474 1781 assuendi
501 1748 571 1780 aut
598 1740 797 1779 intexendi
825 1742 1030 1793 accepisse.
1089 1743 1264 1780 Minores
1292 1743 1398 1780 enim
1435 1740 1619 1780 officiales
1647 1741 1724 1779 im'-

288 1797 456 1850 pei-iales
478 1826 490 1847 ‚
520 1803 566 1835 ut
595 1810 632 1835 e.
655 1810 689 1836 c.
719 1803 897 1834 vectores
926 1810 1067 1834 currus
1095 1797 1267 1849 publici,
1311 1795 1540 1848 postiliones
1563 1825 1575 1846 ‚
1609 1796 1724 1848 aqui-

290 1852 371 1890 lam
408 1852 573 1890 rubram
601 1858 774 1890 assutam
812 1851 962 1889 habent
979 1880 990 1901 ‚
1028 1859 1190 1890 auctore
1226 1850 1331 1890 libro
1358 1851 1621 1903 Germanico,
1651 1851 1726 1890 dds·

289 1908 521 1946 veriinderte
543 1906 788 1945 Russlandc
778 1921 883 1945 insol
886 1907 983 1958 ipso

401 1963 451 2001 C.
475 1961 514 2013 4.
544 1961 668 2015 [47ο,
694 1960 757 2013 5.]
786 1959 1046 2012 βασιλικίων.
1105 1960 1214 2009 Quid
1241 1959 1390 1999 fuerint
1421 1960 1626 2011 basilieia,
1653 1975 1725 2000 veb

291 2018 387 2067 stis,
417 2031 467 2055 an
494 2017 616 2068 panni
643 2027 793 2068 genus,
821 2014 1001 2053 nondum
1030 2015 1122 2053 satis
1140 2015 1289 2068 liquet,
1321 2023 1359 2054 et
1385 2016 1491 2054 unde
1519 2017 1574 2055 sic
1601 1991 1722 2066 dicta,

291 2047 388 2111 nuni
418 2086 440 2110 a
470 2071 619 2110 fabrica
647 2068 858 2122 imperiali,
879 2071 920 2107 in
950 2083 1030 2122 qua
1057 2076 1284 2108 texerentur
1304 2101 1315 2120 ‚
1345 2085 1397 2109 an
1425 2071 1476 2110 ab
1508 2073 1627 2110 armis
1654 2081 1724 2109 seu

292 2127 512 2180 insignibus
539 2125 812 2188 impeiialibus
830 2154 840 2171 ‚
883 2138 933 2162 an
962 2124 1133 2176 denique
1172 2125 1223 2163 ab
1252 2126 1421 2179 imagine
1449 2125 1515 2165 vel
1541 2132 1725 2178 Ριοῐοηιε

294 2182 560 2245 Imperatoris
580 2181 737 2220 intexta.
792 2179 899 2217 Puto
927 2179 1110 2231 equidem
1152 2183 1346 2232 posterius
1373 2181 1504 2235 potius
1522 2209 1534 2231 ‚
1580 2193 1722 2233 quam-

292 2238 353 2275 vis
391 2238 502 2288 prius
550 2237 592 2274 in
623 2236 765 2273 Latina
795 2235 1122 2296 interpretatione
1150 2236 1341 2274 dede1im.
1401 2235 1500 2274 Nam
1525 2236 1557 2274 si
1585 2233 1722 2273 basili-

293 2292 353 2330 cia
384 2293 544 2330 suerunt
578 2296 732 2339 vestes,
772 2303 873 2341 quae
901 2290 1048 2327 intexta
1075 2290 1186 2342 regni
1215 2292 1358 2329 Graeci
1400 2290 1593 2329 haberent
1622 2289 1721 2326 insi-

295 2347 408 2399 guia,
426 2346 614 2409 plofecto
642 2344 742 2382 nihil
771 2344 822 2382 ab
850 2345 946 2382 3ὲὲῐ15
974 2343 1223 2383 differebant.
1259 2346 1417 2399 Insigne
1446 2347 1551 2383 enim
1579 2343 1721 2382 Graeci

294 2401 450 2452 imperii
466 2409 550 2439 erat
577 2399 724 2452 aquila.
755 2398 832 2437 Fui
849 2398 1085 2452 aliquando
1077 2414 1114 2437 m
1135 2402 1332 2451 opinione,
1349 2400 1467 2439 vestis
1493 2399 1570 2437 hoe
1597 2411 1721 2450 genus

296 2455 386 2493 ideo
414 2457 632 2494 basi'lzcncm
661 2461 700 2492 et
736 2454 888 2492 Latinis
930 2455 1132 2509 zmperiale
1157 2455 1275 2494 fuisse
1303 2455 1452 2494 dictum
1473 2482 1484 2501 ‚
1523 2452 1630 2505 quod
1658 2452 1723 2490 di-

298 2524 422 2561 gnum
452 2517 554 2549 esset
583 2508 897 2575 Impera-tmibus
937 2516 976 2547 et
1015 2510 1066 2547 ab
1099 2510 1145 2548 iis
1171 2510 1312 2548 soleret
1340 2509 1498 2562 gestari.
1553 2507 1618 2544 Sic
1645 2520 1719 2558 κη-

297 2576 360 2612 (mc
392 2561 614 2614 βασιλικοί,
644 2565 764 2613 celei,
793 2563 929 2615 quales
954 2563 1006 2601 ab
1033 2565 1338 2627 Impeiatoribus
1366 2562 1507 2616 gestari
1535 2561 1721 2610 solerent,

298 2619 682 2680 apudAnonymum
712 2618 761 2656 de
789 2618 887 2656 festo
916 2619 1417 2682 restitutaiumimaginum
1445 2630 1484 2668 p.
1476 2615 1583 2669 ⁸738·
1601 2631 1610 2654 :
1635 2614 1718 2655 α’νά

294 2667 420 2721 κηοὸν
448 2668 666 2720 βασιλικὸν
687 2666 747 2718 εἷς
774 2669 945 2718 ε’καστος
959 2671 1096 2711 αὐτῶν
1112 2669 1344 2722 βαστάζων.
1377 2672 1471 2710 Pali
1489 2670 1606 2709 modo
1626 2671 1722 2710 Bal-

293 2738 402 2764 samo
424 2722 640 2775 βασιλικὸν
667 2726 800 2779 λῶρον
843 2726 940 2765 dixit
968 2740 1016 2765 eo
1043 2726 1153 2776 loco,
1185 2740 1264 2779 quo
1293 2726 1364 2779 ait,
1394 2724 1544 2779 Papam
1571 2726 1721 2765 Roma-
