1884 3132
192 179 268 222 An
310 174 607 222 consum.
642 174 838 218 roam.
875 174 947 216 οε
971 173 1154 217 cmm.
1194 172 1296 214 mn.
1336 171 1390 212 ιι.
1433 149 1548 227 859

115 278 284 333 legimus
309 279 512 334 episcopos
537 277 810 328 ἑπεχομένους
823 306 835 327 ,
868 277 938 330 qui
975 276 1051 317 sub
1077 275 1319 330 inspectione
1352 271 1549 326 archiepi-

116 335 227 387 scopi
256 341 328 376 aut
354 332 646 387 metropolitani
685 339 796 372 sunt.
870 332 992 385 Apud
1028 331 1254 371 Cedreuum
1291 343 1335 383 p.
1367 327 1463 380 547.
1492 329 1548 368 D.

117 389 267 432 dicitur
292 388 544 442 philosophia
571 383 735 427 πάντων
771 382 920 437 ἔποχος
933 415 945 437 ,
990 386 1100 439 quod
1136 392 1265 440 potoet
1319 385 1419 423 verti
1440 384 1551 422 nebus

122 444 299 483 omnibus
324 444 500 483 exaltior
529 448 570 481 et
595 442 705 480 rebus
731 442 905 480 omnihus
934 442 1162 494 invigilans,
1202 441 1416 494 imperans,
1446 438 1552 492 loges

117 498 406 551 praescribens.
476 496 606 536 Valde
642 496 868 536 luculentus
910 502 970 535 est
1010 494 1122 537 locus
1158 495 1347 547 Procopii
1374 493 1550 533 Vandal-

119 553 171 592 L.
201 553 238 592 1.
266 567 311 606 p.
337 565 427 592 102.
453 550 516 603 14.
538 551 604 591 ed.
622 550 812 601 Hoesch.‚
827 551 897 590 ubi
926 564 1092 590 narrans
1130 549 1180 589 de
1207 549 1418 589 insolentia
1438 549 1552 588 Van-

118 606 304 650 dalorum
339 614 380 647 et
419 606 687 648 Arrianorum
716 620 809 659 erga
835 604 1018 645 ecclesias
1044 613 1083 645 et
1110 605 1332 645 sacerdotes
1357 603 1552 644 orthodo-

118 675 286 713 xorum,
312 658 411 708 τούς
437 658 602 711 ἱερέας,
634 656 708 707 οὓς
732 654 785 699 ἂν
812 657 1000 711 λάβοιεν,
1041 655 1270 714 ἑρῥάπιζόν
1293 673 1337 700 τε
1364 654 1552 710 καίξξαί-

118 727 257 763 ronse
283 712 387 755 κατὰ
426 715 502 756 τοῦ
536 713 667 754 νώτου
703 710 882 765 πολλάς,
927 712 1145 768 ὑπηρετεῖν
1179 728 1325 768 σφισιν
1349 710 1552 763 ἐκέλευον,

120 763 203 810 ὅσα
231 767 283 822 δή
312 769 478 821 ἐπέχειν
511 769 574 825 [id
601 777 661 809 est
684 767 914 809 ἐπιτάττειν
928 798 940 819 ,
982 767 1255 823 ἐπιστέλλειν]
1281 768 1363 809 ταῖν
1388 767 1554 807 οἰκετῶν

118 827 206 872 τοῖς
244 822 506 874 ἀτιμοτάτοις
543 821 780 865 εἰώθεισαν.
849 824 946 863 Par-i
984 825 1104 864 modo
1132 824 1270 862 dicunt
1295 823 1452 875 ἐνέχειν
1479 836 1553 875 pro

117 893 260 918 aaran?
273 909 285 927 ‚
315 880 529 932 invigilate
557 879 678 919 alicui
706 879 793 929 rei,
836 875 961 945 ἑνοέἡ
988 881 1170 934 inspectio
1189 909 1200 926 ‚
1247 875 1390 930 ἔνοχος
1424 878 1554 932 inspe-

121 934 476 988 etot-‚pmefictus5
502 947 544 977 v.
572 934 640 973 Du
669 933 804 986 Gange
831 946 874 973 v.
912 934 1072 985 Αρχων
1098 933 1183 973 τῶν
1202 929 1367 988 φώτων,
1405 931 1476 971 ubi
1497 931 1555 972 le-

118 989 257 1042 gitur:
285 983 312 1026 o‘
338 982 451 1040 ἔχων
474 984 549 1040 τήν
575 984 722 1040 ἑνοχὴν
746 986 830 1026 τῶν
855 985 1156 1041 νεοφωτίστων.

231 1042 283 1086 D.
309 1056 351 1096 9·
379 1041 499 1097 [7²3²
520 1041 606 1096 αι]
636 1039 711 1088 τάς
737 1042 780 1091 ἓξ
807 1037 1058 1093 ἑβδομάδας.
1114 1043 1239 1084 Forte
1279 1041 1557 1096 intelliguntur

122 1109 191 1147 sex
220 1099 463 1151 septimanae
543 1096 837 1150 adragesimalis
859 1098 1011 1137 iemnii.

126 1147 131 1149 ’
202 1149 300 1203 420.
333 1151 386 1192 A.
422 1166 457 1192 ι.
521 1151 614 1206 724,
636 1151 694 1205 5.]
733 1152 935 1202 ψιαθίων.
1011 1150 1173 1198 wat-904·
1210 1159 1250 1192 et
1286 1146 1464 1203 ψιάδιον
1501 1159 1560 1191 est

120 1213 267 1256 florea,
298 1215 422 1246 matta
450 1222 472 1246 e
497 1210 610 1248 iunco
634 1208 777 1261 plexa.
830 1208 945 1258 Quae
970 1206 1068 1260 quid
1095 1206 1176 1246 huc
1204 1207 1343 1251 faciat..
1385 1221 1467 1246 non
1494 1221 1559 1245 vl-

123 1260 218 1311 deo.
276 1256 520 1310 Καμινάδες
546 1276 706 1314 quoque
735 1268 828 1300 sunt
855 1263 1023 1310 camini,
1054 1276 1135 1301 non
1162 1264 1403 1301 caminorum
1430 1259 1561 1313 caffiz-

123 1324 273 1364 ‚ctore55
303 1317 413 1368 atqui
440 1315 515 1355 hos
542 1316 701 1355 videtur
728 1315 804 1355 loci
823 1330 947 1356 nexus
967 1318 1183 1370 requirere.
1239 1317 1291 1356 F.
1319 1323 1455 1355 tamen
1485 1330 1559 1355 κα-

124 1363 294 1421 μινάδες
323 1371 379 1408 sic
405 1370 501 1412 dicti
527 1378 572 1409 ut
596 1365 852 1420 βαλαντάδες
878 1385 920 1422 p.
946 1370 1041 1421 463.
1069 1371 1116 1409 Β.
1138 1373 1180 1412 5.
1200 1400 1212 1418 ,
1252 1370 1325 1409 ubi
1351 1371 1458 1410 vide.

235 1422 291 1464 A.
319 1422 360 1464 5.
392 1424 507 1482 [724‚
528 1423 583 1478 6.]
614 1421 816 1477 ζαράβας.
867 1425 1127 1465 Barbaricum
1166 1439 1251 1464 esse
1277 1425 1354 1465 hoc
1381 1424 1562 1465 voeabu-

125 1476 231 1526 lum,
260 1477 414 1532 liquetr,
457 1479 508 1518 ad
554 1494 676 1532 quam
713 1492 810 1518 vero
838 1481 1040 1519 nationem
1068 1481 1294 1532 pertineat,
1338 1493 1420 1518 non
1452 1481 1562 1520 novi.

126 1529 304 1572 Arabica
330 1532 468 1587 lingua
494 1533 595 1573 nihil
622 1534 686 1573 hic
712 1534 909 1573 commodi
925 1541 1114 1588 praestat.
1169 1535 1244 1575 Est
1272 1535 1434 1588 quidem
1450 1535 1495 1573 in
1514 1549 1561 1573 ea

125 1589 247 1651 §gaba-'0
264 1626 277 1650 ‚
305 1599 488 1646 Zarrab,
513 1613 735 1653 percussor,
765 1600 946 1653 pulsator·
959 1629 971 1648 ‚
1004 1607 1043 1639 et
1067 1608 1199 1653 posset
1230 1614 1324 1653 ergo
1349 1600 1400 1639 de
1426 1598 1562 1653 pulsa-

128 1659 221 1692 tore
255 1651 336 1691 τοῦ
369 1652 608 1705 σημάντρου
638 1668 707 1692 seu
738 1653 836 1708 ligni
862 1654 981 1694 horas
1012 1669 1176 1708 precum
1206 1662 1246 1694 et
1272 1662 1490 1694 conventus
1518 1654 1561 1693 in

122 1706 332 1755 ecclesiam
359 1708 568 1748 indicantis
604 1708 743 1760 accipi.
801 1709 954 1748 Verum
992 1710 1152 1749 videtur
1178 1709 1254 1749 hoc
1293 1709 1468 1748 officium
1509 1709 1562 1748 ad

117 1757 230 1808 τούς
258 1759 492 1814 οὖρολόγους
518 1764 754 1815 pertinuisse
772 1792 784 1813 ‚
812 1777 836 1802 a
864 1764 1010 1816 quibus
1037 1764 1080 1803 hi
1108 1764 1285 1804 Zarabae
1312 1764 1460 1811 diversi
1486 1778 1562 1803 no-

125 1827 356 1877 minantur3
384 1834 424 1866 et
450 1821 569 1882 &ijo
596 1842 675 1866 non
705 1830 748 1866 in
773 1829 902 1882 specie
930 1829 1170 1882 pulsatorem
1198 1829 1287 1868 talis
1324 1829 1445 1882 ligni,
1492 1829 1562 1868 sed

125 1882 187 1927 rei
226 1882 497 1934 cuiuscunque
534 1883 712 1935 tandem,
754 1890 800 1922 ut
836 1897 1016 1924 cusorem
1044 1891 1251 1936 monetae,
1290 1898 1563 1938 percussorem

126 1937 309 1990 tympani
336 1943 412 1975 etc.
437 1942 564 1990 notat.

238 1989 295 2043 A.
324 1992 362 2032 5.
396 1990 507 2044 [724‚
532 1990 590 2046 7.]
627 1991 744 2047 λίψῃ.
802 1991 849 2031 Id
877 1999 934 2030 est
961 1991 1100 2047 λείψῃ,
1132 1991 1320 2048 ἐλλείψῃ,
1347 1989 1562 2048 ἕπιλεάμῃ,

129 2043 313 2100 deficiat,
342 2045 529 2097 decedat,
557 2046 622 2085 vel
647 2047 697 2085 de
725 2048 808 2085 vita
835 2046 899 2085 vel
926 2046 976 2086 de
1003 2061 1182 2097 munere.

240 2099 294 2138 A.
325 2099 367 2138 6.
402 2099 604 2155 [724‚'7.]
638 2098 963 2147 άντισικοῦντας.
1035 2101 1080 2140 Id
1120 2109 1179 2143 est
1216 2099 1561 2154 α’ντισηκοῦντας,

130 2153 233 2205 idem
244 2155 467 2206 sambuca,
505 2155 602 2200 alios
629 2157 758 2194 vicem
786 2155 948 2194 alterius
975 2156 1184 2210 explentes.
1237 2157 1320 2196 Pro
1348 2157 1474 2209 figura
1512 2154 1567 2210 κ

129 2222 251 2261 quam
281 2222 325 2247 ex
342 2211 572 2262 apographo
590 2210 822 2249 Draudiano
850 2211 1080 2263 typothetae
1099 2211 1295 2251 dederunt
1307 2240 1319 2259 ‚
1349 2219 1434 2251 erat
1452 2210 1564 2251 aliud

194 2262 234 2301 'd
263 2262 303 2301 iu
330 2264 594 2316 membranis,
649 2265 756 2317 quod
786 2268 939 2318 assequi
973 2265 1081 2304 haud
1114 2266 1238 2305 valui.

240 2316 293 2371 Α.
323 2316 363 2356 6.
393 2317 503 2372 [724
524 2317 589 2374 8.]
619 2315 660 2370 ρ’.
718 2319 827 2370 Quid
855 2319 930 2359 sibi
957 2318 1022 2359 hic
1047 2320 1124 2359 loci
1150 2319 1248 2359 velit
1268 2319 1346 2359 hoc
1377 2333 1564 2374 compen-

131 2369 264 2420 dium,
291 2385 373 2411 non
403 2376 558 2425 exputo.
611 2373 720 2412 Solet
746 2373 842 2425 alias
867 2376 1127 2414 centenarium
1163 2389 1232 2414 seu
1267 2389 1437 2414 massam
1471 2390 1565 2414 cen-

131 2431 222 2463 tum
249 2426 336 2464 auri
364 2425 558 2466 librarum
585 2428 832 2480 signifioare3
863 2429 970 2482 quod
998 2436 1130 2468 tamen
1149 2429 1227 2468 huc
1248 2443 1329 2469 non
1348 2429 1562 2483 quadrare,

131 2478 240 2528 ultro
268 2487 390 2532 patet.
449 2482 672 2521 Miliaresia
700 2482 742 2522 in
774 2483 928 2523 Latinis
956 2483 1139 2522 substitui
1168 2498 1214 2522 ex
1242 2485 1479 2525 coniectura.

240 2534 286 2573 Β.
304 2547 345 2573 2.
372 2531 483 2588 [724,
506 2534 584 2589 15.]
613 2532 663 2575 τά
682 2533 808 2590 σκεύη
827 2533 910 2578 τῶν
939 2534 1199 2587 ἀξιωμάτων.
1254 2538 1435 2591 Supellex
1455 2540 1565 2578 axio·

132 2594 287 2639 matum
315 2597 409 2628 sunt
436 2604 473 2629 e.
499 2604 534 2629 c.
563 2591 696 2644 virgae
723 2604 865 2630 aureae
891 2593 1143 2631 ostiariorum
1170 2599 1210 2631 et
1237 2592 1563 2645 silentiariorum,

134 2641 306 2689 codicilli
326 2650 366 2682 et
393 2644 552 2684 tabulae
583 2645 780 2684 eburneae
812 2646 1070 2700 patriciorum
1087 2674 1100 2697 ,
1145 2653 1307 2702 torques
1334 2648 1564 2688 candidato-

253 2703 330 2736 etc.

244 2749 288 2805 Β.
319 2752 358 2795 3.
385 2751 502 2808 [724
530 2751 616 2808 15.]
657 2749 727 2794 ἐπὶ
751 2754 833 2794 τῶν
858 2747 1114 2806 ἀξιωμάτων.
1183 2756 1288 2796 Hinc
1327 2763 1366 2806 et
1410 2772 1455 2798 ex
1494 2757 1562 2808 illo
