1826 3126
300 147 377 214 46
601 166 673 207 10.
714 164 819 206 1Αο.
867 165 1065 211 amsxu
1105 163 1483 210 COMMENTARH

302 270 434 308 uxoris
461 267 677 307 Theodosii
702 266 868 306 iunioris
885 297 897 318 ,
929 267 1036 320 apud
1060 268 1128 306 Du
1155 269 1288 323 Gange
1313 270 1461 310 Famil.
1493 271 1590 326 Byz.
1619 285 1658 326 p.
1675 271 1743 327 67.

299 325 380 364 Sed
414 325 508 378 quia
535 338 581 362 ea
612 323 786 361 foemina
817 330 902 373 est,
937 324 978 363 id
1008 323 1231 377 exemplum
1262 339 1344 364 non
1370 325 1567 381 allegabo.
1624 328 1744 372 Inve-

300 381 370 419 nio
399 393 519 433 porro
548 391 709 432 quoque
738 378 907 431 figuram
941 381 1158 419 stemmatis
1197 382 1238 419 in
1267 381 1399 420 numis
1429 382 1573 422 Leonis
1603 390 1644 422 et
1669 384 1747 422 Ze-

301 435 443 484 nonis,
473 441 512 473 et
544 433 752 473 Anthemii
776 434 874 473 ibid.
902 449 943 487 p.
963 449 1031 489 77.
1090 436 1198 486 Quia
1227 450 1323 475 vero
1350 438 1497 490 opponi
1530 437 1651 490 possit
1681 451 1747 477 eas

302 491 448 544 figuras
489 488 694 543 galearum
730 503 811 528 esse
825 518 836 540 ,
873 503 955 529 non
997 498 1277 542 stemmatum,
1314 506 1445 546 neque
1477 491 1564 532 illos
1603 507 1748 533 numos

301 545 468 599 urgebo.
528 545 683 584 Verum
710 545 751 583 in
777 546 909 584 numis
941 547 1151 585 Iustiniani
1177 548 1310 600 magni
1339 562 1381 600 p.
1401 547 1470 588 88.
1497 555 1537 587 et
1559 562 1629 602 92.
1665 555 1749 588 tam

300 599 528 640 luculenter
557 614 782 654 expressum
813 608 872 640 est
898 607 1064 641 stemma
1079 631 1090 652 ,
1125 609 1173 640 ut
1203 602 1270 641 ille
1305 603 1454 657 absque
1478 605 1750 644 controversia

300 657 454 710 primus
485 670 532 695 eo
570 670 666 695 usus
709 655 836 696 videri
873 664 1008 710 queat.
1066 657 1204 697 Posset
1250 673 1410 712 quoque
1440 666 1750 699 monumentum

299 712 534 752 Ravennate
549 740 562 762 ,
592 711 702 766 quod
738 710 988 752 Ale-mannus
1014 712 1065 752 ad
1093 714 1336 767 Procopium
1362 715 1513 768 primus
1537 714 1647 754 dedit
1662 744 1674 765 ,
1709 722 1750 755 et

298 782 346 807 ex
375 782 424 807 eo
451 767 608 821 repetiit
637 768 706 806 Du
743 767 876 822 Gange
902 766 932 807 l.
961 782 998 807 e.
1025 783 1067 822 p.
1099 783 1168 824 97.
1199 770 1242 808 in
1270 777 1550 823 argumentum
1586 769 1748 824 allegari

301 824 425 875 (nam
459 823 576 872 ineo
603 822 848 862 Iustinianus
881 825 1122 878 conspicitur
1155 823 1372 877 infulatus)
1414 826 1447 865 si
1472 826 1522 864 de
1553 824 1660 865 illius
1688 826 1750 879 pi-

300 885 438 918 cturae
470 879 649 919 musivae
677 879 913 932 antiquitate
954 887 1062 919 certo
1093 887 1316 932 constaret3
1349 895 1472 935 quam
1501 881 1571 935 qui
1602 895 1750 934 aequa-

300 933 380 973 lem
409 935 630 974 Iustiniano
659 932 782 988 vulgo
821 934 975 974 faciunt
990 964 1002 986 ,
1042 935 1142 975 mihi
1172 936 1335 989 quidem
1372 936 1483 975 haud
1511 936 1751 990 persuadent

301 998 348 1029 ut
375 1004 511 1030 secum
539 990 723 1030 sentiam.
782 991 830 1030 In
858 991 991 1030 numis
1023 992 1275 1045 sequentium
1307 992 1599 1045 Imperatorum
1626 991 1750 1031 Tibe-

301 1046 378 1097 rii,
418 1046 602 1085 Mauricii
623 1076 636 1097 ,
669 1046 857 1097 Phocae,
893 1046 1068 1086 Heraclii
1102 1047 1221 1100 ipsius
1242 1077 1255 1099 ,
1289 1048 1532 1101 conspicitur
1566 1054 1748 1087 stemma.

301 1101 493 1155 Suspecta
521 1102 643 1155 igitur
681 1101 750 1142 illa
790 1101 1001 1155 Nicephori
1029 1103 1206 1142 narratio
1239 1109 1323 1154 est,
1367 1110 1408 1142 et
1445 1103 1497 1142 ad
1530 1101 1750 1142 Alexandri

302 1158 363 1195 M.
394 1164 465 1197 aut
494 1158 641 1197 vetusti
666 1157 834 1197 alicuius
861 1158 962 1212 regis
989 1157 1214 1211 exemplum
1239 1159 1424 1198 conficta.
1482 1158 1583 1198 Nam
1607 1161 1759 1212 ex'quo¹

300 1219 556 1257 stemmatum
596 1226 690 1252 usus
732 1213 903 1254 invaluit
921 1243 932 1264 ,
980 1214 1252 1253 diadematum
1293 1214 1429 1253 stricte
1462 1214 1517 1253 sic
1547 1213 1751 1253 dictorum

303 1282 399 1308 usus
431 1269 574 1320 desiit,
607 1283 738 1322 neque
765 1276 1046 1323 argumentum
1077 1276 1251 1323 praestat
1277 1269 1581 1310 adversantibus
1608 1269 1751 1308 Cinna-

305 1338 395 1363 mus
419 1325 461 1363 in
490 1324 553 1364 his
581 1324 715 1364 verbis
748 1339 790 1378 p.
823 1326 885 1366 15.
915 1325 986 1364 fin.
1013 1325 1062 1364 de
1091 1323 1279 1364 Manuele
1310 1325 1540 1365 Comneno:
1577 1323 1750 1378 περιδυἢ

122 1379 186 1414 Ed.
197 1379 237 1414 L.
254 1376 396 1426 ιὸθείς
431 1379 506 1434 [sic
532 1394 636 1419 nove
671 1387 711 1419 et
738 1379 891 1420 soloece
919 1379 985 1419 ille
1020 1388 1160 1420 auctor
1184 1395 1258 1434 pro
1293 1381 1427 1420 induto
1459 1380 1620 1434 posuit,
1656 1393 1752 1419 nam

302 1451 320 1474 s
349 1436 511 1475 olintum
535 1436 710 1489 antiquis
735 1435 868 1490 notat]
901 1432 978 1488 τὴν
995 1434 1200 1487 χλαμύδα
1230 1435 1305 1475 καί
1320 1432 1558 1482 ταινιωθείς
1587 1434 1646 1490 τῷ
1667 1434 1753 1474 δια·

304 1450 465 1543 ginatus
500 1486 701 1542 βασιλευς
725 1487 807 1530 ὑπὸ
832 1487 987 1537 παντὸς
1011 1486 1285 1543 ἀνηγορεύετο
1311 1490 1387 1531 τοῦ
1417 1489 1611 1544 στρατοῦ.
1670 1489 1754 1529 Au·

302 1553 391 1585 ctor
417 1547 524 1586 enim
552 1546 767 1600 improprie
785 1554 825 1586 et
845 1545 1026 1585 affectate
1055 1546 1301 1586 vocabulum
1334 1541 1523 1599 διάδημα
1558 1552 1750 1598 usurpat,

303 1608 351 1641 ut
377 1600 445 1640 alii
477 1601 596 1641 multi
620 1602 817 1642 fecerunt.
874 1602 976 1642 Erat
996 1603 1117 1656 igitur
1140 1610 1308 1642 stemma
1331 1601 1434 1642 nihil
1461 1600 1597 1652 aliud,
1628 1614 1754 1654 quam

304 1657 449 1697 cucufa
475 1657 541 1698 vel
579 1657 755 1697 biretum
788 1672 881 1697 cum
916 1672 1065 1697 corona
1094 1672 1216 1697 aurea
1251 1659 1293 1697 in
1330 1671 1414 1696 una
1439 1670 1584 1696 massa.
1642 1655 1755 1696 Sole-

303 1712 404 1752 bant
431 1714 519 1754 aevi
543 1714 664 1753 medii
692 1728 803 1768 reges
835 1713 1098 1753 occidentales
1118 1728 1285 1753 coronas
1313 1727 1453 1755 aureas
1479 1725 1598 1765 super
1622 1710 1754 1751 bireto

304 1768 504 1808 exemtiles
531 1777 571 1808 et
594 1769 740 1809 liberas
775 1784 912 1824 gerere
927 1799 938 1820 ,
970 1770 1026 1809 sic
1053 1777 1100 1808 ut
1123 1776 1282 1823 possent
1309 1768 1441 1819 demi,
1477 1767 1606 1806 bireto
1633 1766 1754 1820 capiti

305 1823 553 1864 inhaerente.
612 1825 669 1864 At
698 1826 959 1879 Imperatores
994 1826 1146 1864 CPtani
1187 1838 1353 1863 coronas
1385 1837 1477 1862 suas
1506 1837 1595 1861 non.
1615 1836 1755 1875 super·

306 1880 566 1934 imponebant
594 1881 732 1920 biretis
759 1882 866 1932 suis,
901 1881 969 1920 sed
1004 1879 1123 1919 simul
1161 1894 1254 1918 eum
1286 1879 1349 1918 his
1389 1878 1476 1918 illas
1504 1876 1754 1929 induebant,

306 1943 353 1974 ut
387 1951 449 1976 res
476 1937 576 1976 duas
609 1938 650 1977 in
683 1951 765 1975 una
795 1951 923 1976 massa
961 1936 1233 1976 cohaerentes.
1291 1934 1410 1974 Conf.
1445 1935 1515 1972 Du
1551 1933 1685 1987 Gange
1710 1947 1754 1973 v.

307 1990 526 2031 Almutium
540 2022 551 2043 ,
586 1991 658 2031 ubi
684 1993 780 2031 citat
806 1992 917 2031 hunc
946 1991 1105 2031 locum:
1149 2005 1219 2045 99.
1243 1990 1413 2044 grandes
1451 1989 1582 2044 perles
1613 1988 1756 2028 rondes

302 2060 408 2102 pouq·
420 2058 553 2088 mettre
571 2063 619 2087 en
631 2048 820 2087 l'aumzoee
857 2049 901 2086 ui
915 2050 1057 2087 soutint
1072 2048 1114 2085 la
1128 2060 1295 2085 coronae
1309 2046 1363 2084 du
1381 2059 1457 2096 roy
1475 2046 1503 2082 ῖι
1524 2045 1567 2083 la
1582 2045 1693 2096 feste
1706 2044 1758 2083 de

308 2102 483 2142 l’estoile.
515 2104 602 2143 Hae
617 2102 805 2143 almutiae
829 2063 1094 2158 (vocabulum
1116 2101 1401 2140 Germanicum
1418 2114 1511 2139 cum
1534 2099 1758 2153 praeposito

310 2156 488 2198 Arabico
514 2158 683 2199 articulo
713 2160 772 2198 al.
828 2160 962 2198 Miitze
993 2158 1127 2197 adhuc
1154 2157 1321 2196 dicimus
1343 2170 1416 2210 pro
1442 2155 1574 2204 bireto
1607 2153 1673 2194 vel
1691 2168 1758 2193 cu·

311 2213 440 2267 cufa.]
475 2214 785 2268 Imperatoribus
803 2213 1094 2254 conveniebant
1124 2220 1171 2252 ut
1198 2212 1307 2252 laicis
1332 2219 1372 2252 et
1395 2210 1578 2251 militaris
1607 2210 1758 2250 ordinis

310 2267 568 2320 hominibus,
603 2285 729 2324 quum
755 2268 802 2310 τὸ
833 2264 1004 2324 φιάλιν,
1046 2267 1113 2308 vel
1146 2268 1327 2307 cucullus
1363 2275 1434 2306 aut
1459 2280 1604 2320 cappa,
1641 2264 1758 2304 cleri·-

311 2337 451 2363 corum
482 2333 612 2377 esset3
656 2334 696 2365 et
728 2326 888 2367 videtur
914 2325 1013 2364 haec
1039 2324 1081 2363 in
1107 2325 1254 2363 vestitu
1284 2324 1422 2378 capitis
1450 2321 1650 2361 distinctio
1677 2321 1757 2359 iam

312 2379 485 2433 antiquis
526 2389 605 2420 tem
635 2382 772 2422 oribus
814 2381 1046 2421 obtinuisse.
1102 2379 1379 2419 Theodoretus
1417 2378 1492 2417 IV.
1529 2377 1635 2416 Hist.
1676 2375 1758 2414 Ec·-

313 2432 407 2472 cles.
445 2449 507 2474 12.
565 2451 586 2475 ο
618 2450 688 2484 τος
715 2437 795 2492 [de
820 2436 996 2477 Eusebio
1039 2435 1297 2474 Samosateno
1331 2431 1567 2488 loquitur,]
1604 2428 1759 2477 πολλάς

312 2488 395 2528 τῶν
435 2487 659 2542 ἐκκλησιῶν
698 2488 879 2546 ἐρήμους
913 2492 1122 2542 ποιμένων
1156 2484 1266 2530 εἶναι
1298 2486 1473 2540 μαθών,
1509 2499 1757 2549 στρατιωτι-

313 2539 387 2582 κὸν
414 2541 702 2596 α’μπεχόμενος
730 2546 898 2601 σχῆμα,
933 2545 1006 2586 καί
1031 2540 1158 2601 τιάρᾳ
1185 2540 1407 2584 καλύπτων
1436 2539 1515 2595 τὴν
1543 2542 1757 2595 κεφαλην,

314 2593 393 2650 τήν
419 2598 577 2651 Συρίαν
619 2601 782 2656 περιῄει
815 2601 1120 2656 πρεσβυτέρους
1146 2599 1398 2653 χειροτονῶν
1424 2597 1497 2638 καί
1523 2593 1758 2659 διακόνους.

315 2654 534 2693 Gestarum:
560 2655 680 2709 igitur
706 2659 968 2712 Imperatores
998 2664 1164 2696 stemma
1191 2663 1238 2694 ut
1261 2655 1405 2694 milites
1418 2683 1429 2705 ,
1459 2659 1500 2692 et
1524 2665 1667 2691 summi
1686 2664 1757 2688 mi-

315 2706 433 2748 litum
462 2711 668 2764 magistri,
701 2727 774 2765 pro
807 2713 942 2768 galea,
976 2714 1139 2767 quicum
1166 2719 1251 2750 tam
1279 2724 1400 2764 prope
1431 2708 1619 2748 convenit
1633 2734 1645 2755 ,
1679 2712 1726 2744 ut
1741 2733 1756 2756 ‚

317 2765 426 2817 quod
443 2765 564 2820 paulo
583 2775 676 2807 ante
691 2767 870 2808 dicebam
886 2801 900 2821 ,
933 2770 975 2809 in
991 2769 1124 2808 numis
1139 2774 1430 2822 postremorum
1446 2765 1757 2818 Imperatorum,
