1884 3132
307 131 381 174 AD
419 129 756 172 nemmem
807 132 908 170 Lm.
952 132 984 170 1.
1026 131 1096 170 DE
1134 127 1391 171 cEmmoN.
1473 108 1582 166 585

154 222 200 272 in
221 233 416 273 turbinem
432 263 443 280 ‚
451 234 549 284 jere
567 232 626 271 ad
648 232 879 272 dodrantem
890 246 905 280 ,·
923 245 1003 286 qua
1031 245 1124 270 vero
1147 234 1310 286 supinus
1331 231 1482 270 coelum
1503 246 1592 285 spe-

153 297 255 339 ctae,
288 289 565 340 capacissimus
598 296 656 326 est
687 296 726 326 et
759 296 940 341 apertus,
978 295 1022 325 ut
1046 301 1124 326 non
1151 288 1282 326 minus
1312 287 1499 325 videatur·
1536 286 1595 325 ad

151 342 316 382 imbrem
339 353 379 382 et
392 344 513 382 solem
530 342 799 397 accipiendum
803 343 969 393 sactu-5,
994 356 1116 396 quam
1136 351 1265 380 noster
1281 341 1339 380 ad
1356 341 1587 388 arcendum,

152 413 247 437 esse.
271 398 337 437 Eo
355 412 449 437 vero
461 398 587 452 spatio
600 427 611 443 ‚
630 397 739 451 quod
750 406 806 435 est
821 398 923 435 inter
942 397 1025 434 eius
1043 398 1269 448 inferiorem
1299 406 1337 435 et
1353 398 1589 451 superiorem

153 467 283 504 oram,
296 453 455 492 numuli
476 462 515 492 et
545 453 822 503 imagunculae
841 459 879 489 et
896 452 1039 501 frusta
1061 453 1158 490 vitri
1191 452 1343 490 diversi
1372 452 1514 490 coloris
1551 461 1591 490 ec

150 508 350 562 quidquid
378 509 487 555 nicet,
518 508 703 562 quamvis
719 507 813 553 vile,
842 520 920 560 pro
941 515 1169 545 ornamento
1197 507 1402 561 dependet.
1427 506 1587 544 Huius-

154 563 266 602 modi
292 563 423 615 galeri
455 577 545 601 cum
570 562 629 600 ad
656 563 929 615 proceritatem
955 561 1154 599 adiuvmzt
1171 592 1182 608 ‚
1211 571 1294 600 tum
1322 562 1380 600 acl
1408 563 1586 614 gravita-

153 626 231 657 tem
250 647 264 668 ‚
290 618 477 672 quamvis
507 618 589 656 levi
613 617 819 654 lactatione
850 616 908 654 ad
929 629 1065 654 casum
1098 617 1235 656 faciles
1267 625 1305 655 et
1326 618 1478 671 parati.
1518 616 1588 655 Ita

154 686 247 725 ergo
277 687 318 710 se
341 672 517 724 irfirunt
530 701 543 720 ,
578 680 622 709 ut
658 671 1008 721 Clytaemnestram
1036 671 1218 726 aliquam
1245 681 1316 709 aut
1342 671 1549 709 Hecubam
1569 701 1582 720 ‚

151 727 223 765 sed
243 727 365 766 Troia
376 726 565 781 fhrente,
596 727 639 764 in
655 740 811 764 scenam
830 726 996 780 prodire
1019 735 1146 780 putes,
1208 726 1462 778 Acceperunt
1490 725 1585 764 Bul-

153 783 238 835 gari
273 782 422 834 pariter
460 789 580 835 atque
607 781 764 819 Turcae
791 795 815 819 a
844 781 1018 824 Graecis.
1074 781 1178 820 Nam
1207 782 1326 820 etiam
1354 781 1497 819 Turcis
1526 780 1585 819 fa-

154 835 308 876 miliare
335 850 420 875 esse
445 836 523 876 hoc
551 835 673 888 galeri
693 850 816 889 genus
834 843 997 889 apparet
1013 850 1059 874 ex
1084 837 1252 888 imagine
1274 835 1440 889 Seraglii
1454 835 1584 873 CPta-

151 891 196 930 ni
221 890 329 944 apud
357 891 534 930 Bandur.
565 906 606 944 p.
639 890 754 930 1016.
813 891 872 930 Ut
901 905 995 930 vero
1023 890 1066 929 hi
1092 905 1116 930 a
1145 893 1307 930 Graecis
1326 920 1339 940 ,
1368 893 1424 930 sic
1443 891 1586 930 Gracci

154 960 179 984 a
206 946 395 985 Romanis
424 953 671 1000 acceperant.
729 945 874 996 Qualia
903 947 1008 984 enim
1050 948 1256 999 tympania
1285 946 1488 985 modiosve
1516 953 1586 984 aut

153 1000 307 1054 galeros
334 1001 477 1040 Graeci
504 1008 574 1040 aut
600 1002 774 1040 Graecae
800 1001 924 1040 serico
952 1000 1090 1040 aliisve
1118 1001 1330 1040 subtilibus
1350 1001 1493 1054 pannis
1521 1002 1587 1039 in-

154 1056 274 1096 dutos
305 1057 432 1109 capite
459 1057 674 1110 gerebant,
716 1055 813 1095 tales
858 1057 1062 1095 Romanae
1100 1056 1194 1095 olim
1236 1057 1413 1095 crinibus
1459 1056 1584 1095 factos

154 1111 361 1164 gestabant
378 1140 391 1161 ‚
420 1118 466 1150 ut
492 1126 538 1151 ex
566 1110 635 1150 illo
662 1118 758 1150 noto
785 1111 1024 1150 Tertulliani
1052 1110 1139 1150 loco
1170 1112 1220 1150 de
1247 1113 1350 1150 cultu
1375 1113 1584 1164 foemina-

152 1180 242 1205 rum
285 1173 440 1205 constat
460 1181 472 1205 :
509 1165 671 1219 affigitis
710 1175 915 1221 pmeteoea
936 1168 1063 1205 nescio
1103 1181 1199 1221 quas
1246 1169 1492 1206 enormitates
1522 1181 1586 1205 su-

153 1221 280 1260 tilium
313 1230 428 1276 atque
453 1223 648 1260 textilium
676 1222 1038 1276 capillamentorum
1066 1236 1167 1260 nunc
1194 1223 1235 1260 in
1258 1223 1388 1275 galeri
1412 1222 1583 1269 modum,

154 1277 269 1329 quasi
288 1278 478 1328 vaginam
500 1278 639 1331 capitis
652 1286 689 1315 et
715 1277 937 1329 operculum
964 1278 1119 1314 verticis
1133 1307 1143 1323 ‚
1184 1292 1286 1316 nunc
1322 1279 1364 1317 in
1393 1278 1585 1315 cer-vicem

153 1339 257 1369 retro
295 1340 521 1383 suggestum.
581 1331 663 1370 Vos
697 1332 819 1384 plane
864 1331 1033 1370 adimitis
1077 1331 1135 1370 ad
1173 1333 1331 1385 pondus
1372 1331 1586 1382 collyridas

154 1385 346 1438 qzuzsdam
391 1394 580 1424 scutorum
618 1387 819 1424 umbilicos
858 1387 1069 1424 cervicibus
1114 1387 1364 1425 adstruendo.
1420 1385 1587 1424 Gale-ros

156 1439 404 1479 Tertulliano
436 1440 561 1479 dictos
580 1470 591 1490 ‚
636 1441 800 1493 vaginas
838 1442 1038 1492 capitum,
1084 1455 1166 1478 non
1204 1441 1380 1479 crinibus
1424 1441 1586 1493 quidem

156 1502 395 1542 exstructos,
426 1502 469 1533 at
501 1494 613 1547 pileis
652 1495 693 1533 in
724 1502 886 1534 acutum
914 1509 1063 1534 conum
1093 1496 1331 1534 abeuntibus
1359 1502 1398 1533 et
1426 1494 1583 1533 subtili-

155 1549 233 1588 bus
261 1549 349 1588 telis
377 1550 537 1589 indutos
565 1550 770 1602 gestabant
796 1550 993 1588 foeminae
1032 1552 1197 1588 Latinae
1231 1551 1296 1589 vel
1323 1549 1584 1589 occidentales

155 1605 288 1643 medio
316 1619 416 1644 aevo
437 1635 448 1655 ‚
480 1612 525 1643 ut
565 1605 700 1644 videre
729 1612 787 1643 est
814 1607 854 1643 in
883 1605 1054 1657 imagine
1082 1604 1232 1643 Valerii
1263 1607 1426 1644 Maximi
1455 1606 1489 1643 F
1492 1619 1587 1643 ran-

155 1660 239 1698 eice
265 1661 371 1699 versi
412 1661 454 1698 in
484 1659 725 1699 membranis
754 1660 1040 1712 Lipsiensibus.
1091 1660 1338 1713 Collyrides,
1367 1674 1466 1712 quas
1482 1661 1585 1698 Ter-

157 1714 352 1754 tullianus
384 1715 572 1768 appellat,
605 1722 718 1754 erant
745 1722 851 1754 texta
879 1717 1051 1754 crinium
1081 1714 1321 1754 orbicularia
1345 1715 1464 1768 plana
1493 1729 1585 1754 cum

158 1776 335 1809 exstante
361 1777 480 1808 acuto
508 1784 610 1809 cono
629 1801 639 1818 ‚
671 1769 782 1809 velut
812 1772 911 1809 scuti
940 1769 1146 1809 umbilico.
1204 1771 1315 1820 Has,
1347 1771 1416 1809 sed
1444 1771 1587 1823 pannis

157 1824 283 1864 saetas
298 1854 310 1873 ‚
330 1825 489 1877 saeculo
506 1826 620 1865 XVI.
644 1825 827 1864 foeminis
847 1827 887 1864 in
907 1840 982 1864 usu
1002 1825 1121 1864 fuisse
1135 1855 1146 1874 ‚
1173 1832 1343 1865 testatur
1357 1825 1445 1865 loco
1464 1825 1584 1878 paulo

159 1885 251 1917 ante
279 1880 399 1918 citato
424 1881 667 1930 Busbekius‚
695 1887 735 1919 et
761 1887 958 1920 testantur
984 1894 1144 1934 quoque
1171 1881 1349 1920 vetustae
1375 1882 1584 1932 imagines,

158 1933 287 1984 qualis
323 1934 404 1974 fere
448 1943 506 1974 est
545 1935 612 1974 illa
640 1937 793 1974 Mariae
822 1936 1099 1987 Burgundicae
1137 1936 1244 1988 apud
1269 1936 1513 1975 Scriverium
1543 1937 1586 1973 in

157 1989 261 2027 Vitis
290 1989 490 2028 Comitum
520 1990 757 2030 Hollandiae
785 1991 834 2032 T.
854 1992 910 2029 11.
933 2006 975 2044 p.
996 1990 1094 2042 441.
1124 1991 1242 2030 Tales
1268 1991 1477 2044 collyrides
1494 2004 1587 2027 um-

157 2042 326 2082 bonatas
355 2044 518 2084 auribus
544 2047 742 2100 appositas
770 2046 919 2084 ibidem
958 2047 1095 2085 videre
1124 2053 1182 2085 est
1210 2061 1251 2099 p.
1291 2047 1386 2100 519.
1414 2047 1455 2083 in
1485 2046 1587 2083 ima-

158 2100 249 2151 gine
277 2098 444 2138 infelicis
472 2099 577 2139 illius
606 2101 774 2140 Iacobae
807 2101 1053 2140 Comitissae.
1089 2096 1293 2151 Κύμβους
1320 2102 1419 2147 hos,
1450 2107 1585 2138 tumo-

158 2167 223 2192 res
249 2154 386 2192 inanes
400 2182 412 2203 ‚
437 2155 617 2209 lin‘pipia
631 2186 643 2205 ,
678 2156 719 2194 id
758 2163 817 2194 est
857 2157 958 2194 leere
992 2156 1140 2210 Pipen‚
1183 2155 1290 2195 dolia
1330 2162 1399 2194 aut
1427 2154 1584 2193 canales

158 2210 296 2247 inanes
325 2207 579 2261 appellabant
606 2211 737 2249 medio
765 2225 894 2261 aevo;
942 2211 1026 2249 vid.
1058 2212 1125 2249 Du
1156 2211 1289 2264 Cange
1317 2225 1358 2250 v.
1390 2210 1586 2263 Liripipi-

157 2277 237 2301 um.
296 2262 358 2302 De
377 2265 653 2317 κεκρυφάλοις
678 2275 861 2304 veterum
891 2274 990 2304 esset
1017 2267 1180 2318 quidem
1210 2265 1274 2304 hic
1304 2265 1445 2318 agendi
1463 2263 1584 2304 locus.

159 2318 239 2356 Sed
270 2319 438 2357 nimium
462 2332 508 2356 ea
535 2333 599 2358 res
628 2334 700 2358 nos
729 2334 752 2358 a
779 2323 981 2372 proposito
1009 2321 1235 2360 abduceret.
1293 2319 1584 2371 Propolomatis

158 2373 281 2425 igitur
308 2374 438 2426 imago
466 2376 708 2425 conspicitur
736 2388 897 2427 quoque
920 2377 960 2412 in
989 2375 1148 2413 tabulae
1169 2375 1281 2412 XLI.
1301 2375 1368 2426 fig.
1389 2388 1426 2416 2.
1444 2374 1579 2412 T.111.

161 2426 262 2466 Ant.
290 2428 445 2480 Explic.
464 2429 753 2467 Montfauconii
773 2458 783 2478 ‚
813 2429 885 2467 ubi
914 2438 942 2466 e'
963 2431 1111 2481 Begero
1141 2429 1222 2467 duo
1250 2432 1378 2481 capita
1407 2428 1583 2467 reddun-

159 2488 228 2520 tur
248 2511 260 2530 ‚
289 2485 365 2521 viri
392 2490 431 2522 et
458 2483 667 2522 foeminae.
724 2483 901 2521 Credidit
929 2485 1100 2535 Begcrus
1119 2514 1129 2523 ,
1187 2490 1231 2520 ut
1277 2492 1369 2522 sunt
1397 2484 1583 2535 antiqua-

161 2537 209 2574 rii
236 2536 368 2576 faciles
396 2538 446 2576 ad
474 2539 608 2577 omnia
637 2537 709 2576 sibi
739 2537 1082 2590 persuadendum,
1114 2552 1158 2575 ea
1187 2540 1315 2590 capita
1333 2540 1450 2585 Batti,
1480 2540 1583 2590 regis

165 2589 426 2642 Cyrenarum,
443 2601 483 2632 et
500 2593 750 2632 Pheretimae
778 2593 907 2630 uxoris
934 2606 1030 2630 esse.
1086 2592 1163 2631 Sed
1180 2599 1273 2630 sunt
1291 2593 1430 2646 procul
1458 2593 1582 2631 dubio

165 2647 293 2696 capita
325 2661 425 2699 regis
452 2648 620 2687 alicuius
655 2647 947 2700 Longobardici
976 2654 1046 2684 aut
1085 2647 1304 2700 Hungarici
1332 2655 1373 2687 et
1398 2647 1487 2687 talis
1516 2662 1581 2686 re-

164 2701 278 2751 ginae
294 2731 305 2749 ,
351 2709 420 2741 aut
445 2703 615 2756 denique
645 2703 896 2755 Imperatoris
924 2709 964 2741 et
996 2702 1260 2754 Imperatricis
1288 2703 1582 2743 Germanorum
