1884 3132
281 130 389 184 562
576 145 649 186 10.
686 143 790 185 1Ac.
832 145 1028 185 RsslsKu
1068 142 1447 188 COMMENTARu

280 266 369 291 cere
407 251 448 288 in
476 250 667 302 suspectis
710 257 750 288 et
777 249 847 288 ubi
890 263 972 289 non
1002 249 1127 303 liq-uet
1149 280 1160 301 ,
1188 253 1301 290 iuvat
1323 251 1363 289 in
1403 247 1576 292 transitu
1594 267 1734 293 mone-

279 323 350 357 re,
374 320 420 345 eo
448 305 562 356 loco,
595 320 715 358 quem
753 320 774 343 e
797 306 961 358 Synodo
982 306 1243 345 Nemausensi
1268 307 1422 358 citavit,
1451 321 1590 346 vocem
1618 310 1735 349 horo-

280 364 387 415 logia
417 361 639 414 significare
666 361 821 399 fructus
850 361 1040 411 horaeos,
1070 357 1121 400 τὰ
1152 359 1196 400 ἐν
1223 366 1316 407 ταῖς
1343 357 1476 413 ὥραις
1504 358 1732 414 λεγόμενα,

279 418 446 458 collecta
475 419 517 455 in
546 424 707 455 aestate.
763 417 896 456 Possit
932 431 1094 470 quoque
1117 418 1348 471 oporologia
1377 417 1434 456 ibi
1462 419 1620 471 reponi.

402 474 458 511 D.
481 475 515 513 5.
549 471 668 526 [472‚
691 471 750 525 8.]
781 470 1020 522 ὀρθομίλια.
1077 472 1187 522 Quid
1216 473 1377 511 credam
1407 487 1508 525 esse,
1530 488 1552 512 e
1581 474 1736 514 Latinis

278 529 378 568 meis
407 536 588 581 apparet.
647 528 772 566 Forte
797 529 852 566 sic
876 526 1074 580 appellata
1105 527 1268 566 suerunt
1297 542 1343 566 ea
1373 543 1494 576 vasa,
1523 529 1634 582 quod
1657 531 1735 568 mi-

277 585 377 623 liare
393 615 403 631 ‚
434 584 664 623 columnam
687 583 883 622 miliarem
899 613 908 629 ,
944 585 986 621 in
1019 597 1165 621 conum
1190 591 1439 636 praesectum
1462 584 1734 636 desinentem,

279 640 492 678 referrent.
562 638 756 677 Solebant
802 646 937 677 autem
971 637 1070 676 olim
1098 637 1251 677 cibaria
1293 647 1481 692 cooperta
1510 639 1734 680 introferri.

279 694 556 734 Cereinoniale
596 695 842 733 Davantriae
885 694 995 747 apud
1043 694 1123 732 Ios.
1172 694 1440 733 Catalannum
1481 695 1533 734 ad
1573 696 1733 735 Cerem-

279 752 397 790 Rom.
425 750 535 791 Eccl.
562 765 602 802 p.
630 748 740 789 150.:
767 750 1029 805 portabuntur·
1054 749 1158 788 dicto
1191 751 1279 802 regi
1300 751 1451 790 cibaria
1483 752 1618 790 omnia
1640 765 1733 791 coo-

272 817 392 862 perta
421 830 473 835 ——
495 807 579 858 regi
604 807 798 844 servietur
827 806 877 844 de
906 805 1099 859 speciebus
1124 804 1298 859 [dulcio]
1327 820 1416 845 cum
1431 806 1615 859 dragerio
1643 821 1734 846 coo-

272 872 402 917 perto.
435 861 604 901 Posscnt
631 875 792 914 quoque
821 858 871 900 τὰ
893 858 1120 913 ὀρθομίλια
1143 859 1209 899 illa
1233 860 1331 900 olim
1354 861 1410 900 sic
1427 861 1535 900 dicta
1555 863 1736 902 miliaria

279 932 363 956 esse
391 917 536 966 videri,
563 931 665 969 quae
685 931 781 956 vasa
797 922 911 955 erant
936 914 1135 954 metallica
1158 946 1167 961 ‚
1201 931 1327 969 aquae
1358 916 1647 956 calefaciendae
1678 919 1736 957 sic

279 974 399 1023 sacta,
418 980 464 1011 ut
478 975 518 1010 in
535 973 680 1010 tubum
701 973 886 1011 conicum
902 971 1058 1009 abirent
1081 999 1092 1020 ,
1109 970 1325 1010 habentem
1342 974 1383 1010 in
1401 972 1533 1011 medio
1552 973 1614 1011 sui
1633 974 1737 1013 cavi-

279 1036 422 1079 tatem,
439 1029 479 1066 in
496 1042 577 1080 qua
598 1028 791 1066 carbones
808 1029 890 1066 vivi
906 1025 1222 1078 reponebantur3
1236 1026 1373 1080 quales
1385 1027 1518 1066 adhuc
1529 1027 1649 1067 hodie
1669 1028 1736 1068 ha-

280 1085 422 1122 bemus
450 1098 524 1136 pro
552 1097 657 1135 aqua
684 1083 801 1122 theae
835 1081 1101 1121 calefacienda
1129 1089 1199 1120 aut
1228 1084 1270 1120 in
1295 1081 1428 1121 calore
1447 1083 1738 1124 conservanda.

279 1140 343 1178 De
366 1138 445 1177 illis
471 1138 695 1177 miliaribus
719 1138 799 1177 vid.
842 1137 1075 1176 Athenaeus
1089 1137 1161 1175 ΙΙΙ.
1191 1151 1275 1188 2o.,
1305 1137 1377 1177 ubi
1407 1138 1512 1178 ridet
1534 1139 1736 1179 Graecum

278 1195 566 1247 philosophum
582 1225 593 1243 ,
626 1195 694 1246 qui
718 1194 905 1232 Latinam
937 1207 1078 1231 vocem
1105 1192 1322 1232 miliarium
1343 1194 1496 1233 Graeca
1522 1208 1547 1232 a
1571 1209 1613 1233 se
1638 1208 1738 1233 con-

281 1251 372 1289 {ieta
397 1249 613 1302 ἰπνολέβης
633 1249 921 1304 appellaverat,
953 1249 1242 1300 compositione
1275 1263 1438 1301 prorsus
1457 1263 1539 1288 non
1565 1249 1738 1290 ridicula

280 1321 370 1344 mco
398 1305 545 1343 iudicio
565 1335 576 1355 ,
607 1305 678 1343 sed
715 1305 933 1357 aptissima.
994 1303 1098 1341 Nam
1125 1310 1185 1341 est
1220 1301 1370 1356 λέβης,
1399 1304 1469 1343 sed
1503 1304 1555 1343 ab
1578 1306 1660 1344 imo
1682 1305 1736 1344 ad

280 1375 483 1400 summum
515 1375 660 1406 cavus,
706 1361 759 1398 ita
788 1367 833 1398 ut
855 1359 980 1401 tubus
1007 1372 1129 1397 cavus
1159 1360 1363 1398 caminum
1396 1359 1564 1411 referat,
1597 1367 1638 1399 et
1664 1374 1737 1399 va-

279 1431 356 1470 por
383 1417 604 1455 carbonum
640 1415 749 1454 haud
774 1430 887 1454 secus
918 1422 1039 1467 atque
1063 1428 1135 1467 per
1152 1416 1356 1453 caminum
1378 1422 1503 1458 exeat.
1559 1415 1737 1455 Miliaria

279 1480 415 1511 autem
454 1471 695 1510 dicebantur
731 1470 830 1510 tales
860 1470 1034 1518 lebetes,
1068 1469 1176 1523 quod
1218 1470 1348 1508 forma
1379 1469 1565 1520 miliare,
1595 1485 1738 1523 passu-

279 1543 348 1566 um
376 1530 416 1566 in
442 1529 518 1566 viis
564 1527 764 1576 indicem,
803 1526 1020 1574 referrent,
1049 1525 1092 1563 id
1131 1532 1191 1564 est
1238 1525 1467 1579 cylindrum
1513 1526 1739 1580 perfectum

282 1591 354 1622 aut
382 1597 543 1621 conum.
600 1582 718 1620 Conf.
749 1581 966 1635 Antholog.
999 1594 1039 1633 p.
1065 1580 1155 1619 161.
1185 1581 1275 1619 init.

366 1640 461 1692 275.
496 1639 542 1678 B.
568 1638 608 1676 5.
643 1637 758 1692 [4722
792 1637 855 1691 5.]
895 1637 938 1684 ἐξ
979 1634 1135 1688 ἀγορᾶς
1173 1628 1254 1673 ‹an
1296 1634 1375 1674 τοῦ
1413 1631 1566 1688 φόρου.
1642 1635 1737 1676 Non

279 1694 386 1732 idem
416 1701 511 1733 sunt
538 1691 561 1745 ἦ
594 1690 726 1745 α’γορὰ
753 1701 791 1732 et
821 1688 868 1731 τὸ
901 1687 1057 1745 φόρον,
1091 1691 1274 1744 quamvis
1298 1691 1526 1731 videantur.
1571 1687 1656 1744 Τὴν
1684 1690 1736 1730 α’-

278 1746 411 1801 γοράν
433 1750 584 1802 accipio
606 1748 672 1786 hic
705 1763 778 1801 pro
808 1746 832 1800 ἦ
865 1742 1098 1799 ἆγόρασις,
1123 1747 1255 1800 panni
1285 1761 1341 1784 ex
1382 1748 1546 1786 emtione
1589 1762 1612 1785 e
1630 1747 1735 1799 Jbro

281 1813 376 1843 sunt
403 1807 525 1858 panni
547 1819 619 1857 per
649 1806 866 1843 emtionem
898 1817 920 1841 e
959 1802 1046 1840 foro
1091 1802 1312 1854 comparati
1337 1830 1350 1851 ,
1380 1816 1463 1840 non
1491 1816 1514 1841 e
1544 1800 1653 1855 regia
1675 1802 1737 1841 fa-

280 1860 395 1899 brica
428 1861 642 1913 depromti.
686 1857 836 1911 Ἀγορὰ
864 1866 923 1897 est
959 1864 1070 1895 actus
1105 1856 1288 1908 emendi,
1331 1864 1371 1896 et
1397 1853 1442 1897 τὰ
1474 1852 1603 1911 φόρον
1623 1857 1737 1897 locus

282 1915 382 1954 CPli
402 1946 414 1965 ,
450 1917 520 1954 ubi
550 1916 671 1969 panni
709 1913 870 1953 venales
898 1913 1147 1966 prostabant.

391 1972 436 2009 B.
456 1972 498 2010 5.
519 1970 630 2025 [472
651 1969 714 2023 6.]
745 1965 933 2007 ὃεκὰλια.
964 1967 1199 2021 Cogitabam
1222 1967 1456 2021 aliquando,
1482 1981 1615 2006 annon
1635 1966 1737 2007 haec

280 2028 452 2064 vestium
483 2027 662 2072 nomina,
693 2022 1019 2075 decalia,octalia
1047 2030 1123 2061 etc.
1151 2023 1201 2061 ad
1223 2023 1382 2076 pondus
1402 2024 1489 2061 auri
1514 2024 1736 2062 intextire-

280 2083 476 2134 spicerent
498 2113 508 2129 ,
547 2089 593 2120 ut
630 2080 783 2119 decalia
822 2086 974 2126 essent,
1007 2092 1109 2131 quae
1140 2078 1336 2117 haberent
1376 2079 1464 2116 auri
1498 2078 1634 2116 intexti
1664 2077 1736 2116 de-

281 2152 367 2175 cem
391 2138 551 2184 uncias,
595 2143 634 2174 et
665 2136 720 2174 sic
760 2149 894 2188 porro.
951 2134 1055 2172 Sane
1082 2134 1342 2172 Casaubonus
1369 2134 1421 2172 ad
1449 2133 1595 2186 Script.
1625 2133 1732 2171 Hist.

281 2192 392 2246 Aug.
433 2194 483 2231 T.
516 2193 571 2230 ΙΙ.
602 2206 644 2244 p.
674 2191 767 2245 407.
805 2191 1014 2236 observat,
1044 2189 1204 2241 pondus
1247 2191 1363 2236 auri,
1406 2188 1515 2242 quod
1558 2187 1736 2228 vestibus

280 2248 411 2286 inerat
427 2277 439 2298 ,
471 2263 493 2286 a
517 2246 721 2287 veteribus
749 2247 880 2284 notari
927 2246 1204 2294 consuevisse,
1230 2252 1276 2283 ut
1303 2245 1481 2283 dicerent
1502 2258 1539 2283 e.
1577 2257 1614 2282 c.
1644 2242 1735 2281 sub-

278 2305 403 2341 serica
435 2304 528 2342 alba
555 2302 811 2357 paragaudia
833 2302 972 2339 tri1moe
989 2330 999 2347 ‚
1033 2321 1087 2330 -—
1116 2300 1266 2338 bilibris
1279 2329 1290 2347 ‚
1322 2314 1480 2339 sextum:
1509 2306 1603 2345 ete„
1630 2304 1670 2336 et
1688 2304 1736 2335 ut

280 2372 319 2409 p.
341 2360 435 2412 773.
457 2374 467 2398 :
502 2360 636 2397 tunica
659 2357 920 2396 azcroclavata
944 2355 1137 2394 subserica
1161 2356 1326 2393 bilibris.
1387 2354 1466 2393 Sed
1493 2367 1619 2406 quum
1645 2353 1738 2391 auri

281 2413 348 2451 hic
381 2413 458 2452 loci
490 2413 602 2452 nulla
629 2413 698 2451 fiat
731 2413 906 2462 mentio,
949 2412 1094 2450 rectius
1122 2418 1223 2464 puto
1248 2411 1399 2457 statui,
1434 2407 1584 2448 decalia
1615 2407 1738 2446 fuisse

281 2468 380 2506 telas
419 2469 557 2508 decem
600 2467 816 2517 ulnarum,
859 2481 881 2505 e
922 2465 1070 2519 quihus
1114 2467 1300 2519 deinceps
1338 2463 1568 2503 formandae
1606 2469 1738 2502 vestes

282 2531 438 2574 essent,
469 2532 508 2563 et
544 2525 599 2564 sie
632 2537 754 2576 porro
787 2522 951 2561 nonalia
972 2529 1047 2560 etc.
1109 2522 1226 2560 Certe
1259 2520 1365 2573 apud
1398 2518 1601 2557 Ammian.
1625 2519 1736 2557 Mar·

284 2576 374 2614 cell.
407 2594 445 2630 p.
468 2578 559 2619 205.
594 2579 878 2631 interpretatur
915 2576 1098 2615 Valesius
1143 2574 1496 2632 quinquagenarias
1551 2574 1736 2612 materias

282 2645 354 2683 per
395 2634 529 2673 trabes
571 2635 862 2687 quinquaginta
906 2631 1114 2671 ulnarum.
1178 2630 1358 2683 Apparet
1400 2629 1516 2678 hinc,
1556 2628 1654 2681 quid
1682 2629 1735 2667 sit

278 2687 450 2740 pallium
486 2691 818 2727 triacontasimum
856 2690 897 2726 in
919 2687 1119 2730 Chronico
1154 2684 1379 2724 Cassinensi
1405 2683 1477 2726 IV.
1505 2697 1566 2737 ¹7·
1583 2714 1593 2731 ,
1625 2682 1737 2736 quod

284 2741 432 2779 dicitur
461 2742 625 2782 Alexius
652 2745 881 2782 Comnenus
911 2744 1008 2795 Imp.
1030 2755 1104 2794 pro
1138 2739 1254 2779 altari
1294 2737 1481 2779 ecclesiae
1514 2739 1626 2779 istius
1641 2752 1732 2778 coe-
