1884 3132
194 150 268 193 An
306 149 604 193 consum.
634 147 830 190 ponpa.
868 147 939 187 DE
975 146 1156 188 cunm
1171 139 1174 143 “
1199 148 1299 189 Lm.
1343 148 1395 187 11.
1440 127 1551 202 7¹3

120 252 351 304 Mamysch,
381 252 580 306 plumatus
596 264 707 296 esse,
738 248 779 288 id
795 255 854 287 est
883 261 982 286 auro
1010 255 1048 287 et
1065 262 1184 301 opeie
1209 247 1380 301 phrygio
1401 248 1548 300 pictus.

127 308 251 347 orale
279 307 384 346 idem
411 312 469 345 est
495 313 613 358 atque
639 300 855 354 ἐπεύχιον,
903 310 1028 355 tapes.
1086 303 1164 341 Sed
1191 303 1310 342 redeo
1348 302 1400 340 ad
1430 302 1550 356 chag-

119 362 257 413 dium,
300 361 412 400 cuius
437 361 584 400 mentio
611 372 770 414 quoque
802 358 883 396 fit
873 372 914 396 ιιι
942 356 1108 410 epistola
1136 357 1268 396 Basilii
1296 357 1452 396 Maced.
1495 357 1549 397 ad

124 392 325 456 Hadrian.
356 417 406 455 11.
424 416 508 455 ΡΡ.
537 415 616 453 fine
653 421 816 452 octavae
855 413 1022 475 synodi.
1070 414 1349 451 transmisimus
1390 411 1549 451 Sancti-

122 474 198 510 tati
239 480 390 511 vestr-ae
430 470 654 509 vestaetnenta
692 468 855 521 (Ita-epra
896 468 976 505 tria
992 496 1004 516 ‚
1045 469 1288 521 esophorium
1325 467 1550 506 dte-itrinum

119 527 374 565 cancellatum
402 538 520 564 unum
537 554 547 571 ‚
583 523 787 576 clzagdium
824 522 1005 560 oroheum
1043 536 1162 560 unum
1178 551 1189 572 ‚
1227 522 1403 560 cazzulin
1440 522 1550 561 diro·

121 581 272 620 dinum.
343 580 465 619 Forte
503 579 684 619 orobeum
724 584 783 616 est
821 576 971 615 habens
1011 575 1186 616 colorem
1221 576 1439 616 oroborum
1480 584 1553 616 aut

123 636 314 675 cicerum.

194 691 294 729 De
331 702 429 728 voce
471 686 671 740 βηλαρίου
711 686 877 735 dubito,
907 686 1008 725 sitne
1035 701 1182 726 nomen
1219 686 1448 740 proprium,
1497 701 1552 726 an

124 745 435 798 appellativum,
466 743 649 795 idemque
677 756 768 780 cum
794 742 933 781 villoso
962 749 1000 780 et
1027 757 1051 782 a
1077 743 1202 788 v1'‚llo
1234 756 1315 780 non
1333 756 1356 781 a
1372 743 1459 780 velo
1488 742 1552 781 de-

123 799 305 840 rivanda.
358 799 462 837 Sane
484 797 659 848 χασὸιόν
689 797 874 835 villosum
901 804 960 835 est
988 799 1156 836 sericum
1193 811 1262 836 seu
1300 804 1549 847 exametom,

125 861 165 894 et
203 855 243 893 in
274 853 439 906 epistola
473 852 604 891 Basilii
634 852 862 891 Macedonis
890 851 1008 890 modo
1039 852 1199 890 laudata
1228 853 1394 891 Latinus
1428 854 1554 891 inter-

124 923 214 963 pres
249 910 398 948 vi'larm
431 921 634 962 prastaam
683 906 858 945 reddidit
895 921 966 959 per
1005 907 1127 945 vellus
1162 921 1397 960 prastaam,
1441 907 1551 946 unde

121 965 215 1004 vela
249 964 487 1003 Francicum
527 970 565 1001 et
600 962 779 1012 velozers‚
816 963 929 1014 quasi
955 961 1062 1000 dicas
1091 963 1218 1000 vellus
1245 969 1284 1000 et
1310 962 1519 1001 vellemsus
1536 992 1549 1010 ‚

122 1021 247 1061 venit.
303 1018 359 1057 At
396 1032 486 1057 cum
523 1016 656 1056 locum
693 1017 798 1055 hunc
836 1018 976 1055 Latine
1014 1023 1236 1064 verterem,
1276 1031 1385 1054 eram
1428 1018 1470 1055 in
1506 1031 1555 1055 ea

123 1074 338 1127 opinione,
367 1086 544 1126 pannum
583 1072 751 1110 sericum
780 1071 989 1124 significari
1027 1071 1077 1111 de
1114 1072 1216 1110 uibe
1250 1071 1386 1110 Indica
1412 1071 1560 1110 ΒεΙαιί

126 1136 196 1168 aut
222 1129 387 1176 Balort’,
418 1135 463 1166 ut
489 1127 554 1166 alii
582 1126 763 1176 efferunt,
793 1126 968 1176 dictum,
1006 1129 1088 1165 sive
1115 1125 1222 1180 quod
1252 1128 1421 1165 seticum
1458 1126 1552 1165 inde

127 1183 360 1231 afferretur,
390 1185 473 1222 sive
500 1181 608 1235 quod
644 1183 726 1234 ipse
754 1195 908 1233 pannus
944 1181 999 1219 ibi
1028 1182 1153 1220 fier.et
1211 1182 1340 1220 Nemo
1367 1182 1551 1228 miretur,

125 1251 191 1277 me
231 1245 294 1277 tot
335 1238 504 1277 vestium
549 1243 617 1275 aut
656 1250 879 1288 pannorum
922 1238 1084 1275 nomina
1123 1251 1168 1275 ex
1210 1238 1366 1275 oriente
1407 1244 1552 1289 peteime

126 1293 264 1343 Quum
292 1293 593 1346 pretiosissimae
619 1305 797 1343 quaeque
829 1291 930 1329 telae
969 1291 1082 1330 nullo
1118 1305 1199 1329 non
1223 1298 1402 1343 tempme
1442 1291 1553 1329 illinc

126 1349 272 1411 petitae
300 1354 339 1386 et
374 1347 426 1386 ad
462 1361 534 1385 nos
575 1345 788 1384 translatae
830 1346 1000 1393 fuerint,
1050 1346 1163 1385 facile
1201 1353 1342 1398 potuei
1346 1353 1416 1384 unt
1457 1360 1552 1384 cum

126 1403 222 1455 ipsis
251 1401 338 1441 telis
377 1402 538 1440 nomina
564 1415 699 1438 earum
725 1415 884 1452 quoque
912 1376 1119 1438 orientalia
1143 1403 1184 1439 in
1213 1399 1371 1453 linguas
1397 1408 1435 1438 et
1462 1415 1557 1439 oras

127 1464 282 1496 nostras
310 1457 565 1509 immigrasse.
623 1454 749 1494 Paulo
791 1462 881 1508 post
907 1454 1141 1494 habebimus
1169 1469 1308 1494 vocem
1329 1456 1557 1507 ΙΠουλχου·

126 1509 215 1562 μὰτ
254 1511 450 1550 Arabicae
486 1509 595 1549 haud
635 1509 754 1549 dubie
794 1511 970 1562 originis.
1028 1511 1157 1563 Supra
1194 1509 1438 1548 habebamus
1476 1509 1555 1549 Δι-

127 1566 243 1606 vlam
270 1566 320 1605 de
347 1567 475 1616 Tinis,
503 1566 671 1629 Aegypti
701 1565 814 1612 iube,
845 1565 964 1603 dicta.
1020 1565 1243 1603 Occurrent
1270 1565 1454 1617 deinceps
1481 1566 1560 1602 λω·

128 1617 240 1672 ρωτιὶ
267 1616 555 1673 Σαρακηνικὰ,
586 1620 692 1658 unde
722 1627 844 1673 patet,
874 1634 965 1658 eum
994 1633 1168 1672 pannum
1196 1634 1220 1658 a
1250 1619 1455 1658 Saracenis
1484 1633 1559 1671 pe-

127 1676 247 1714 titum
270 1675 399 1715 fuisse.
454 1676 719 1714 Mereaturam
747 1676 963 1714 exercuisse
990 1674 1294 1714 Constantinum
1322 1674 1559 1728 Porphyro-

129 1737 343 1783 gennetum
370 1731 411 1769 in
440 1730 632 1769 Aiabiam
660 1730 811 1768 felicem
839 1737 878 1768 et
908 1730 1090 1780 Indiam,
1131 1737 1238 1782 patet
1265 1744 1309 1767 ex
1339 1743 1413 1780 eo,
1444 1729 1555 1793 quod

128 1785 284 1837 infrap.
301 1786 395 1839 399.
409 1785 457 1824 C.
471 1788 644 1824 occuriit
655 1785 824 1824 formula
843 1786 1106 1847 inscriptionis
1118 1783 1338 1823 litterarum
1353 1782 1493 1830 εἰς-τὸν
1513 1778 1555 1820 ὖ-

127 1840 355 1890 περιέχοντα
370 1837 613 1891 κυριεύοντα
632 1840 703 1891 τῆς
726 1834 884 1886 ΜΙνὸιας
902 1847 940 1878 et
967 1839 1026 1887 εἰς
1053 1835 1124 1878 τὸν
1140 1838 1384 1890 κυριεύοντα
1399 1839 1472 1890 τῆς
1487 1836 1558 1876 εὔ-

131 1892 326 1943 δαιμονος
348 1892 573 1947 Ἀραβίας.
632 1896 748 1934 Patet
781 1894 824 1933 id
849 1909 1007 1958 quoque
1034 1909 1079 1933 ex
1109 1895 1402 1933 continuatione
1422 1894 1557 1932 Theo-

130 1947 273 2002 phanis
293 1948 498 1987 Constant.
528 1964 565 2003 p.
586 1949 678 2000 284.
699 1950 753 1988 A.
770 1951 834 1999 B.,
863 1951 976 1988 cuius
997 1949 1128 1988 locum
1148 1949 1419 1988 illustrationis
1447 1962 1559 2001 egen-

131 2011 213 2042 tem
243 2002 323 2042 huc
351 2017 559 2056 apponam.
614 2005 760 2044 Narrat
788 2005 843 2043 ibi
872 2005 1043 2057 Aegypti
1071 2005 1278 2054 Δηὼ-ειη,
1302 2005 1390 2054 (fuit
1415 2003 1559 2056 aliquis

133 2058 184 2096 de
211 2065 326 2110 gente
344 2058 759 2110 Achschiddidarum,)
789 2060 1047 2099 Constantino
1075 2060 1288 2098 amicitiam
1312 2073 1384 2111 per
1411 2057 1562 2110 legatos

133 2120 174 2151 et
197 2111 348 2152 litteras
387 2113 589 2153 obtulisse.
661 2116 834 2154 Persidis
870 2129 1029 2167 quoque
1072 2115 1278 2163 Amir‚am
1324 2112 1486 2151 Buiidal
1488 2126 1559 2150 um

134 2167 317 2234 aliquem
332 2167 526 2233 designat,
549 2169 687 2208 foedus
715 2184 807 2208 cum
847 2169 916 2208 illo
952 2171 1102 2232 iniisse,
1131 2168 1396 2208 simultatibus
1424 2167 1560 2205 subla-
1600 2165 1601 2168 ¹

131 2224 200 2271 tis,
244 2235 313 2261 και
345 2219 367 2259 ὅ
397 2219 661 2284 αὐτοκράτωρ
693 2216 847 2273 οψιδας
873 2221 982 2286 πρὸς
1019 2219 1148 2262 αυτὸν
1176 2222 1389 2273 ἐκπέμπει,
1412 2221 1560 2267 οἵτινες

133 2273 239 2327 πρὸς
277 2272 356 2339 τήν
392 2272 616 2338 κατάξηοον
658 2278 734 2330 γῆν
773 2276 928 2341 ἐκείνην
957 2273 1195 2343 ἀφικόμενοι
1224 2276 1298 2315 τοῦ
1327 2252 1563 2314 ἀποστόλου

137 2330 273 2381 Θωμᾶ
312 2327 383 2369 τὸν
414 2325 556 2393 τάφον
582 2327 934 2383 προσκυνήσαντες
966 2330 1039 2370 καί
1067 2326 1460 2380 κατασπασάμενοι,
1489 2329 1564 2368 καί

134 2383 210 2431 τὰς
234 2380 450 2448 βασιλικὰς
478 2385 803 2432 κατασταλείσας
832 2383 1055 2435 λαμπάδας
1080 2381 1374 2434 ὑπανάψαντες
1400 2398 1468 2422 και
1488 2382 1562 2433 ἑμ-

135 2435 438 2492 πορευσάμενοι
466 2438 595 2477 λίθων
621 2439 768 2488 τιμίων
794 2454 861 2478 και
889 2439 1157 2491 μαργαριτῶν
1188 2436 1430 2492 ἐπανῄεσαν.
1487 2439 1564 2477 Ul-

136 2495 233 2533 tima
263 2509 339 2533 vox
356 2523 366 2540 ‚
406 2500 475 2532 aut
502 2493 578 2532 alia
608 2493 744 2532 similis
772 2493 1017 2532 desideratur
1046 2495 1085 2532 in
1117 2494 1290 2532 editione
1319 2493 1564 2543 Combefisii,

139 2551 209 2601 qui
236 2549 442 2587 lectionem
468 2544 545 2599 τήν
569 2544 795 2600 κατάξηρον
832 2547 908 2600 γῆν
947 2548 1092 2587 frustra
1134 2547 1334 2587 sollicitat.
1390 2548 1563 2587 Aridum

141 2612 284 2642 terram
314 2604 466 2642 Indiam
495 2616 576 2641 esse
604 2610 740 2655 sponte
771 2609 894 2654 patet.

250 2659 461 2697 Caeterum
478 2658 553 2696 iam
571 2657 778 2709 aliquoties
807 2656 1128 2709 significavimus,
1154 2671 1319 2696 munera
1342 2658 1566 2696 nummaria

145 2718 184 2751 et
197 2713 378 2752 vestiaria
403 2713 632 2766 proceribus
651 2711 764 2751 aulae
785 2712 1024 2765 Byzantinae
1037 2711 1088 2749 ab
1104 2712 1410 2765 imperatoribus
1424 2715 1465 2751 in
1490 2726 1566 2751 ma·
