1832 3126
271 161 377 233 198
535 176 609 216 ιο.
653 173 995 218 moni-„mxu
1034 170 1413 217 COMMENTARH
1448 204 1453 210 2

262 278 473 318 Euceknia.
532 276 606 317 Est
646 278 770 331 igitur
805 272 910 329 μετὰ
946 272 1023 329 τήν
1062 274 1195 316 affro&
1243 273 1363 326 τάξιν
1399 290 1485 316 cum
1528 276 1616 330 (vel
1651 277 1712 330 ἑιι)

261 335 401 374 ordine
436 332 538 388 quis(
551 348 597 372 ae
625 348 709 372 suo.
765 369 767 373 ,

319 388 387 429 55.
403 388 454 427 A.
474 403 509 428 1.
527 348 618 442 (91,
634 402 702 428 21.
760 385 966 438 δέχονται.
1021 387 1080 426 Μ.
1109 386 1182 426 καί
1213 384 1425 438 δέχονται.

373 444 421 482 Β.
447 459 487 498 7
526 444 617 498 [92,
642 458 703 482 12.
755 441 960 506 κάκεῖθεν.
1018 445 1078 481 Μ.
1108 441 1300 481 κοῖκεῖσαι
1335 441 1399 493 <id
1419 440 1716 496 estlxdaeez'ae).

377 500 425 538 Β.
445 514 509 539 11.
528 499 618 554 [92‚
644 498 730 562 i5.]
761 494 830 537 dui
861 494 905 537 τὸ
925 497 1186 551 χωρηθῆναι.
1225 499 1312 552 Quo
1326 498 1421 552 capi
1432 501 1609 552 possint,
1637 512 1723 551 quo

264 554 399 595 locum
431 557 526 594 satis
557 556 778 607 spatiosum
807 561 845 592 et
871 567 1057 606 capacem
1089 553 1264 592 habeant
1292 552 1544 604 sacerdotes,
1574 555 1647 608 qui
1665 553 1718 593 ad

267 612 435 665 Agapen
459 612 639 649 venient.
697 610 794 648 Vid.
826 624 868 673 p.
903 609 995 660 145.
1030 610 1076 647 B.
1105 622 1144 647 2.
1177 616 1216 648 et
1250 606 1340 648 150.
1372 608 1429 647 D.
1460 622 1497 648 1.

378 666 423 704 C.
456 680 490 704 1.
523 665 613 720 [9²⁹
642 664 729 719 19..]
757 665 800 713 ἐξ
840 659 1065 717 ἀριστερᾶς
1095 662 1170 702 τοῦ
1197 662 1415 715 βασιλέως.
1471 664 1656 704 Dextra
1645 665 1730 718 1gi-
1780 658 1786 664 ⁴

264 729 334 760 tur
358 729 444 760 erat
471 720 604 760 hon01
606 723 724 759 mox
785 719 903 759 Conf.
934 735 974 772 p.
1008 720 1098 773 195.
1133 719 1181 758 C.
1202 734 1243 772 7.
1279 719 1499 772 Procopius
1526 719 1591 758 ed.
1620 719 1722 758 Hoe-

244 776 390 816 *scheL
422 791 464 829 p.
501 777 589 829 173.
618 775 659 815 6.
687 778 792 815 intei
823 776 1090 814 Iustinianum
1122 782 1161 813 et
1186 774 1468 841 Theodatum,
1493 775 1725 814 Gothorum

265 833 308 871 in
334 831 447 872 Itali1
478 846 624 884 negem,
648 831 746 870 hacc
765 838 902 869 mmat
930 831 1051 869 fuisse
1073 837 1214 883 pacta:
1249 804 1519 895 εὐφημοῦντα
1539 826 1727 879 Ῥωμαί-

267 900 327 925 ων
355 883 430 926 τὸν
439 886 592 950 δῆμον
621 884 873 950 ἅναβυὴσειν
903 883 971 925 ἀεὶ
1007 885 1158 935 βασιλ’
1142 900 1187 924 α
1215 885 1402 948 πρῶτον,
1441 881 1583 925 ἔπειτα
1613 883 1727 925 Θευέ

269 938 392 981 δάϊον
421 938 465 981 ἔν
492 955 534 980 τε
572 937 770 1004 θεάτροις
802 956 869 980 και
905 937 1204 1007 ἱπποδρομίαις
1223 963 1246 971 -
1265 934 1443 979 ..εἰκόνα
1468 939 1521 993 fre
1563 939 1730 992 χαλκῆν

268 993 427 1063 μήποτε
469 991 671 1051 Θευὸάτω
714 992 830 1050 μόνω
866 992 1183 1059 καθίστασθαι,
1231 988 1340 1035 ἇλλᾶ
1379 993 1600 1047 γίγνεσθαι
1645 993 1729 1059 μὲν

271 1049 340 1090 αἐι
376 1036 661 1119 ἆιιᾳοτὲροις,
704 1035 946 1115 ‹xtq'o‘mfiac
979 1050 1024 1090 δὲ
1061 1045 1218 1101 οὕτως,
1265 1049 1310 1090 ἐν
1353 1049 1504 1098 δεξιοῖς
1533 1051 1614 1104 μὲν
1646 1046 1728 1102 τὴν

270 1106 502 1159 βασιλέως,
532 1106 603 1146 ἐπι
635 1102 798 1156 θάτερα
826 1105 871 1144 δὲ
901 1102 975 1158 τὴν
1008 1103 1242 1148 Θευὸὰτου.
1733 1122 1738 1124 >

384 1163 432 1201 C.
448 1176 487 1201 2.
502 1161 678 1226 [92,19]
700 1159 747 1200 οὔ
768 1161 912 1211 μέντοι
937 1161 998 1200 ἐπ’
1025 1159 1130 1213 ι’σης.
1175 1162 1337 1201 Nemini
1359 1160 1543 1202 licebat
1525 1177 1567 1202 m
1589 1161 1729 1202 eadem

272 1217 401 1279 lmen,
433 1224 479 1256 ut
502 1219 559 1257 ait
583 1217 879 1271 LuitpranduS,
912 1231 1005 1255 cum
1033 1218 1278 1281 Impeiatore
1297 1217 1448 1258 sedere.
1506 1218 1729 1269 Sedebant,

274 1274 330 1311 ait
354 1287 396 1326 p.
420 1264 515 1327 479.
548 1273 688 1326 Legat.
713 1273 762 1311 de
787 1274 957 1311 Romani
986 1273 1154 1311 iunioris
1181 1272 1271 1312 filiis
1303 1272 1497 1326 loquens,
1546 1274 1605 1313 ad
1633 1275 1735 1313 sini—

273 1337 320 1366 st!
322 1343 396 1366 am
416 1343 495 1367 non
522 1329 564 1366 in
595 1329 730 1366 eadem
751 1329 879 1376 lmea,
917 1328 984 1366 sed
1001 1329 1115 1381 longe
1143 1328 1323 1367 deorszmz
1349 1328 1561 1383 [insci-ius,
1594 1327 1739 1368 humi--

277 1382 394 1438 lius,]
422 1398 502 1422 ems
535 1382 771 1438 [Nicephoii
793 1382 973 1436 Phocoe]
1012 1384 1209 1440 qnondam
1230 1384 1406 1432 domini,
1436 1399 1538 1423 nunc
1558 1385 1728 1424 subiecti.

278 1438 386 1478 Hinc
430 1440 535 1477 inter
568 1453 659 1478 rala
700 1446 739 1478 et
779 1437 998 1478 laudabilia
1037 1439 1143 1478 facta
1175 1439 1336 1478 Ioannis
1367 1439 1559 1478 Comneni
1593 1440 1729 1487 refert,

276 1494 385 1547 quod
406 1493 720 1546 καθισταμένης
743 1489 820 1544 ἔτι,
839 1495 996 1533 οοὲὶιηιε
1017 1495 1144 1533 adhuc
1174 1504 1212 1533 et
1227 1504 1405 1534 nascente
1447 1509 1631 1560 ινηρθινο,
1651 1494 1738 1534 fra·

281 1556 386 1590 nem
404 1549 603 1588 Isaacium
627 1549 840 1598 καθέδρας
867 1563 911 1588 τε
935 1563 1004 1588 και
1028 1548 1236 1615 τραπέζης
1261 1548 1304 1598 ἐξ
1323 1545 1418 1589 ἶσου
1436 1546 1632 1591 κοινωνόν
1650 1564 1736 1589 πα-

281 1607 352 1655 ρε)
358 1601 521 1654 άμβανε
546 1619 615 1644 και
643 1603 862 1655 μετεὸίὸου
884 1605 955 1656 τῆς
981 1599 1284 1658 α’ναῤῥήσεωςε
1316 1605 1462 1659 quibus
1483 1605 1616 1644 verbis
1638 1605 1734 1644 satis

281 1660 432 1699 indicat
449 1690 460 1711 ,
503 1674 694 1713 processu
739 1661 929 1713 tempoiis
970 1668 1009 1699 et
1041 1661 1197 1699 {innato
1235 1656 1403 1714 imperio
1442 1674 1554 1700 secus
1585 1661 1736 1699 factum

282 1715 416 1754 fuisse.
476 1715 647 1769 Insignis
673 1722 732 1754 est
764 1715 980 1769 Nicephori
1004 1716 1206 1768 Gregorae
1230 1714 1363 1764 locus,
1396 1716 1464 1770 qui
1493 1723 1667 1755 extremo
1684 1715 1733 1754 L.

281 1771 359 1809 XI.
378 1770 546 1810 laudans
576 1770 857 1810 Andronicum
872 1800 882 1820 ,
914 1771 1206 1810 humanitatem
1225 1773 1308 1811 eius
1341 1786 1385 1810 ex
1403 1785 1450 1810 eo
1472 1771 1734 1819 demonstrat,

283 1826 420 1879 quod,
451 1841 580 1879 quum
621 1826 889 1879 imperialium
927 1825 1195 1865 tricliniorum
1231 1827 1287 1865 ita
1324 1833 1598 1879 comparatum
1637 1832 1739 1866 esset

283 1884 587 1935 pavimentum,
619 1889 665 1920 ut
693 1882 868 1921 cubiculi
895 1883 1087 1935 cuiusque
1113 1889 1313 1920 extremae
1347 1896 1528 1936 quaeque
1560 1896 1672 1921 orae.
1690 1894 1738 1921 ex

284 1938 456 1976 adverso
483 1951 567 1976 sese
591 1938 844 1990 respicientes
877 1939 1024 1976 triente
1054 1937 1273 1997 spithamae
1306 1945 1435 1976 essent
1474 1937 1635 1976 altiores
1650 1936 1741 1976 reli*

285 2007 369 2046 quo
396 1992 530 2032 medio
552 1993 776 2045 intercepto
803 1988 954 2047 plano3
983 1994 1216 2046 praesertim
1237 1991 1314 2041 ibi,
1347 1993 1419 2032 ubi
1458 1993 1630 2032 thronus
1661 1993 1739 2031 im-

285 2047 446 2101 perialis
489 2055 637 2095 staret,
683 2055 731 2086 ut
758 2062 804 2086 ea
837 2049 881 2087 in
917 2062 961 2087 re
997 2061 1158 2111 quoque
1199 2049 1382 2088 maiestas
1422 2049 1611 2087 eximium
1640 2046 1741 2102 quid

286 2117 382 2168 prae
425 2101 512 2142 aliis
554 2102 721 2141 haberet
755 2110 863 2142 stans
879 2132 890 2153 ‚
942 2104 1027 2142 sive
1062 2104 1105 2141 in
1138 2106 1257 2142 sacris
1280 2103 1441 2157 hymnis
1464 2103 1738 2155 decantandis,

287 2159 372 2198 sive
398 2158 438 2197 in
464 2157 732 2211 colloquendo
755 2172 844 2197 cum
866 2158 1036 2197 subditis
1063 2165 1133 2199 aut
1165 2173 1258 2197 cum
1285 2157 1424 2212 legatis
1453 2160 1610 2209 exteris,
1631 2173 1740 2197 eam—

288 2228 368 2267 que
401 2215 444 2253 in
470 2214 682 2253 stationem
712 2214 925 2253 ascendere
941 2244 951 2262 ‚
993 2221 1032 2252 et
1051 2228 1098 2252 ex
1127 2228 1254 2268 aequo
1314 2215 1469 2254 adstare
1507 2213 1743 2268 Imperatmi

289 2270 428 2308 liceret
452 2270 617 2318 nemini,
649 2270 727 2308 nisi
752 2271 866 2308 uxoli
893 2277 933 2308 et
961 2269 1096 2308 liberis
1122 2277 1160 2308 et
1196 2271 1419 2323 germanis,
1446 2270 1552 2310 forte
1581 2283 1742 2332 quoque

290 2325 444 2378 patruis
481 2326 738 2379 Imperatoris
755 2354 767 2389 .’
806 2327 916 2378 ipse,
958 2324 1241 2375 Andronicus,
1283 2326 1506 2379 permiserit
1541 2323 1742 2365 nohilitati

291 2381 456 2431 iuveni,
497 2381 663 2436 aliisque
711 2381 832 2420 etiam
873 2379 1159 2419 humilioribus
1206 2381 1299 2421 illuc
1337 2381 1549 2421 ascendere
1583 2387 1624 2421 et
1666 2378 1743 2419 sibi

289 2434 478 2475 adstare·
468 2466 479 2486 ,
511 2451 591 2490 quo
627 2436 804 2486 factum,
833 2443 880 2475 ut
908 2450 1024 2489 saepe
1046 2435 1096 2474 de
1123 2435 1212 2475 loco
1250 2437 1391 2476 cedere
1425 2444 1588 2476 coactus
1622 2434 1744 2474 suerit

292 2505 314 2528 a
339 2500 544 2556 premente
579 2492 716 2531 turba.
771 2492 908 2531 Verba
954 2492 1037 2530 eius
1076 2490 1174 2530 haec
1210 2500 1319 2531 sunt:
1346 2488 1488 2556 Δῆλόν
1531 2491 1622 2531 ἐστι
1659 2491 1745 2536 τοῖς

104 2547 169 2585 Ed.
181 2548 220 2583 L
233 2542 309 2584 63
290 2540 444 2584 α’πασιν
470 2543 525 2594 ὥς
550 2543 596 2587 αἲ
619 2545 694 2586 τοῦ
714 2543 954 2586 έπιπέδου’
933 2560 979 2586 εκ
1001 2544 1226 2613 διαμέτρου
1254 2543 1476 2599 ἀκρότητες
1507 2546 1589 2586 τῶν
1623 2546 1746 2597 βασι-

291 2600 415 2640 λικῶν
431 2599 648 2652 τρικλίνων
667 2598 907 2670 αιιφότεραι
919 2599 1198 2667 ὑπέρκεινταί
1197 2615 1278 2640 που
1293 2597 1530 2650 τοῦμεταξύ
1545 2599 1746 2641 ἐπιπέδου

290 2655 419 2718 μέχρι
439 2653 512 2694 καί
528 2655 587 2702 εἷς
605 2656 742 2707 τρίτον
772 2656 1013 2718 σπιθαμῆς,
1044 2669 1114 2694 και
1136 2651 1324 2706 μάλιστα
1360 2653 1440 2722 ὅπη
1463 2655 1537 2696 καί
1569 2653 1590 2695 ὁ
1625 2654 1748 2706 βασι-

293 2706 407 2756 λικὸς
442 2709 587 2776 ἕστηκε
622 2710 813 2776 θρόνος,
841 2711 892 2752 ι”ν
922 2709 1024 2758 ἱσως
1072 2707 1148 2766 ἔχῃ
1181 2724 1224 2750 τι
1251 2726 1329 2750 καν
1363 2709 1496 2776 τούτῳ
1525 2710 1648 2751 πλέον
1668 2709 1749 2749 τῶν

294 2757 432 2805 ἄλλων
452 2761 474 2804 ὅ
490 2764 730 2817 βασιὶμεὺς
717 2763 964 2819 ιστὰμενος,
989 2763 1034 2808 ἔν
1059 2779 1102 2806 τε
1129 2769 1221 2813 ταῖς
1238 2762 1370 2819 ἱεραῖς
1396 2761 1650 2823 υμνῳὸίαις,
1679 2759 1752 2804 καὶ
