1826 3126
820 47 856 86 ο

279 135 346 201 14
581 154 654 195 10.
695 154 800 196 1Ac.
849 155 1045 195 Rssisxn
1082 154 1461 200 COMMENTARn

276 257 413 308 itaque
446 254 608 294 Italicae
641 256 833 296 ecclesiae
850 286 862 307 ‚
895 270 916 295 e
953 258 1032 296 viri
1061 257 1169 296 docti
1204 261 1399 299 sententia
1415 289 1428 311 ‚
1455 260 1579 299 ritum
1617 260 1726 301 himo

276 325 298 349 a
339 311 503 349 CPtana
534 313 784 364 acceperint,
823 326 984 351 necesse
1016 320 1076 351 est
1112 328 1204 352 eum
1236 317 1419 367 protinus
1460 329 1554 355 cum
1583 319 1726 370 primis

276 366 501 406 christianis
519 367 833 419 Imperatoribus
850 369 893 406 in
923 367 1129 407 ecclesiam
1149 371 1410 423 immigrasse.
1458 371 1595 410 Liceat
1625 372 1727 411 mihi

276 421 351 460 hac
368 423 574 460 occasione
593 436 723 460 meam
744 422 794 460 de
814 423 1057 475 perobscuro
1078 423 1240 478 Agnelli
1261 425 1350 464 loco
1371 427 1608 465 sententiam
1627 441 1725 480 pro-

275 491 441 529 ponere.
498 477 636 516 Verba
664 484 758 516 sunt
787 477 901 517 haec.
978 479 1100 518 Illius
1143 481 1430 533 (Exuperantii)
1471 482 1728 535 temporibus

276 532 455 570 ecclesia
503 532 548 571 B.
583 532 758 584 Agnetis
795 546 826 571 a
860 533 1046 574 Gemello
1089 533 1351 575 subdiacono
1385 536 1505 575 istius
1549 544 1729 576 sanctae

275 586 504 625 Ravennae
537 589 738 626 ecclesiae
780 596 821 626 et
863 588 1037 628 Rectore
1063 588 1242 629 Siciliae
1281 598 1522 630 constructa
1560 599 1653 638 est,
1686 598 1728 631 et

277 641 450 680 multum
479 656 574 681 eam
615 642 769 681 ditavit
808 644 852 682 in
893 657 1000 684 auro
1037 653 1297 700 argentoque
1321 654 1363 685 et
1391 646 1550 700 palleis
1587 646 1728 685 sacris

276 705 318 735 et
353 698 566 737 civitatem
593 706 840 749 argenteam
873 699 917 736 in
933 711 1132 752 processu
1165 701 1406 740 construxit
1429 701 1592 740 natalis
1625 701 1729 755 ipsi-

277 766 325 790 us
346 753 573 802 martyris,
622 761 661 791 et
693 766 820 806 usque
843 755 996 792 nostris
1029 756 1282 809 temporibus
1305 754 1570 809 perduravit.
1617 755 1730 806 Quid

279 807 355 845 sibi
395 807 485 846 vult
526 808 677 846 civitas
721 816 928 859 argentea
973 808 1018 846 in
1052 821 1252 862 processu
1293 810 1456 849 natalis
1493 809 1731 861 martyris?

230 901 234 906 ,
277 863 367 915 Ego
399 862 563 915 quidem
594 870 718 916 puto,
753 863 871 902 fuisse
904 877 1076 902 massam
1109 872 1338 917 argenteam
1374 865 1426 904 ad
1460 865 1632 904 formam
1657 879 1731 904 ur·-

278 917 342 956 bis
371 918 607 970 confictam,
636 919 783 956 turrim
811 933 955 972 nempe
976 933 1099 957 unam
1127 927 1248 973 atque
1276 919 1444 959 alteram
1458 948 1471 970 ,
1499 934 1582 959 non
1610 922 1731 959 maxi-

279 986 369 1011 mae
409 972 527 1012 molis
548 1002 560 1023 ‚
602 988 705 1027 quae
747 977 789 1012 in
819 974 942 1013 natali
980 976 1170 1028 martyris
1193 1004 1205 1026 ‚
1244 975 1286 1015 id
1325 983 1384 1015 est
1417 975 1483 1014 die
1513 977 1731 1015 memoriae

278 1030 463 1082 martyrii
501 1029 546 1070 B.
578 1028 746 1082 Agnetis
779 1044 891 1068 sacro
910 1059 921 1080 ‚
952 1031 1256 1083 circumgestata
1295 1031 1340 1069 in
1381 1045 1530 1084 pompa
1565 1045 1731 1084 proces-

281 1083 423 1122 sionali
455 1083 575 1122 fuerit
594 1114 605 1135 ‚
643 1091 689 1123 ut
725 1085 970 1124 indicaretur
993 1115 1005 1135 ‚
1046 1087 1250 1125 civitatem
1287 1099 1401 1126 suam
1437 1085 1546 1126 illius
1583 1087 1731 1125 Beatae

281 1140 504 1192 patrocinio
544 1139 769 1179 dedicatam
809 1154 905 1182 esse.
980 1141 1181 1180 Videntur
1223 1140 1325 1180 illud
1366 1141 1467 1181 mihi
1509 1141 1731 1196 significare

281 1196 475 1248 imagines
503 1195 664 1247 piorum
697 1195 909 1235 hominum
938 1197 1086 1249 passim
1127 1203 1406 1247 occurrentes,
1446 1198 1516 1250 qui
1544 1196 1731 1236 manibus

283 1257 438 1303 gestare
467 1250 584 1289 aedes
611 1258 680 1290 aut
707 1258 838 1290 turres
875 1253 1187 1304 conspiciuntur.
1253 1252 1497 1292 Praesertim
1537 1254 1593 1291 sic
1636 1253 1734 1305 pin·-

282 1313 433 1358 guntur
462 1307 637 1360 episcopi
659 1335 671 1357 ‚
700 1306 884 1346 ecclesias
917 1321 1011 1346 suae
1049 1322 1167 1346 curae
1196 1308 1426 1346 commissas
1456 1308 1568 1361 quasi
1600 1308 1732 1346 mani-

282 1360 359 1400 bus
387 1368 595 1414 gestantes.
664 1362 706 1400 Si
740 1362 842 1401 bene
874 1364 1071 1413 memini,
1110 1363 1194 1402 vidi
1227 1364 1270 1400 in
1309 1361 1524 1402 Alemanni
1559 1362 1733 1402 Parieti-

284 1418 347 1455 nis
377 1415 714 1456 Lateranensibus
747 1419 963 1471 imaginem
997 1419 1143 1457 Leonis
1177 1418 1252 1458 ΙΙΙ.
1292 1416 1427 1457 talem.
1457 1416 1518 1457 Cl.
1546 1418 1731 1457 Murato-

283 1473 368 1510 rius
402 1472 452 1512 T.
480 1472 531 1512 ΙΙ.
558 1473 702 1526 Script.
732 1473 823 1513 Rer.
853 1473 939 1514 Ital.
969 1487 1009 1526 p.
1029 1474 1092 1527 73.
1121 1471 1291 1526 effigiem
1323 1472 1363 1512 S.
1394 1471 1566 1511 Ecclesii
1590 1472 1734 1512 eodem

283 1528 327 1566 in
358 1526 500 1566 habitu
539 1527 661 1568 dedit.
715 1528 1047 1567 Recentissimum
1088 1527 1313 1580 exemplum
1353 1527 1549 1566 habemus
1583 1528 1628 1566 in
1660 1527 1735 1566 de-

285 1582 486 1620 dicatione
523 1582 786 1635 pulcherrimi
826 1583 970 1622 Dionis
1008 1583 1134 1622 Cassii
1168 1583 1416 1621 Reimariani
1435 1581 1502 1621 ad
1529 1582 1736 1624 Eminent.

286 1637 542 1676 Cardinalem
572 1638 790 1689 Quirinum
803 1667 815 1688 ,
845 1640 909 1678 cui
934 1638 1108 1692 praefixa
1136 1645 1195 1676 est
1226 1639 1359 1691 imago
1376 1666 1389 1688 ‚
1418 1638 1462 1676 in
1490 1651 1572 1691 qua
1586 1666 1598 1688 ‚
1628 1638 1735 1677 inter

286 1692 365 1731 alia
386 1722 398 1742 ‚
434 1692 570 1732 Pietas
609 1695 854 1747 conspicitur
875 1723 887 1745 ‚
927 1694 1066 1733 dextra
1106 1707 1267 1732 crucem
1281 1722 1293 1744 ‚
1331 1694 1490 1732 sinistra
1526 1691 1733 1731 ecclesiam

286 1748 515 1786 Brixianam
544 1756 714 1802 gestans.
770 1749 929 1788 Pariter
960 1751 1080 1788 etiam
1116 1748 1341 1787 conditores
1368 1747 1532 1786 urbium
1564 1747 1734 1800 pingun-

287 1809 356 1841 tur
377 1803 495 1842 urbes
524 1818 615 1844 suas
645 1818 769 1843 manu
797 1811 1006 1858 gestantes.
1061 1803 1157 1843 Vidi
1172 1832 1184 1854 ‚
1213 1817 1296 1841 non
1316 1803 1512 1841 succurrit
1530 1801 1600 1840 ubi
1615 1831 1628 1852 ,
1662 1802 1735 1841 Ca-

289 1858 366 1896 roli
388 1860 443 1898 M.
474 1860 706 1913 imaginem,
735 1873 839 1913 quae
864 1859 1164 1912 Aquisgranum
1183 1872 1306 1896 manu
1335 1864 1473 1911 gestat.
1527 1856 1607 1896 Sed
1635 1870 1735 1909 prae

290 1915 455 1952 caeteriS
489 1914 632 1967 plenus
663 1923 722 1955 est
749 1915 891 1954 talium
919 1916 1139 1968 imaginum
1174 1914 1328 1951 Tomus
1356 1912 1566 1951 secundus.
1583 1913 1735 1951 Monu-

290 1976 518 2008 mentorum
551 1978 803 2010 vetustorum
841 1970 1052 2023 Ciampini.
1079 1968 1163 2009 vid.
1198 1967 1344 2007 Tabul.
1385 1967 1444 2008 16.
1484 1981 1543 2021 ¹9.
1574 1979 1638 2019 27.
1668 1981 1735 2022 29.

291 2024 357 2064 51.
388 2025 450 2078 37.
479 2024 545 2076 42.
574 2025 640 2080 47.
671 2025 737 2066 52.
765 2032 805 2064 et
841 2039 943 2078 quae
974 2024 1078 2063 infra
1123 2023 1211 2061 dico
1240 2023 1290 2061 de
1319 2022 1484 2077 templis
1512 2036 1583 2061 seu
1612 2029 1736 2061 stem-

291 2079 466 2117 matibus
497 2080 548 2119 ad
566 2080 736 2120 ναϊὸίων
757 2081 927 2120 formam
953 2080 1067 2119 factis
1088 2107 1099 2129 ‚
1130 2085 1169 2117 et
1197 2079 1303 2116 intra
1330 2078 1536 2116 tribunam
1567 2091 1736 2130 suspen-

293 2134 334 2172 di
370 2133 506 2174 solitis.
573 2135 674 2178 Coll.
711 2137 762 2176 D.
795 2137 840 2176 C.
868 2150 907 2176 v.
939 2134 1133 2185 τέμπλον.
1188 2133 1281 2171 Non
1317 2133 1447 2172 solum
1487 2133 1654 2172 donaria
1683 2132 1738 2171 ad

295 2191 420 2227 instar
453 2191 626 2230 turrium
645 2221 657 2242 ‚
685 2191 928 2245 templorum
942 2219 953 2240 ‚
983 2189 1147 2228 urbium
1184 2188 1288 2227 facta
1303 2217 1315 2238 ‚
1358 2189 1428 2227 sed
1459 2189 1581 2227 etiam
1611 2201 1736 2226 naves

295 2258 435 2283 aureas
466 2245 729 2299 dedicabant,
759 2254 799 2286 et
829 2244 1125 2299 suspendebant
1143 2245 1186 2282 in
1203 2243 1405 2284 Ecclesiis.
1433 2242 1527 2292 vid.
1548 2242 1737 2284 Chi-onie.

296 2300 429 2340 Casin.
458 2300 530 2340 III.
561 2302 624 2356 57.

406 2356 538 2394 Venio
574 2371 681 2397 nunc
722 2357 774 2397 ad
812 2357 981 2397 alterum
1016 2355 1315 2408 processionum
1349 2366 1553 2392 sacrarum
1585 2364 1709 2405 genus
1720 2369 1738 2401 ‚¹

296 2409 398 2448 illud
430 2424 572 2462 nempe
595 2441 606 2461 ‚
651 2428 777 2466 quum
818 2414 1082 2465 Imperatores
1128 2410 1267 2448 diebus
1304 2409 1513 2447 dominicis
1553 2414 1592 2446 et
1627 2405 1738 2445 festis

297 2466 502 2503 matutinis
537 2474 656 2519 atque
691 2470 926 2523 vcspertinis
959 2466 1069 2504 horis
1101 2465 1152 2503 ad
1193 2465 1416 2503 faciendum
1457 2463 1636 2502 divinum
1675 2459 1738 2500 of·-

299 2520 433 2558 ficium
461 2522 503 2557 in
542 2522 724 2562 ecclesias
743 2554 755 2574 ‚
785 2538 859 2577 pro
887 2523 1039 2561 ratione
1074 2528 1302 2572 temporum
1334 2519 1511 2558 diversas
1529 2546 1541 2567 ‚
1572 2530 1594 2555 e
1624 2515 1738 2568 pala-

298 2576 356 2613 tio
387 2574 679 2627 procedebant,
709 2586 748 2617 et
780 2594 802 2617 a
830 2577 1065 2617 factionibus
1097 2590 1168 2627 per
1199 2577 1283 2614 vias
1300 2603 1311 2623 ‚
1341 2589 1422 2627 qua
1448 2570 1738 2611 transeundum

300 2637 410 2681 erat,
449 2631 636 2683 utrinque
670 2633 870 2686 dispositis
911 2632 1186 2672 salutabantur
1202 2659 1215 2679 ,
1244 2637 1284 2667 et
1326 2643 1398 2682 per
1439 2628 1596 2666 diversa
1627 2625 1736 2664 loco-

299 2698 390 2723 rum
439 2686 565 2738 spatia
607 2686 773 2726 diversis
819 2685 1168 2731 acclamationibus
1210 2685 1518 2737 excipiebantur.
1588 2681 1636 2718 In
1673 2678 1738 2742 bis

301 2738 463 2792 δοχαῖς,
495 2754 564 2780 seu
593 2743 927 2798 acceptionibus,
961 2749 1007 2783 ut
1037 2739 1290 2796 appellantur
1307 2768 1319 2790 ‚
1350 2738 1415 2779 vel
1435 2739 1741 2778 beneventano-
