1832 3126
828 38 865 81 o

263 138 368 204 134
529 156 602 195 ιο.
644 153 752 194 lAC.
795 153 991 192 mnsxn
1041 151 1418 193 COMMENTARH

254 259 330 297 Gr.
371 255 415 296 h.
453 270 496 295 v.
534 262 573 294 et
599 254 671 293 lat.
708 266 751 293 v.
801 252 1004 291 Advocati
1042 253 1305 292 ecclesiarum.
1363 253 1516 294 Munus
1561 266 1701 294 eorum

254 320 341 351 erat
373 311 584 364 praecipue
622 311 713 348 iura
746 308 1029 360 ecelesiarum,
1073 315 1112 346 et
1147 323 1238 360 eos,
1279 308 1349 362 qui
1387 307 1484 348 illuc
1511 309 1703 364 confug&-

252 375 372 416 rent,
402 365 630 405 defendere.

361 397 706 488 '13-4-[2sp10]
737 419 1039 471 μητροπολῖται
1067 416 1400 471 α’ρχιεπίσκοποι,
1457 421 1517 458 Μ.
1544 432 1703 474 pust-90..

253 478 419 520 πολῖται
446 490 516 517 και
547 474 880 529 αρχιεπίσκοποι.

364 579 412 617 Β.
439 591 503 618 11.
525 577 616 632 [29‚
645 575 730 630 ¹6.]
770 572 1012 625 ψάλλονται.
1069 577 1115 614 In
1153 576 1212 614 Μ.
1245 583 1304 616 est
1337 571 1522 627 ψάλλον,
1563 575 1606 616 id
1643 583 1703 616 est

252 631 507 685 ψάλλοντες,
536 640 582 672 ut
601 647 641 685 p.
674 646 736 684 19.
764 632 806 671 6.
864 633 1062 685 Persaepc
1094 632 1134 669 in
1159 630 1283 671 libros
1309 639 1468 671 nostros
1497 634 1603 686 typis
1636 647 1703 672 ex-

254 704 369 729 cusos
397 704 433 727 11
435 695 640 742 repserant
671 688 769 727 vitia
813 703 859 727 ex
890 702 936 726 eo
954 688 1101 740 ,quod
1133 686 1262 726 editol
1264 702 1305 726 es
1340 690 1704 741 manuscriptorum

255 745 441 785 codicum
463 743 702 798 compendia
718 757 800 782 non
822 750 1143 797 assequerentur.
1181 742 1233 782 E.
1260 757 1297 781 c.
1327 743 1436 796 apud
1457 743 1704 796 Procopium

1147 800 1196 834 θς

255 847 415 886 Anecd.
450 861 493 899 p.
523 846 592 897 48.
629 861 722 899 pen.
761 846 941 885 fecemnt
970 861 1015 885 ex
1049 859 1189 896 ταραχ
1207 877 1220 896 ,
1261 843 1370 908 quod
1401 844 1544 898 procul
1579 844 1704 885 dubio

254 905 299 942 in
328 902 466 941 codice
492 904 608 941 MSto
635 909 744 951 erat,
786 903 855 952 (id
884 909 943 940 est
976 899 1231 953 ταραχθεις)
1271 897 1469 952 τάραχος.
1526 901 1574 939 In
1604 902 1701 941 edit.

256 955 472 997 Hoeschel.
503 958 639 996 Photii
675 958 868 997 Biblioth.
898 959 1070 1010 passim,
1111 965 1156 995 ut
1175 973 1218 1010 p.
1242 961 1313 1010 45.
1342 953 1411 1006 44.
1441 955 1508 1006 45.
1546 960 1586 995 et
1605 957 1705 998 alibi

256 1021 316 1052 est
333 1028 403 1052 και
432 1026 507 1064 pro
535 1011 782 1066 καταλήγει,
813 1023 852 1054 et
877 1017 973 1055 talia
998 1015 1146 1080 absque
1178 1025 1347 1054 numero
1369 1012 1411 1049 in
1435 1010 1549 1053 libris
1567 1027 1704 1054 occur·

254 1076 380 1118 runt,
409 1075 448 1107 et
469 1082 588 1107 occul
591 1077 680 1108 rent
700 1072 816 1111 nobis
851 1073 892 1110 in
926 1072 1002 1111 hoc
1033 1073 1120 1136 ipso
1147 1078 1286 1109 nostro
1312 1080 1449 1119 opere·

366 1126 412 1163 Β.
433 1125 589 1176 penult.
614 1126 704 1180 [29.
732 1127 817 1182 17·]
852 1124 1262 1178 παρακρατούμενος.
1319 1125 1639 1175 Comprehensus
1664 1133 1704 1166 et

255 1183 361 1220 intel
363 1186 500 1231 ceptus
529 1195 552 1218 a
573 1182 813 1234 comitibus,
843 1185 1020 1223 subiecto
1054 1183 1220 1222 brachio
1244 1195 1316 1220 suo
1341 1193 1433 1219 eum
1457 1181 1704 1221 sublevanti-

255 1237 347 1275 bus.
406 1236 468 1273 De
495 1235 650 1277 honore
673 1238 750 1276 hoc
770 1254 931 1292 ,quem
957 1239 1190 1278 humiliores
1217 1236 1543 1277 honoratioribus
1562 1266 1574 1288 ,
1603 1251 1706 1290 quos

257 1291 492 1341 deducunt,
522 1294 740 1339 exhibent,
772 1297 832 1342 effi
860 1296 911 1333 ad
937 1310 978 1348 p.
1012 1294 1108 1334 326.
1141 1294 1187 1332 C.
1222 1292 1262 1332 5.

368 1348 415 1386 Β.
438 1346 512 1385 ult.
538 1347 630 1403 [29‚
659 1348 744 1403 18]
774 1345 843 1389 ὅτε
870 1349 958 1401 τῆς.
1013 1349 1176 1389 Plenior
1205 1348 1369 1411 quidem
1408 1348 1601 1400 impresso
1635 1362 1706 1388 co·-

257 1401 347 1441 dice
371 1417 454 1442 non
481 1410 540 1442 est
573 1405 726 1444 calamo
749 1413 956 1457 exaratus,
995 1404 1123 1445 nihilo
1148 1412 1283 1443 tamen
1311 1405 1445 1443 minus
1471 1417 1556 1442 non
1583 1403 1704 1443 dubi-

256 1464 326 1509 to,
355 1459 529 1511 πλησίον
554 1459 619 1499 hic
641 1460 844 1501 excidisse.

84 1513 200 1552 Bel-L
210 1515 255 1560 43
380 1515 427 1553 C.
466 1516 510 1565 4.
546 1514 635 1569 [29,
669 1530 715 1555 21
727 1515 761 1570 .]
813 1516 1031 1564 ζωοποιοῦ.
1097 1514 1142 1568 *[
1154 1526 1362 1553 σωοποιου
1411 1513 1534 1554 habet
1579 1515 1703 1555 Garc.

258 1569 310 1609 de
352 1570 498 1609 Loaisa
535 1571 578 1608 in
622 1573 728 1622 notis
776 1572 828 1611 ad
873 1572 1065 1611 Chronic.
1113 1570 1259 1609 Isido1i
1305 1570 1402 1609 edit.
1442 1571 1613 1609 Taurini
1647 1569 1702 1613 A.

266 1625 402 1680 1593„
451 1625 523 1664 ubi
554 1641 596 1679 p.
617 1626 685 1666 62.
717 1628 794 1666 ait·
831 1626 1057 1667 Alexander
1085 1625 1305 1665 monachus
1338 1623 1476 1664 libello
1501 1638 1560 1673 εις
1587 1617 1708 1678 εὕρε-

260 1696 331 1720 σιν
356 1680 436 1720 rosi
460 1681 672 1720 σωοποιοῦ
698 1682 912 1735 σταυροῦ,
956 1686 1026 1737 qui
1051 1683 1094 1721 in
1121 1680 1367 1721 bibliotheca
1393 1695 1484 1722 mea
1510 1688 1570 1720 est
1601 1695 1706 1720 non-

261 1736 361 1776 dum
393 1737 538 1779 editus.
550 1735 592 1789 ]*

373 1793 421 1831 C.
441 1792 516 1831 ult.
542 1792 633 1847 [50‚
656 1792 720 1847 7.]
755 1788 909 1845 ἐκτενῆ.
962 1793 1122 1833 Dicitur
1161 1787 1301 1843 ἐκτενῆ
1343 1797 1383 1830 et
1415 1785 1580 1843 ἕκτενῆς
1606 1805 1704 1845 pro-

260 1847 411 1887 miscue
438 1857 627 1897 extensa,
659 1855 769 1887 certa
794 1863 960 1901 precum
985 1850 1106 1888 series
1115 1847 1294 1912 longior
1309 1876 1320 1896 ‚
1363 1846 1580 1900 prolixior,
1625 1846 1708 1886 fer-

260 1903 422 1953 vidior,
454 1903 594 1942 unde
585 1904 659 1955 ipsi
681 1906 961 1943 n<men.1ta
989 1899 1152 1956 ἐκτενὴς
1181 1899 1365 1942 λιτανεία
1392 1902 1592 1955 processio
1619 1916 1710 1955 sup

262 1957 353 2010 plex
380 1958 499 2011 longa
529 1965 567 1997 et
591 1959 756 1999 fervidis
783 1959 967 2024 precibus
994 1960 1126 1998 Deum
1146 1971 1343 2007 exorans,
1372 1957 1480 2010 apud
1507 1956 1708 2010 Scylitzen

265 2027 308 2066 p
333 2013 427 2056 816.
459 2015 505 2052 Β.
531 2013 572 2052 8.
630 2014 888 2053 Recitabatur
912 2009 938 2068 ἦ
968 2010 1104 2066 ἐκτενῆ
1135 2021 1225 2066 post
1249 2012 1461 2066 Evangelii
1478 2011 1707 2062 lectionem,

266 2075 313 2106 ut
340 2083 361 2107 e
391 2076 579 2122 sequente
607 2071 753 2134 pagina
781 2077 913 2122 patet,
945 2077 984 2109 et
1009 2071 1051 2108 in
1078 2083 1124 2107 ea
1151 2082 1226 2121 pro
1253 2069 1535 2107 circumstante
1555 2067 1710 2121 populo

264 2130 304 2161 et
323 2131 407 2165 tota
427 2127 707 2163 communione
723 2154 734 2174 ,
767 2132 1005 2176 praesente,
1034 2124 1224 2174 absente,
1256 2137 1330 2177 pro
1348 2123 1618 2176 principibus,
1649 2137 1708 2162 sa-

265 2179 519 2230 cerdotibus,
549 2181 872 2234 magistratibus,
915 2180 1235 2220 benefactoribus
1266 2178 1548 2229 ecclesiarum,
1589 2177 1707 2228 aliis,

263 2234 414 2282 vivis‚'
434 2235 624 2285 mortuis,
670 2250 807 2288 preces
839 2236 1003 2274 fiebant.
1060 2236 1134 2274 Est
1165 2249 1259 2289 ergo
1296 2234 1370 2273 das
1402 2234 1708 2286 Kimhengebetln

271 2305 311 2335 et
358 2300 792 2340 Muhammedanorum
837 2291 965 2346 ΜΕ»-
992 2302 1207 2346 εῘιοτΙιόαΙι,
1255 2315 1382 2340 unum
1417 2300 1469 2339 de
1509 2298 1711 2351 regalibus

266 2365 518 2393 summmum
545 2358 796 2409 principum,
834 2356 884 2395 de
913 2371 994 2409 quo
1022 2370 1062 2395 v.
1097 2357 1150 2395 D.
1184 2356 1377 2395 Herbelot
1407 2354 1511 2395 Bibl.
1543 2355 1705 2393 Orient.

265 2420 307 2458 p
337 2423 432 2461 999.
472 2411 564 2450 fine.
623 2412 825 2451 Habertus
853 2413 897 2451 in
925 2411 1148 2451 Pontificali
1183 2426 1225 2464 p.
1250 2411 1317 2451 26.
1349 2412 1510 2464 exponit
1541 2404 1709 2461 ἐκτενῆ,

262 2476 422 2515 preczmz
439 2466 689 2518 quarundam
706 2482 821 2507 senes
835 2495 846 2514 ,
886 2469 950 2506 cui
971 2467 1223 2534 respondetur
1239 2467 1367 2517 Kyrie
1385 2467 1552 2505 eleison..
1570 2464 1710 2503 Potest

269 2530 431 2569 quoque
470 2521 710 2574 etymologia
757 2518 838 2560 απὸ
877 2521 951 2574 τῆς
997 2517 1202 2567 ἐκτάσεως
1238 2535 1320 2561 των
1358 2534 1515 2573 χειρων
1551 2520 1707 2572 repeti,

270 2572 365 2623 quia
398 2572 546 2613 scilicet
578 2591 687 2615 sacel
689 2578 761 2616 dos
793 2592 858 2616 eas
891 2591 1028 2641 pleces
1062 2577 1248 2616 manibus
1274 2590 1394 2629 super
1419 2573 1612 2628 populum
1640 2587 1708 2613 ex-

270 2628 405 2730 pansis
435 2631 758 2681 pronunciabat,
787 2633 852 2672 vel
884 2634 978 2686 quia
1003 2628 1180 2684 ἐκτάδην
1204 2632 1334 2671 stabat.
1363 2645 1436 2684 per
1465 2629 1555 2669 illas
1581 2642 1708 2682 popu-

291 2695 337 2720 us
395 2690 541 2722 rectus.
601 2686 909 2754 Chrysostomus
934 2685 1090 2727 XXIX.
1112 2687 1254 2726 homil.
1278 2687 1329 2725 ad
1355 2685 1548 2738 populum
1574 2684 1714 2723 Antio-

275 2736 447 2778 ebenum
466 2741 671 2793 coniungit
691 2738 795 2795 εὕχν)
822 2757 889 2783 και
920 2741 1060 2798 δέησις
1086 2738 1247 2794 εκτενὴς
1274 2749 1314 2780 et
1340 2739 1569 2788 formulam
1576 2737 1714 2792 ὄρθοί,
