<?xml version="1.0" encoding="UTF-8"?>
<!DOCTYPE html PUBLIC "-//W3C//DTD XHTML 1.0 Transitional//EN"
    "http://www.w3.org/TR/xhtml1/DTD/xhtml1-transitional.dtd">
<html xmlns="http://www.w3.org/1999/xhtml" xml:lang="en" lang="en">
 <head>
  <title>
</title>
<meta http-equiv="Content-Type" content="text/html;charset=utf-8" />
  <meta name='ocr-system' content='tesseract 3.04.00' />
  <meta name='ocr-capabilities' content='ocr_page ocr_carea ocr_par ocr_line ocrx_word'/>
</head>
<body>
  <div class='ocr_page' id='page_1' title='image "./corpusscriptorum08niebuoft/corpusscriptorum08niebuoft_0927.png"; bbox 0 0 1884 3132; ppageno 0'>
   <div class='ocr_carea' id='block_1_1' title="bbox 482 208 1241 252">
    <p class='ocr_par' dir='ltr' id='par_1_1' title="bbox 482 208 1241 252">
     <span class='ocr_line' id='line_1_1' title="bbox 482 208 1241 252; baseline -0.005 0"><span class='ocrx_word' id='word_1_1' title='bbox 482 211 557 252; x_wconf 80' lang='lat' dir='ltr'>AD</span> <span class='ocrx_word' id='word_1_2' title='bbox 597 209 898 252; x_wconf 63' lang='lat' dir='ltr'><strong>CONSTANT.</strong></span> <span class='ocrx_word' id='word_1_3' title='bbox 945 209 1019 250; x_wconf 81' lang='lat' dir='ltr'>m:</span> <span class='ocrx_word' id='word_1_4' title='bbox 1057 208 1241 250; x_wconf 83' lang='lat' dir='ltr'><strong>CERlM.</strong></span> 
     </span>
    </p>
   </div>
   <div class='ocr_carea' id='block_1_2' title="bbox 124 310 825 2819">
    <p class='ocr_par' dir='ltr' id='par_1_2' title="bbox 186 310 825 588">
     <span class='ocr_line' id='line_1_2' title="bbox 187 310 821 356; baseline -0.002 -11"><span class='ocrx_word' id='word_1_5' title='bbox 187 310 428 356; x_wconf 73' lang='lat' dir='ltr'>praelegendo</span> <span class='ocrx_word' id='word_1_6' title='bbox 451 321 549 344; x_wconf 84' lang='lat' dir='ltr'>sacro</span> <span class='ocrx_word' id='word_1_7' title='bbox 562 311 724 354; x_wconf 80' lang='lat' dir='ltr'>symbolo</span> <span class='ocrx_word' id='word_1_8' title='bbox 740 310 821 350; x_wconf 84' lang='lat'>239,</span> 
     </span>
     <span class='ocr_line' id='line_1_3' title="bbox 187 357 823 392; baseline -0.002 0"><span class='ocrx_word' id='word_1_9' title='bbox 187 360 256 392; x_wconf 83' lang='lat' dir='ltr'>uit.</span> <span class='ocrx_word' id='word_1_10' title='bbox 302 357 509 391; x_wconf 81' lang='lat' dir='ltr'>habebatin</span> <span class='ocrx_word' id='word_1_11' title='bbox 521 359 691 392; x_wconf 76' lang='lat' dir='ltr'>conviviis</span> <span class='ocrx_word' id='word_1_12' title='bbox 721 369 823 391; x_wconf 87' lang='lat' dir='ltr'>men-</span> 
     </span>
     <span class='ocr_line' id='line_1_4' title="bbox 186 404 823 450; baseline -0.002 -12"><span class='ocrx_word' id='word_1_13' title='bbox 186 417 261 439; x_wconf 83' lang='lat' dir='ltr'>sam</span> <span class='ocrx_word' id='word_1_14' title='bbox 286 410 484 450; x_wconf 71' lang='lat' dir='ltr'>separatam</span> <span class='ocrx_word' id='word_1_15' title='bbox 518 404 587 438; x_wconf 83' lang='lat' dir='ltr'>vid.</span> <span class='ocrx_word' id='word_1_16' title='bbox 622 404 823 448; x_wconf 73' lang='grc' dir='ltr'><strong>ἄπωεοπῐῆ.</strong></span> 
     </span>
     <span class='ocr_line' id='line_1_5' title="bbox 187 451 825 497; baseline 0.002 -13"><span class='ocrx_word' id='word_1_17' title='bbox 187 451 429 486; x_wconf 79' lang='lat' dir='ltr'>astronomiae</span> <span class='ocrx_word' id='word_1_18' title='bbox 451 452 586 497; x_wconf 85' lang='lat' dir='ltr'>peritus</span> <span class='ocrx_word' id='word_1_19' title='bbox 611 463 688 485; x_wconf 82' lang='lat' dir='ltr'>esse</span> <span class='ocrx_word' id='word_1_20' title='bbox 714 452 825 485; x_wconf 84' lang='lat' dir='ltr'>debe-</span> 
     </span>
     <span class='ocr_line' id='line_1_6' title="bbox 186 498 824 544; baseline 0 -12"><span class='ocrx_word' id='word_1_21' title='bbox 186 499 251 532; x_wconf 82' lang='lat' dir='ltr'>bat</span> <span class='ocrx_word' id='word_1_22' title='bbox 264 498 345 537; x_wconf 41' lang='lat'>5&amp;</span> <span class='ocrx_word' id='word_1_23' title='bbox 355 501 412 534; x_wconf 89' lang='grc'>22.</span> <span class='ocrx_word' id='word_1_24' title='bbox 460 498 616 532; x_wconf 78' lang='lat' dir='ltr'>convivis</span> <span class='ocrx_word' id='word_1_25' title='bbox 642 499 719 544; x_wconf 80' lang='lat' dir='ltr'>ipse</span> <span class='ocrx_word' id='word_1_26' title='bbox 741 510 824 544; x_wconf 82' lang='lat' dir='ltr'>por·</span> 
     </span>
     <span class='ocr_line' id='line_1_7' title="bbox 186 545 823 588; baseline 0 -10"><span class='ocrx_word' id='word_1_27' title='bbox 186 546 304 579; x_wconf 86' lang='lat' dir='ltr'>tiones</span> <span class='ocrx_word' id='word_1_28' title='bbox 320 545 463 579; x_wconf 75' lang='lat' dir='ltr'>secabat</span> <span class='ocrx_word' id='word_1_29' title='bbox 476 550 512 578; x_wconf 86' lang='lat' dir='ltr'>et</span> <span class='ocrx_word' id='word_1_30' title='bbox 526 545 696 580; x_wconf 88' lang='lat' dir='ltr'>mittebat</span> <span class='ocrx_word' id='word_1_31' title='bbox 706 546 823 588; x_wconf 74' lang='lat'><strong>865,4.</strong></span> 
     </span>
    </p>

    <p class='ocr_par' dir='ltr' id='par_1_3' title="bbox 143 591 643 638">
     <span class='ocr_line' id='line_1_8' title="bbox 143 591 643 638; baseline -0.002 -12"><span class='ocrx_word' id='word_1_32' title='bbox 143 593 348 638; x_wconf 55' lang='lat' dir='ltr'>Ingenio-ur</span> <span class='ocrx_word' id='word_1_33' title='bbox 369 591 465 626; x_wconf 85' lang='lat' dir='ltr'>unde</span> <span class='ocrx_word' id='word_1_34' title='bbox 485 592 563 632; x_wconf 85' lang='grc'><strong>171,</strong></span> <span class='ocrx_word' id='word_1_35' title='bbox 586 591 643 628; x_wconf 99' lang='grc'>37.</span> 
     </span>
    </p>

    <p class='ocr_par' dir='ltr' id='par_1_4' title="bbox 142 638 825 724">
     <span class='ocr_line' id='line_1_9' title="bbox 142 638 825 685; baseline 0.001 -14"><span class='ocrx_word' id='word_1_36' title='bbox 142 638 189 672; x_wconf 88' lang='lat' dir='ltr'>de</span> <span class='ocrx_word' id='word_1_37' title='bbox 212 638 430 673; x_wconf 75' lang='lat' dir='ltr'>investituris</span> <span class='ocrx_word' id='word_1_38' title='bbox 467 650 661 685; x_wconf 86' lang='lat' dir='ltr'>earumque</span> <span class='ocrx_word' id='word_1_39' title='bbox 687 639 825 683; x_wconf 84' lang='lat' dir='ltr'>origine</span> 
     </span>
     <span class='ocr_line' id='line_1_10' title="bbox 187 684 356 724; baseline -0.006 -5"><span class='ocrx_word' id='word_1_40' title='bbox 187 684 272 724; x_wconf 88' lang='grc'><strong>818,</strong></span> <span class='ocrx_word' id='word_1_41' title='bbox 302 685 356 718; x_wconf 91' lang='grc'>11.</span> 
     </span>
    </p>

    <p class='ocr_par' dir='ltr' id='par_1_5' title="bbox 141 727 825 871">
     <span class='ocr_line' id='line_1_11' title="bbox 141 727 825 768; baseline -0.003 -1"><span class='ocrx_word' id='word_1_42' title='bbox 141 727 184 768; x_wconf 70' lang='grc' dir='ltr'>τὸ</span> <span class='ocrx_word' id='word_1_43' title='bbox 212 732 367 766; x_wconf 66' lang='grc' dir='ltr'>ἱππικόν</span> <span class='ocrx_word' id='word_1_44' title='bbox 405 731 526 765; x_wconf 86' lang='lat' dir='ltr'>Circus</span> <span class='ocrx_word' id='word_1_45' title='bbox 559 731 606 765; x_wconf 92' lang='lat' dir='ltr'>ad</span> <span class='ocrx_word' id='word_1_46' title='bbox 641 732 825 766; x_wconf 77' lang='lat' dir='ltr'>meridiem</span> 
     </span>
     <span class='ocr_line' id='line_1_12' title="bbox 184 778 825 824; baseline 0.003 -12"><span class='ocrx_word' id='word_1_47' title='bbox 184 778 311 813; x_wconf 82' lang='lat' dir='ltr'>Palatii</span> <span class='ocrx_word' id='word_1_48' title='bbox 338 778 375 811; x_wconf 87' lang='lat' dir='ltr'>iu</span> <span class='ocrx_word' id='word_1_49' title='bbox 393 790 463 824; x_wconf 86' lang='lat' dir='ltr'>quo</span> <span class='ocrx_word' id='word_1_50' title='bbox 484 780 719 824; x_wconf 79' lang='lat' dir='ltr'>imperatores</span> <span class='ocrx_word' id='word_1_51' title='bbox 748 780 825 814; x_wconf 89' lang='lat' dir='ltr'>ele-</span> 
     </span>
     <span class='ocr_line' id='line_1_13' title="bbox 186 825 678 871; baseline 0.002 -13"><span class='ocrx_word' id='word_1_52' title='bbox 186 825 235 858; x_wconf 82' lang='lat' dir='ltr'>cti</span> <span class='ocrx_word' id='word_1_53' title='bbox 260 830 298 858; x_wconf 88' lang='lat' dir='ltr'>et</span> <span class='ocrx_word' id='word_1_54' title='bbox 322 826 518 871; x_wconf 80' lang='lat' dir='ltr'>nuncupati</span> <span class='ocrx_word' id='word_1_55' title='bbox 543 827 623 866; x_wconf 85' lang='grc'><strong>433,</strong></span> <span class='ocrx_word' id='word_1_56' title='bbox 645 829 678 863; x_wconf 89' lang='grc'>7.</span> 
     </span>
    </p>

    <p class='ocr_par' dir='ltr' id='par_1_6' title="bbox 139 871 823 1006">
     <span class='ocr_line' id='line_1_14' title="bbox 139 871 823 919; baseline -0.003 -11"><span class='ocrx_word' id='word_1_57' title='bbox 139 871 376 919; x_wconf 74' lang='grc' dir='ltr'><strong><em>ἱπποδρόμια</em></strong></span> <span class='ocrx_word' id='word_1_58' title='bbox 389 877 478 918; x_wconf 86' lang='lat' dir='ltr'>quot</span> <span class='ocrx_word' id='word_1_59' title='bbox 501 883 651 905; x_wconf 88' lang='lat' dir='ltr'>numero</span> <span class='ocrx_word' id='word_1_60' title='bbox 676 874 823 911; x_wconf 81' lang='lat'><strong>593‚¹5.</strong></span> 
     </span>
     <span class='ocr_line' id='line_1_15' title="bbox 185 918 823 966; baseline 0 -14"><span class='ocrx_word' id='word_1_61' title='bbox 185 918 296 952; x_wconf 84' lang='lat' dir='ltr'>etiam</span> <span class='ocrx_word' id='word_1_62' title='bbox 318 919 522 964; x_wconf 80' lang='lat' dir='ltr'>spectacula</span> <span class='ocrx_word' id='word_1_63' title='bbox 547 931 621 953; x_wconf 88' lang='lat' dir='ltr'>non</span> <span class='ocrx_word' id='word_1_64' title='bbox 644 919 823 966; x_wconf 70' lang='lat' dir='ltr'>equestria</span> 
     </span>
     <span class='ocr_line' id='line_1_16' title="bbox 186 964 351 1006; baseline -0.018 -5"><span class='ocrx_word' id='word_1_65' title='bbox 186 966 268 1006; x_wconf 73' lang='lat'>246,</span> <span class='ocrx_word' id='word_1_66' title='bbox 291 964 351 1001; x_wconf 78' lang='grc'>41.</span> 
     </span>
    </p>

    <p class='ocr_par' dir='ltr' id='par_1_7' title="bbox 138 1011 822 1146">
     <span class='ocr_line' id='line_1_17' title="bbox 138 1011 821 1058; baseline -0.001 -12"><span class='ocrx_word' id='word_1_67' title='bbox 138 1011 251 1046; x_wconf 73' lang='grc' dir='ltr'><strong><em>ἵπποι</em></strong></span> <span class='ocrx_word' id='word_1_68' title='bbox 273 1012 395 1047; x_wconf 69' lang='grc' dir='ltr'><strong><em>λευκοὶ</em></strong></span> <span class='ocrx_word' id='word_1_69' title='bbox 417 1012 456 1045; x_wconf 91' lang='lat' dir='ltr'>in</span> <span class='ocrx_word' id='word_1_70' title='bbox 471 1011 660 1058; x_wconf 75' lang='lat' dir='ltr'>triumphis</span> <span class='ocrx_word' id='word_1_71' title='bbox 670 1011 750 1052; x_wconf 86' lang='grc'><strong>417,</strong></span> <span class='ocrx_word' id='word_1_72' title='bbox 762 1012 821 1049; x_wconf 78' lang='grc'>43.</span> 
     </span>
     <span class='ocr_line' id='line_1_18' title="bbox 185 1057 822 1106; baseline 0.003 -15"><span class='ocrx_word' id='word_1_73' title='bbox 185 1059 290 1104; x_wconf 77' lang='lat' dir='ltr'>equis</span> <span class='ocrx_word' id='word_1_74' title='bbox 321 1057 604 1093; x_wconf 76' lang='lat' dir='ltr'>descendebatur</span> <span class='ocrx_word' id='word_1_75' title='bbox 633 1060 671 1093; x_wconf 92' lang='lat' dir='ltr'>in</span> <span class='ocrx_word' id='word_1_76' title='bbox 690 1060 822 1106; x_wconf 76' lang='lat' dir='ltr'>portali</span> 
     </span>
     <span class='ocr_line' id='line_1_19' title="bbox 183 1104 545 1146; baseline -0.003 -7"><span class='ocrx_word' id='word_1_77' title='bbox 183 1105 356 1139; x_wconf 68' lang='lat' dir='ltr'>eeclesiae</span> <span class='ocrx_word' id='word_1_78' title='bbox 385 1104 462 1146; x_wconf 84' lang='lat'>189,</span> <span class='ocrx_word' id='word_1_79' title='bbox 490 1106 545 1138; x_wconf 84' lang='lat'>11.</span> 
     </span>
    </p>

    <p class='ocr_par' dir='ltr' id='par_1_8' title="bbox 137 1151 528 1198">
     <span class='ocr_line' id='line_1_20' title="bbox 137 1151 528 1198; baseline -0.003 -12"><span class='ocrx_word' id='word_1_80' title='bbox 137 1153 206 1186; x_wconf 72' lang='grc' dir='ltr'>ἶσα</span> <span class='ocrx_word' id='word_1_81' title='bbox 234 1151 345 1198; x_wconf 74' lang='lat' dir='ltr'>Cupie</span> <span class='ocrx_word' id='word_1_82' title='bbox 364 1151 444 1192; x_wconf 79' lang='grc'><strong>324,</strong></span> <span class='ocrx_word' id='word_1_83' title='bbox 474 1154 528 1188; x_wconf 91' lang='grc'>10.</span> 
     </span>
    </p>

    <p class='ocr_par' dir='ltr' id='par_1_9' title="bbox 135 1199 752 1238">
     <span class='ocr_line' id='line_1_21' title="bbox 135 1199 752 1238; baseline 0 -6"><span class='ocrx_word' id='word_1_84' title='bbox 135 1199 226 1232; x_wconf 67' lang='grc' dir='ltr'>ἵστα</span> <span class='ocrx_word' id='word_1_85' title='bbox 258 1199 565 1233; x_wconf 74' lang='lat' dir='ltr'>Fenerschwamm</span> <span class='ocrx_word' id='word_1_86' title='bbox 590 1201 670 1238; x_wconf 86' lang='lat'>558,</span> <span class='ocrx_word' id='word_1_87' title='bbox 694 1202 752 1236; x_wconf 86' lang='lat'><strong>28.</strong></span> 
     </span>
    </p>

    <p class='ocr_par' dir='ltr' id='par_1_10' title="bbox 134 1245 822 1429">
     <span class='ocr_line' id='line_1_22' title="bbox 134 1245 819 1289; baseline 0.001 -11"><span class='ocrx_word' id='word_1_88' title='bbox 134 1246 176 1285; x_wconf 73' lang='grc' dir='ltr'>ἐξ</span> <span class='ocrx_word' id='word_1_89' title='bbox 198 1247 284 1279; x_wconf 79' lang='grc' dir='ltr'><em>ἴσου</em></span> <span class='ocrx_word' id='word_1_90' title='bbox 309 1245 546 1288; x_wconf 54' lang='lat' dir='ltr'>naqa-virm</span> <span class='ocrx_word' id='word_1_91' title='bbox 577 1256 606 1279; x_wconf 83' lang='lat' dir='ltr'><strong>s.</strong></span> <span class='ocrx_word' id='word_1_92' title='bbox 640 1247 698 1281; x_wconf 73' lang='grc' dir='ltr'>ἐπ’</span> <span class='ocrx_word' id='word_1_93' title='bbox 728 1249 819 1289; x_wconf 78' lang='grc' dir='ltr'><strong>ἴσης.</strong></span> 
     </span>
     <span class='ocr_line' id='line_1_23' title="bbox 184 1290 822 1327; baseline 0.003 -4"><span class='ocrx_word' id='word_1_94' title='bbox 184 1291 222 1324; x_wconf 85' lang='lat' dir='ltr'>in</span> <span class='ocrx_word' id='word_1_95' title='bbox 249 1290 373 1324; x_wconf 87' lang='lat' dir='ltr'>eadem</span> <span class='ocrx_word' id='word_1_96' title='bbox 407 1292 501 1324; x_wconf 88' lang='lat' dir='ltr'>linea</span> <span class='ocrx_word' id='word_1_97' title='bbox 536 1303 641 1325; x_wconf 88' lang='lat' dir='ltr'>nemo</span> <span class='ocrx_word' id='word_1_98' title='bbox 674 1291 822 1327; x_wconf 78' lang='lat' dir='ltr'>sedebat</span> 
     </span>
     <span class='ocr_line' id='line_1_24' title="bbox 182 1337 821 1383; baseline 0.006 -13"><span class='ocrx_word' id='word_1_99' title='bbox 182 1347 264 1370; x_wconf 84' lang='lat' dir='ltr'>cum</span> <span class='ocrx_word' id='word_1_100' title='bbox 289 1337 376 1382; x_wconf 83' lang='lat' dir='ltr'>imp.</span> <span class='ocrx_word' id='word_1_101' title='bbox 398 1339 475 1376; x_wconf 83' lang='lat'>198,</span> <span class='ocrx_word' id='word_1_102' title='bbox 492 1341 544 1373; x_wconf 94' lang='grc'>17.</span> <span class='ocrx_word' id='word_1_103' title='bbox 593 1350 712 1383; x_wconf 85' lang='lat' dir='ltr'>neque</span> <span class='ocrx_word' id='word_1_104' title='bbox 728 1351 821 1374; x_wconf 84' lang='lat' dir='ltr'>sem-</span> 
     </span>
     <span class='ocr_line' id='line_1_25' title="bbox 185 1383 725 1429; baseline 0.002 -13"><span class='ocrx_word' id='word_1_105' title='bbox 185 1395 249 1429; x_wconf 87' lang='lat' dir='ltr'>per</span> <span class='ocrx_word' id='word_1_106' title='bbox 274 1384 351 1428; x_wconf 83' lang='lat' dir='ltr'>ipse</span> <span class='ocrx_word' id='word_1_107' title='bbox 371 1383 568 1429; x_wconf 76' lang='lat' dir='ltr'>patriarcha</span> <span class='ocrx_word' id='word_1_108' title='bbox 588 1387 668 1423; x_wconf 75' lang='lat'>229,</span> <span class='ocrx_word' id='word_1_109' title='bbox 693 1389 725 1422; x_wconf 88' lang='lat'>7.</span> 
     </span>
    </p>

    <p class='ocr_par' dir='ltr' id='par_1_11' title="bbox 137 1430 818 1517">
     <span class='ocr_line' id='line_1_26' title="bbox 137 1430 818 1477; baseline 0.001 -13"><span class='ocrx_word' id='word_1_110' title='bbox 137 1430 374 1476; x_wconf 73' lang='lat' dir='ltr'>Hispanorum</span> <span class='ocrx_word' id='word_1_111' title='bbox 398 1431 530 1474; x_wconf 77' lang='lat' dir='ltr'>legatio</span> <span class='ocrx_word' id='word_1_112' title='bbox 547 1433 592 1465; x_wconf 88' lang='lat' dir='ltr'>ad</span> <span class='ocrx_word' id='word_1_113' title='bbox 619 1433 736 1465; x_wconf 83' lang='lat' dir='ltr'>aulam</span> <span class='ocrx_word' id='word_1_114' title='bbox 750 1433 818 1477; x_wconf 79' lang='lat' dir='ltr'>By-</span> 
     </span>
     <span class='ocr_line' id='line_1_27' title="bbox 182 1478 548 1517; baseline 0 -7"><span class='ocrx_word' id='word_1_115' title='bbox 182 1478 359 1510; x_wconf 74' lang='lat' dir='ltr'>zantiuam</span> <span class='ocrx_word' id='word_1_116' title='bbox 389 1479 468 1517; x_wconf 83' lang='grc'><strong>651,</strong></span> <span class='ocrx_word' id='word_1_117' title='bbox 490 1480 548 1513; x_wconf 87' lang='grc'>30.</span> 
     </span>
    </p>

    <p class='ocr_par' dir='ltr' id='par_1_12' title="bbox 137 1524 635 1614">
     <span class='ocr_line' id='line_1_28' title="bbox 137 1524 635 1568; baseline -0.006 -9"><span class='ocrx_word' id='word_1_118' title='bbox 137 1524 321 1560; x_wconf 72' lang='grc' dir='ltr'>ἵστασθαι</span> <span class='ocrx_word' id='word_1_119' title='bbox 354 1524 537 1568; x_wconf 82' lang='lat' dir='ltr'>incipere,</span> <span class='ocrx_word' id='word_1_120' title='bbox 576 1524 635 1557; x_wconf 84' lang='lat' dir='ltr'>vel</span> 
     </span>
     <span class='ocr_line' id='line_1_29' title="bbox 183 1571 558 1614; baseline -0.005 -10"><span class='ocrx_word' id='word_1_121' title='bbox 183 1571 390 1614; x_wconf 80' lang='lat' dir='ltr'>contingere</span> <span class='ocrx_word' id='word_1_122' title='bbox 407 1573 487 1610; x_wconf 79' lang='grc'><strong>597,</strong></span> <span class='ocrx_word' id='word_1_123' title='bbox 503 1572 558 1603; x_wconf 91' lang='grc'>11.</span> 
     </span>
    </p>

    <p class='ocr_par' dir='ltr' id='par_1_13' title="bbox 136 1617 580 1663">
     <span class='ocr_line' id='line_1_30' title="bbox 136 1617 580 1663; baseline -0.002 -12"><span class='ocrx_word' id='word_1_124' title='bbox 136 1619 290 1663; x_wconf 59' lang='lat' dir='ltr'>tomos</span> <span class='ocrx_word' id='word_1_125' title='bbox 313 1617 415 1651; x_wconf 82' lang='lat' dir='ltr'>fortis</span> <span class='ocrx_word' id='word_1_126' title='bbox 438 1617 519 1655; x_wconf 80' lang='grc'><strong>414,</strong></span> <span class='ocrx_word' id='word_1_127' title='bbox 546 1619 580 1653; x_wconf 88' lang='lat'>9.</span> 
     </span>
    </p>

    <p class='ocr_par' dir='ltr' id='par_1_14' title="bbox 135 1663 757 1710">
     <span class='ocr_line' id='line_1_31' title="bbox 135 1663 757 1710; baseline 0 -14"><span class='ocrx_word' id='word_1_128' title='bbox 135 1665 242 1698; x_wconf 79' lang='lat' dir='ltr'>ltalia</span> <span class='ocrx_word' id='word_1_129' title='bbox 269 1675 333 1710; x_wconf 89' lang='lat' dir='ltr'>pro</span> <span class='ocrx_word' id='word_1_130' title='bbox 358 1663 571 1698; x_wconf 87' lang='lat' dir='ltr'>Lombardia</span> <span class='ocrx_word' id='word_1_131' title='bbox 596 1667 676 1704; x_wconf 78' lang='grc'><strong>781,</strong></span> <span class='ocrx_word' id='word_1_132' title='bbox 699 1667 757 1700; x_wconf 76' lang='lat'><strong>22.</strong></span> 
     </span>
    </p>

    <p class='ocr_par' dir='ltr' id='par_1_15' title="bbox 133 1711 680 1756">
     <span class='ocr_line' id='line_1_32' title="bbox 133 1711 680 1756; baseline 0.002 -13"><span class='ocrx_word' id='word_1_133' title='bbox 133 1711 264 1745; x_wconf 84' lang='lat' dir='ltr'>lustini</span> <span class='ocrx_word' id='word_1_134' title='bbox 293 1711 494 1756; x_wconf 80' lang='lat' dir='ltr'>sepulcrum</span> <span class='ocrx_word' id='word_1_135' title='bbox 520 1713 598 1749; x_wconf 83' lang='lat'>760,</span> <span class='ocrx_word' id='word_1_136' title='bbox 626 1712 680 1746; x_wconf 89' lang='grc'>19.</span> 
     </span>
    </p>

    <p class='ocr_par' dir='ltr' id='par_1_16' title="bbox 133 1757 736 1797">
     <span class='ocr_line' id='line_1_33' title="bbox 133 1757 736 1797; baseline -0.002 -6"><span class='ocrx_word' id='word_1_137' title='bbox 133 1757 323 1791; x_wconf 83' lang='lat' dir='ltr'>Iustiniani</span> <span class='ocrx_word' id='word_1_138' title='bbox 347 1757 395 1790; x_wconf 80' lang='lat' dir='ltr'>M.</span> <span class='ocrx_word' id='word_1_139' title='bbox 420 1768 547 1791; x_wconf 74' lang='lat' dir='ltr'>uxores</span> <span class='ocrx_word' id='word_1_140' title='bbox 575 1759 654 1797; x_wconf 85' lang='lat'>767,</span> <span class='ocrx_word' id='word_1_141' title='bbox 679 1758 736 1793; x_wconf 91' lang='grc'>14.</span> 
     </span>
    </p>

    <p class='ocr_par' dir='ltr' id='par_1_17' title="bbox 134 1802 817 1890">
     <span class='ocr_line' id='line_1_34' title="bbox 134 1802 817 1843; baseline 0 -6"><span class='ocrx_word' id='word_1_142' title='bbox 134 1804 327 1838; x_wconf 86' lang='lat' dir='ltr'>Iustiniani</span> <span class='ocrx_word' id='word_1_143' title='bbox 363 1804 558 1843; x_wconf 83' lang='lat' dir='ltr'>triclinium</span> <span class='ocrx_word' id='word_1_144' title='bbox 584 1807 652 1841; x_wconf 87' lang='grc'>205</span> <span class='ocrx_word' id='word_1_145' title='bbox 672 1804 736 1838; x_wconf 83' lang='lat' dir='ltr'>ult.</span> <span class='ocrx_word' id='word_1_146' title='bbox 772 1802 817 1837; x_wconf 89' lang='lat' dir='ltr'>de</span> 
     </span>
     <span class='ocr_line' id='line_1_35' title="bbox 186 1851 595 1890; baseline 0 -7"><span class='ocrx_word' id='word_1_147' title='bbox 186 1851 263 1884; x_wconf 87' lang='lat' dir='ltr'>eius</span> <span class='ocrx_word' id='word_1_148' title='bbox 286 1851 433 1884; x_wconf 83' lang='lat' dir='ltr'>materia</span> <span class='ocrx_word' id='word_1_149' title='bbox 456 1853 536 1890; x_wconf 78' lang='lat'>206,</span> <span class='ocrx_word' id='word_1_150' title='bbox 562 1853 595 1886; x_wconf 86' lang='lat'>5.</span> 
     </span>
    </p>

    <p class='ocr_par' dir='ltr' id='par_1_18' title="bbox 133 1896 816 1978">
     <span class='ocr_line' id='line_1_36' title="bbox 133 1896 816 1978; baseline 0 -48"><span class='ocrx_word' id='word_1_151' title='bbox 133 1896 169 1930; x_wconf 88' lang='lat' dir='ltr'>S.</span> <span class='ocrx_word' id='word_1_152' title='bbox 181 1897 398 1978; x_wconf 77' lang='lat' dir='ltr'>4lohannnis</span> <span class='ocrx_word' id='word_1_153' title='bbox 437 1897 615 1943; x_wconf 82' lang='lat' dir='ltr'>baptistae</span> <span class='ocrx_word' id='word_1_154' title='bbox 645 1897 816 1943; x_wconf 85' lang='lat' dir='ltr'>templum</span> 
     </span>
    </p>

    <p class='ocr_par' dir='ltr' id='par_1_19' title="bbox 134 1990 813 2036">
     <span class='ocr_line' id='line_1_37' title="bbox 134 1990 813 2036; baseline 0.006 -12"><span class='ocrx_word' id='word_1_155' title='bbox 134 2001 157 2024; x_wconf 73' lang='grc' dir='ltr'><strong>κ</strong></span> <span class='ocrx_word' id='word_1_156' title='bbox 180 2001 244 2034; x_wconf 82' lang='lat' dir='ltr'>pro</span> <span class='ocrx_word' id='word_1_157' title='bbox 271 2002 301 2025; x_wconf 83' lang='grc' dir='ltr'><em>π</em></span> <span class='ocrx_word' id='word_1_158' title='bbox 325 1991 479 2036; x_wconf 85' lang='lat' dir='ltr'>positum</span> <span class='ocrx_word' id='word_1_159' title='bbox 503 1990 624 2024; x_wconf 84' lang='lat' dir='ltr'>Aeolis</span> <span class='ocrx_word' id='word_1_160' title='bbox 649 1991 732 2031; x_wconf 68' lang='lat'>604,</span> <span class='ocrx_word' id='word_1_161' title='bbox 759 1992 813 2027; x_wconf 73' lang='grc'>19.</span> 
     </span>
    </p>

    <p class='ocr_par' dir='ltr' id='par_1_20' title="bbox 133 2039 672 2082">
     <span class='ocr_line' id='line_1_38' title="bbox 133 2039 672 2082; baseline 0.002 -13"><span class='ocrx_word' id='word_1_162' title='bbox 133 2047 157 2070; x_wconf 77' lang='lat' dir='ltr'>ae</span> <span class='ocrx_word' id='word_1_163' title='bbox 184 2042 221 2069; x_wconf 88' lang='lat' dir='ltr'>et</span> <span class='ocrx_word' id='word_1_164' title='bbox 244 2048 264 2070; x_wconf 80' lang='lat' dir='ltr'>‘t</span> <span class='ocrx_word' id='word_1_165' title='bbox 288 2043 487 2082; x_wconf 83' lang='lat' dir='ltr'>permutata</span> <span class='ocrx_word' id='word_1_166' title='bbox 510 2039 591 2077; x_wconf 84' lang='grc'><strong>464,</strong></span> <span class='ocrx_word' id='word_1_167' title='bbox 614 2039 672 2073; x_wconf 84' lang='lat'>35.</span> 
     </span>
    </p>

    <p class='ocr_par' dir='ltr' id='par_1_21' title="bbox 131 2082 814 2128">
     <span class='ocr_line' id='line_1_39' title="bbox 131 2082 814 2128; baseline -0.001 -11"><span class='ocrx_word' id='word_1_168' title='bbox 131 2082 289 2128; x_wconf 75' lang='grc' dir='ltr'>καβιέδιν</span> <span class='ocrx_word' id='word_1_169' title='bbox 323 2085 575 2118; x_wconf 71' lang='lat' dir='ltr'>vestimentum</span> <span class='ocrx_word' id='word_1_170' title='bbox 606 2082 673 2116; x_wconf 79' lang='lat' dir='ltr'>sub</span> <span class='ocrx_word' id='word_1_171' title='bbox 703 2083 814 2117; x_wconf 87' lang='lat' dir='ltr'>lorica</span> 
     </span>
    </p>

    <p class='ocr_par' dir='ltr' id='par_1_22' title="bbox 130 2176 814 2312">
     <span class='ocr_line' id='line_1_40' title="bbox 130 2176 813 2220; baseline -0.001 -9"><span class='ocrx_word' id='word_1_172' title='bbox 130 2176 382 2220; x_wconf 72' lang='grc' dir='ltr'>καβαλικεῠειν</span> <span class='ocrx_word' id='word_1_173' title='bbox 423 2177 557 2210; x_wconf 88' lang='lat' dir='ltr'>nemini</span> <span class='ocrx_word' id='word_1_174' title='bbox 608 2176 741 2210; x_wconf 83' lang='lat' dir='ltr'>licebat</span> <span class='ocrx_word' id='word_1_175' title='bbox 774 2177 813 2210; x_wconf 90' lang='lat' dir='ltr'>in</span> 
     </span>
     <span class='ocr_line' id='line_1_41' title="bbox 178 2222 814 2269; baseline 0.003 -15"><span class='ocrx_word' id='word_1_176' title='bbox 178 2233 272 2267; x_wconf 84' lang='lat' dir='ltr'>equo</span> <span class='ocrx_word' id='word_1_177' title='bbox 297 2222 453 2256; x_wconf 87' lang='lat' dir='ltr'>Chalcen</span> <span class='ocrx_word' id='word_1_178' title='bbox 489 2224 643 2265; x_wconf 83' lang='lat' dir='ltr'>intrare,</span> <span class='ocrx_word' id='word_1_179' title='bbox 673 2228 814 2269; x_wconf 87' lang='lat' dir='ltr'>praeter</span> 
     </span>
     <span class='ocr_line' id='line_1_42' title="bbox 177 2268 594 2312; baseline 0.002 -11"><span class='ocrx_word' id='word_1_180' title='bbox 177 2269 431 2312; x_wconf 78' lang='lat' dir='ltr'>Imperatorem</span> <span class='ocrx_word' id='word_1_181' title='bbox 460 2269 537 2309; x_wconf 89' lang='lat'>191,</span> <span class='ocrx_word' id='word_1_182' title='bbox 560 2268 594 2303; x_wconf 80' lang='grc'>4.</span> 
     </span>
    </p>

    <p class='ocr_par' dir='ltr' id='par_1_23' title="bbox 129 2311 747 2360">
     <span class='ocr_line' id='line_1_43' title="bbox 129 2311 747 2360; baseline 0.003 -12"><span class='ocrx_word' id='word_1_183' title='bbox 129 2311 383 2360; x_wconf 76' lang='grc' dir='ltr'><strong><em>καβτιλλιίριον</em></strong></span> <span class='ocrx_word' id='word_1_184' title='bbox 405 2316 583 2351; x_wconf 77' lang='lat' dir='ltr'>Reicbahn</span> <span class='ocrx_word' id='word_1_185' title='bbox 608 2319 666 2357; x_wconf 87' lang='lat'>39,</span> <span class='ocrx_word' id='word_1_186' title='bbox 690 2319 747 2353; x_wconf 84' lang='lat'><strong>25.</strong></span> 
     </span>
    </p>

    <p class='ocr_par' dir='ltr' id='par_1_24' title="bbox 130 2360 547 2407">
     <span class='ocr_line' id='line_1_44' title="bbox 130 2360 547 2407; baseline 0 -13"><span class='ocrx_word' id='word_1_187' title='bbox 130 2360 151 2394; x_wconf 83' lang='grc' dir='ltr'>ὁ</span> <span class='ocrx_word' id='word_1_188' title='bbox 179 2361 424 2407; x_wconf 76' lang='grc' dir='ltr'><strong><em>καβαλλάριος</em></strong></span> <span class='ocrx_word' id='word_1_189' title='bbox 440 2362 475 2401; x_wconf 88' lang='grc'>6,</span> <span class='ocrx_word' id='word_1_190' title='bbox 490 2366 547 2398; x_wconf 86' lang='grc'>21.</span> 
     </span>
    </p>

    <p class='ocr_par' dir='ltr' id='par_1_25' title="bbox 128 2408 809 2454">
     <span class='ocr_line' id='line_1_45' title="bbox 128 2408 809 2454; baseline 0 -12"><span class='ocrx_word' id='word_1_191' title='bbox 128 2408 306 2453; x_wconf 71' lang='grc' dir='ltr'><strong><em>καγκέλλιτ</em></strong></span> <span class='ocrx_word' id='word_1_192' title='bbox 329 2414 411 2442; x_wconf 79' lang='lat' dir='ltr'>aute</span> <span class='ocrx_word' id='word_1_193' title='bbox 434 2410 523 2454; x_wconf 86' lang='lat' dir='ltr'><strong>Imp.</strong></span> <span class='ocrx_word' id='word_1_194' title='bbox 541 2409 707 2442; x_wconf 82' lang='lat' dir='ltr'>thronum</span> <span class='ocrx_word' id='word_1_195' title='bbox 728 2410 809 2449; x_wconf 81' lang='lat'>296,</span> 
     </span>
    </p>

    <p class='ocr_par' dir='ltr' id='par_1_26' title="bbox 126 2500 809 2630">
     <span class='ocr_line' id='line_1_46' title="bbox 126 2500 808 2547; baseline -0.001 -12"><span class='ocrx_word' id='word_1_196' title='bbox 126 2500 297 2547; x_wconf 71' lang='grc' dir='ltr'><strong><em>κάθισμα</em></strong></span> <span class='ocrx_word' id='word_1_197' title='bbox 310 2501 531 2547; x_wconf 79' lang='lat' dir='ltr'>Imperatoris</span> <span class='ocrx_word' id='word_1_198' title='bbox 556 2502 593 2534; x_wconf 87' lang='lat' dir='ltr'>in</span> <span class='ocrx_word' id='word_1_199' title='bbox 609 2502 702 2535; x_wconf 85' lang='lat' dir='ltr'>ludis</span> <span class='ocrx_word' id='word_1_200' title='bbox 724 2513 808 2546; x_wconf 83' lang='lat' dir='ltr'>spe-</span> 
     </span>
     <span class='ocr_line' id='line_1_47' title="bbox 175 2547 809 2589; baseline 0.008 -9"><span class='ocrx_word' id='word_1_201' title='bbox 175 2547 314 2582; x_wconf 85' lang='lat' dir='ltr'>ctandis</span> <span class='ocrx_word' id='word_1_202' title='bbox 348 2548 507 2582; x_wconf 78' lang='lat' dir='ltr'>tribunal</span> <span class='ocrx_word' id='word_1_203' title='bbox 529 2550 611 2588; x_wconf 87' lang='grc'><strong>309,</strong></span> <span class='ocrx_word' id='word_1_204' title='bbox 639 2549 692 2581; x_wconf 90' lang='grc'>11.</span> <span class='ocrx_word' id='word_1_205' title='bbox 728 2551 809 2589; x_wconf 87' lang='grc'><strong>883,</strong></span> 
     </span>
     <span class='ocr_line' id='line_1_48' title="bbox 173 2597 230 2630; baseline -0.07 1"><span class='ocrx_word' id='word_1_206' title='bbox 173 2597 230 2630; x_wconf 90' lang='grc'>27.</span> 
     </span>
    </p>

    <p class='ocr_par' dir='ltr' id='par_1_27' title="bbox 127 2639 807 2725">
     <span class='ocr_line' id='line_1_49' title="bbox 127 2639 807 2685; baseline -0.001 -11"><span class='ocrx_word' id='word_1_207' title='bbox 127 2639 324 2679; x_wconf 73' lang='grc' dir='ltr'><strong><em>καθολικός</em></strong></span> <span class='ocrx_word' id='word_1_208' title='bbox 376 2640 503 2673; x_wconf 85' lang='lat' dir='ltr'>titulus</span> <span class='ocrx_word' id='word_1_209' title='bbox 562 2640 807 2685; x_wconf 82' lang='lat' dir='ltr'>episcoporum</span> 
     </span>
     <span class='ocr_line' id='line_1_50' title="bbox 173 2686 597 2725; baseline -0.005 -6"><span class='ocrx_word' id='word_1_210' title='bbox 173 2686 400 2720; x_wconf 86' lang='lat' dir='ltr'>orientalium</span> <span class='ocrx_word' id='word_1_211' title='bbox 428 2686 510 2725; x_wconf 88' lang='lat'>811,</span> <span class='ocrx_word' id='word_1_212' title='bbox 543 2686 597 2718; x_wconf 85' lang='grc'>15.</span> 
     </span>
    </p>

    <p class='ocr_par' dir='ltr' id='par_1_28' title="bbox 125 2732 804 2771">
     <span class='ocr_line' id='line_1_51' title="bbox 125 2732 804 2771; baseline 0 -6"><span class='ocrx_word' id='word_1_213' title='bbox 125 2736 355 2771; x_wconf 72' lang='grc' dir='ltr'><strong><em>καθοσίωσις</em></strong></span> <span class='ocrx_word' id='word_1_214' title='bbox 386 2733 618 2766; x_wconf 79' lang='lat' dir='ltr'>sanctimonia</span> <span class='ocrx_word' id='word_1_215' title='bbox 641 2732 722 2771; x_wconf 81' lang='grc'><strong>435,</strong></span> <span class='ocrx_word' id='word_1_216' title='bbox 750 2735 804 2768; x_wconf 83' lang='grc'>15.</span> 
     </span>
    </p>

    <p class='ocr_par' dir='ltr' id='par_1_29' title="bbox 124 2777 547 2819">
     <span class='ocr_line' id='line_1_52' title="bbox 124 2777 547 2819; baseline -0.002 -7"><span class='ocrx_word' id='word_1_217' title='bbox 124 2781 186 2812; x_wconf 77' lang='grc' dir='ltr'>καὶ</span> <span class='ocrx_word' id='word_1_218' title='bbox 209 2779 367 2814; x_wconf 81' lang='lat' dir='ltr'>abundat</span> <span class='ocrx_word' id='word_1_219' title='bbox 389 2777 465 2819; x_wconf 68' lang='lat'>124,</span> <span class='ocrx_word' id='word_1_220' title='bbox 491 2779 547 2812; x_wconf 83' lang='grc'>21.</span> 
     </span>
    </p>
   </div>
   <div class='ocr_carea' id='block_1_3' title="bbox 681 1524 817 1566">
    <p class='ocr_par' dir='ltr' id='par_1_30' title="bbox 681 1524 817 1566">
     <span class='ocr_line' id='line_1_53' title="bbox 681 1524 817 1566; baseline 0 -8"><span class='ocrx_word' id='word_1_221' title='bbox 681 1524 817 1566; x_wconf 82' lang='lat' dir='ltr'>adesse,</span> 
     </span>
    </p>
   </div>
   <div class='ocr_carea' id='block_1_4' title="bbox 1476 209 1588 267">
    <p class='ocr_par' dir='ltr' id='par_1_31' title="bbox 1476 209 1588 267">
     <span class='ocr_line' id='line_1_54' title="bbox 1476 209 1588 267; baseline 0.027 -3"><span class='ocrx_word' id='word_1_222' title='bbox 1476 209 1588 267; x_wconf 88' lang='lat'>9¹7</span> 
     </span>
    </p>
   </div>
   <div class='ocr_carea' id='block_1_5' title="bbox 883 307 1591 2824">
    <p class='ocr_par' dir='ltr' id='par_1_32' title="bbox 902 307 1588 396">
     <span class='ocr_line' id='line_1_55' title="bbox 902 307 1588 354; baseline -0.004 -11"><span class='ocrx_word' id='word_1_223' title='bbox 902 311 946 343; x_wconf 73' lang='grc' dir='ltr'>αἱ</span> <span class='ocrx_word' id='word_1_224' title='bbox 966 310 1099 344; x_wconf 71' lang='grc' dir='ltr'><strong><em>καιναί</em></strong></span> <span class='ocrx_word' id='word_1_225' title='bbox 1131 309 1250 342; x_wconf 70' lang='lat' dir='ltr'>vestes</span> <span class='ocrx_word' id='word_1_226' title='bbox 1278 307 1506 354; x_wconf 72' lang='lat' dir='ltr'>baptismales</span> <span class='ocrx_word' id='word_1_227' title='bbox 1535 311 1588 344; x_wconf 85' lang='lat' dir='ltr'>at-</span> 
     </span>
     <span class='ocr_line' id='line_1_56' title="bbox 949 355 1445 396; baseline 0.004 -8"><span class='ocrx_word' id='word_1_228' title='bbox 949 355 1017 388; x_wconf 88' lang='lat' dir='ltr'>bae</span> <span class='ocrx_word' id='word_1_229' title='bbox 1050 356 1129 396; x_wconf 87' lang='grc'><strong>147,</strong></span> <span class='ocrx_word' id='word_1_230' title='bbox 1153 358 1187 391; x_wconf 80' lang='lat'><strong>3.</strong></span> <span class='ocrx_word' id='word_1_231' title='bbox 1218 356 1281 390; x_wconf 80' lang='lat' dir='ltr'>cfr.</span> <span class='ocrx_word' id='word_1_232' title='bbox 1307 358 1386 395; x_wconf 86' lang='grc'><strong>729,</strong></span> <span class='ocrx_word' id='word_1_233' title='bbox 1410 359 1445 392; x_wconf 90' lang='grc'>3.</span> 
     </span>
    </p>

    <p class='ocr_par' dir='ltr' id='par_1_33' title="bbox 903 400 1541 449">
     <span class='ocr_line' id='line_1_57' title="bbox 903 400 1541 449; baseline 0 -13"><span class='ocrx_word' id='word_1_234' title='bbox 903 402 923 446; x_wconf 82' lang='grc' dir='ltr'><strong><em>ἥ</em></strong></span> <span class='ocrx_word' id='word_1_235' title='bbox 949 400 1057 446; x_wconf 71' lang='grc' dir='ltr'><strong><em>καινὴ</em></strong></span> <span class='ocrx_word' id='word_1_236' title='bbox 1086 404 1242 448; x_wconf 64' lang='lat' dir='ltr'>avenam}</span> <span class='ocrx_word' id='word_1_237' title='bbox 1277 402 1349 436; x_wconf 86' lang='lat' dir='ltr'>vid.</span> <span class='ocrx_word' id='word_1_238' title='bbox 1374 404 1541 449; x_wconf 70' lang='grc' dir='ltr'><strong>κυριακῆ.</strong></span> 
     </span>
    </p>

    <p class='ocr_par' dir='ltr' id='par_1_34' title="bbox 901 449 1496 496">
     <span class='ocr_line' id='line_1_58' title="bbox 901 449 1496 496; baseline 0.002 -13"><span class='ocrx_word' id='word_1_239' title='bbox 901 449 1147 496; x_wconf 72' lang='grc' dir='ltr'><strong><em>καινοὺργιον</em></strong></span> <span class='ocrx_word' id='word_1_240' title='bbox 1181 449 1305 482; x_wconf 84' lang='lat' dir='ltr'>domus</span> <span class='ocrx_word' id='word_1_241' title='bbox 1333 452 1414 490; x_wconf 80' lang='grc'><strong>700,</strong></span> <span class='ocrx_word' id='word_1_242' title='bbox 1437 453 1496 487; x_wconf 86' lang='grc'>37.</span> 
     </span>
    </p>

    <p class='ocr_par' dir='ltr' id='par_1_35' title="bbox 902 496 1591 591">
     <span class='ocr_line' id='line_1_59' title="bbox 902 496 1591 542; baseline 0.001 -11"><span class='ocrx_word' id='word_1_243' title='bbox 902 500 1058 542; x_wconf 76' lang='grc' dir='ltr'><strong><em>Καῖσαρ</em></strong></span> <span class='ocrx_word' id='word_1_244' title='bbox 1086 507 1160 530; x_wconf 88' lang='lat' dir='ltr'>non</span> <span class='ocrx_word' id='word_1_245' title='bbox 1188 496 1411 536; x_wconf 75' lang='lat' dir='ltr'>Thronerbe,</span> <span class='ocrx_word' id='word_1_246' title='bbox 1433 497 1498 530; x_wconf 81' lang='lat' dir='ltr'>sed</span> <span class='ocrx_word' id='word_1_247' title='bbox 1522 498 1591 532; x_wconf 90' lang='lat' dir='ltr'>mi-</span> 
     </span>
     <span class='ocr_line' id='line_1_60' title="bbox 955 541 1588 591; baseline 0.005 -16"><span class='ocrx_word' id='word_1_248' title='bbox 955 543 1054 576; x_wconf 86' lang='lat' dir='ltr'>litiae</span> <span class='ocrx_word' id='word_1_249' title='bbox 1086 541 1158 576; x_wconf 85' lang='lat' dir='ltr'>dux</span> <span class='ocrx_word' id='word_1_250' title='bbox 1183 544 1277 585; x_wconf 80' lang='grc'><strong>264,</strong></span> <span class='ocrx_word' id='word_1_251' title='bbox 1304 547 1360 580; x_wconf 82' lang='grc'>20.</span> <span class='ocrx_word' id='word_1_252' title='bbox 1401 541 1421 579; x_wconf 81' lang='lat' dir='ltr'>o‘</span> <span class='ocrx_word' id='word_1_253' title='bbox 1450 543 1511 591; x_wconf 73' lang='grc' dir='ltr'>ἆγ.</span> <span class='ocrx_word' id='word_1_254' title='bbox 1539 548 1588 580; x_wconf 78' lang='grc' dir='ltr'>Κ.</span> 
     </span>
    </p>

    <p class='ocr_par' dir='ltr' id='par_1_36' title="bbox 901 589 1589 719">
     <span class='ocr_line' id='line_1_61' title="bbox 901 589 1589 719; baseline 0.003 -50"><span class='ocrx_word' id='word_1_255' title='bbox 901 589 1131 719; x_wconf 43' lang='grc' dir='ltr'>καὲἓξέἱέεζιιὶ</span> <span class='ocrx_word' id='word_1_256' title='bbox 1147 647 1302 719; x_wconf 46' lang='lat' dir='ltr'>‹jorot—:gg</span> <span class='ocrx_word' id='word_1_257' title='bbox 1325 635 1485 719; x_wconf 48' lang='lat' dir='ltr'>Cssesaris</span> <span class='ocrx_word' id='word_1_258' title='bbox 1508 638 1589 679; x_wconf 72' lang='lat'>264,</span> 
     </span>
    </p>

    <p class='ocr_par' dir='ltr' id='par_1_37' title="bbox 978 693 1395 723">
     <span class='ocr_line' id='line_1_62' title="bbox 978 693 1395 723; baseline 0.002 -8"><span class='ocrx_word' id='word_1_259' title='bbox 978 709 985 715; x_wconf 96' lang='lat'>.</span> <span class='ocrx_word' id='word_1_260' title='bbox 1010 695 1029 717; x_wconf 87' lang='lat' dir='ltr'>e</span> <span class='ocrx_word' id='word_1_261' title='bbox 1073 695 1109 717; x_wconf 88' lang='lat' dir='ltr'>m</span> <span class='ocrx_word' id='word_1_262' title='bbox 1129 695 1150 715; x_wconf 92' lang='lat' dir='ltr'>u</span> <span class='ocrx_word' id='word_1_263' title='bbox 1168 693 1211 715; x_wconf 83' lang='lat' dir='ltr'>ae</span> <span class='ocrx_word' id='word_1_264' title='bbox 1235 696 1255 718; x_wconf 80' lang='lat' dir='ltr'>a</span> <span class='ocrx_word' id='word_1_265' title='bbox 1305 708 1314 723; x_wconf 91' lang='lat'>‚</span> <span class='ocrx_word' id='word_1_266' title='bbox 1386 708 1395 716; x_wconf 95' lang='lat'>.</span> 
     </span>
    </p>

    <p class='ocr_par' dir='ltr' id='par_1_38' title="bbox 905 725 1588 821">
     <span class='ocr_line' id='line_1_63' title="bbox 905 725 1588 776; baseline 0 -12"><span class='ocrx_word' id='word_1_267' title='bbox 905 725 1000 764; x_wconf 72' lang='grc' dir='ltr'>καλὰ</span> <span class='ocrx_word' id='word_1_268' title='bbox 1025 729 1155 775; x_wconf 76' lang='grc' dir='ltr'><strong><em>πάσχα</em></strong></span> <span class='ocrx_word' id='word_1_269' title='bbox 1182 731 1266 776; x_wconf 89' lang='lat' dir='ltr'>quia</span> <span class='ocrx_word' id='word_1_270' title='bbox 1299 729 1428 776; x_wconf 84' lang='lat' dir='ltr'>pascha</span> <span class='ocrx_word' id='word_1_271' title='bbox 1462 730 1588 764; x_wconf 83' lang='lat' dir='ltr'>laetis-</span> 
     </span>
     <span class='ocr_line' id='line_1_64' title="bbox 950 777 1588 821; baseline 0.013 -13"><span class='ocrx_word' id='word_1_272' title='bbox 950 777 1079 810; x_wconf 78' lang='lat' dir='ltr'>simum</span> <span class='ocrx_word' id='word_1_273' title='bbox 1104 778 1233 811; x_wconf 81' lang='lat' dir='ltr'>festum</span> <span class='ocrx_word' id='word_1_274' title='bbox 1258 777 1338 818; x_wconf 84' lang='grc'><strong>437,</strong></span> <span class='ocrx_word' id='word_1_275' title='bbox 1353 780 1387 814; x_wconf 86' lang='grc'>3.</span> <span class='ocrx_word' id='word_1_276' title='bbox 1418 777 1481 811; x_wconf 77' lang='lat' dir='ltr'>cfr.</span> <span class='ocrx_word' id='word_1_277' title='bbox 1507 779 1588 821; x_wconf 80' lang='grc'><strong>747,</strong></span> 
     </span>
    </p>

    <p class='ocr_par' dir='ltr' id='par_1_39' title="bbox 902 870 1588 963">
     <span class='ocr_line' id='line_1_65' title="bbox 902 870 1588 918; baseline -0.003 -15"><span class='ocrx_word' id='word_1_278' title='bbox 902 870 1141 918; x_wconf 74' lang='grc' dir='ltr'><em>καλαμιέριον</em></span> <span class='ocrx_word' id='word_1_279' title='bbox 1158 880 1262 915; x_wconf 86' lang='lat' dir='ltr'>capsa</span> <span class='ocrx_word' id='word_1_280' title='bbox 1277 870 1403 903; x_wconf 78' lang='lat' dir='ltr'>infulis</span> <span class='ocrx_word' id='word_1_281' title='bbox 1429 870 1588 906; x_wconf 74' lang='lat' dir='ltr'>conden-</span> 
     </span>
     <span class='ocr_line' id='line_1_66' title="bbox 948 917 1586 963; baseline 0.005 -14"><span class='ocrx_word' id='word_1_282' title='bbox 948 917 1004 950; x_wconf 79' lang='lat' dir='ltr'>dis</span> <span class='ocrx_word' id='word_1_283' title='bbox 1023 919 1147 957; x_wconf 67' lang='grc'><strong>44,37.</strong></span> <span class='ocrx_word' id='word_1_284' title='bbox 1196 917 1436 963; x_wconf 76' lang='lat' dir='ltr'>Schreibzeug</span> <span class='ocrx_word' id='word_1_285' title='bbox 1461 921 1586 958; x_wconf 86' lang='lat'><strong>285‚8.</strong></span> 
     </span>
    </p>

    <p class='ocr_par' dir='ltr' id='par_1_40' title="bbox 908 964 1563 1011">
     <span class='ocr_line' id='line_1_67' title="bbox 908 964 1563 1011; baseline 0.002 -14"><span class='ocrx_word' id='word_1_286' title='bbox 908 964 1074 1011; x_wconf 74' lang='grc' dir='ltr'><strong><em>καλάμια</em></strong></span> <span class='ocrx_word' id='word_1_287' title='bbox 1104 964 1273 1003; x_wconf 78' lang='lat' dir='ltr'>festucae,</span> <span class='ocrx_word' id='word_1_288' title='bbox 1297 964 1368 998; x_wconf 85' lang='lat' dir='ltr'>vid.</span> <span class='ocrx_word' id='word_1_289' title='bbox 1393 964 1563 1000; x_wconf 70' lang='grc' dir='ltr'><strong>ἄλλαττα.</strong></span> 
     </span>
    </p>

    <p class='ocr_par' dir='ltr' id='par_1_41' title="bbox 899 1006 1550 1056">
     <span class='ocr_line' id='line_1_68' title="bbox 899 1006 1550 1056; baseline 0.003 -13"><span class='ocrx_word' id='word_1_290' title='bbox 899 1006 987 1054; x_wconf 73' lang='grc' dir='ltr'>καὶὴ</span> <span class='ocrx_word' id='word_1_291' title='bbox 1013 1010 1131 1056; x_wconf 74' lang='grc' dir='ltr'><strong><em>ἡμέρα</em></strong></span> <span class='ocrx_word' id='word_1_292' title='bbox 1154 1011 1263 1044; x_wconf 78' lang='lat' dir='ltr'>festus</span> <span class='ocrx_word' id='word_1_293' title='bbox 1288 1010 1366 1044; x_wconf 82' lang='lat' dir='ltr'>dies</span> <span class='ocrx_word' id='word_1_294' title='bbox 1387 1013 1468 1053; x_wconf 82' lang='lat'>263,</span> <span class='ocrx_word' id='word_1_295' title='bbox 1491 1014 1550 1048; x_wconf 76' lang='grc'>34.</span> 
     </span>
    </p>

    <p class='ocr_par' dir='ltr' id='par_1_42' title="bbox 902 1057 1390 1103">
     <span class='ocr_line' id='line_1_69' title="bbox 902 1057 1390 1103; baseline 0.008 -12"><span class='ocrx_word' id='word_1_296' title='bbox 902 1057 1089 1103; x_wconf 71' lang='lat' dir='ltr'>Kalmemg</span> <span class='ocrx_word' id='word_1_297' title='bbox 1114 1057 1210 1090; x_wconf 82' lang='lat' dir='ltr'>unde</span> <span class='ocrx_word' id='word_1_298' title='bbox 1233 1059 1314 1098; x_wconf 82' lang='grc'><strong>462,</strong></span> <span class='ocrx_word' id='word_1_299' title='bbox 1332 1057 1390 1094; x_wconf 80' lang='grc'>44·</span> 
     </span>
    </p>

    <p class='ocr_par' dir='ltr' id='par_1_43' title="bbox 902 1104 1305 1148">
     <span class='ocr_line' id='line_1_70' title="bbox 902 1104 1305 1148; baseline 0.012 -12"><span class='ocrx_word' id='word_1_300' title='bbox 902 1105 1147 1148; x_wconf 66' lang='grc' dir='ltr'>κπὶνοβώμπια</span> <span class='ocrx_word' id='word_1_301' title='bbox 1171 1104 1251 1144; x_wconf 80' lang='grc'><strong>794,</strong></span> <span class='ocrx_word' id='word_1_302' title='bbox 1273 1106 1305 1140; x_wconf 82' lang='grc'><strong>3-</strong></span> 
     </span>
    </p>

    <p class='ocr_par' dir='ltr' id='par_1_44' title="bbox 900 1149 1586 1230">
     <span class='ocr_line' id='line_1_71' title="bbox 900 1149 1586 1230; baseline 0.003 -46"><span class='ocrx_word' id='word_1_303' title='bbox 900 1151 1021 1230; x_wconf 46' lang='lat' dir='ltr'>mega&amp;</span> <span class='ocrx_word' id='word_1_304' title='bbox 1031 1151 1139 1195; x_wconf 73' lang='grc' dir='ltr'><strong><em>ἦλθες</em></strong></span> <span class='ocrx_word' id='word_1_305' title='bbox 1152 1149 1330 1184; x_wconf 82' lang='lat' dir='ltr'>salutandi</span> <span class='ocrx_word' id='word_1_306' title='bbox 1341 1151 1493 1186; x_wconf 78' lang='lat' dir='ltr'>formula</span> <span class='ocrx_word' id='word_1_307' title='bbox 1509 1153 1586 1193; x_wconf 77' lang='grc'><strong>124,</strong></span> 
     </span>
    </p>

    <p class='ocr_par' dir='ltr' id='par_1_45' title="bbox 898 1243 1586 1329">
     <span class='ocr_line' id='line_1_72' title="bbox 898 1243 1586 1291; baseline 0.004 -14"><span class='ocrx_word' id='word_1_308' title='bbox 898 1243 1053 1290; x_wconf 78' lang='grc' dir='ltr'><strong><em>καμάρα</em></strong></span> <span class='ocrx_word' id='word_1_309' title='bbox 1078 1244 1236 1290; x_wconf 85' lang='lat' dir='ltr'>porticus</span> <span class='ocrx_word' id='word_1_310' title='bbox 1272 1245 1445 1291; x_wconf 82' lang='lat' dir='ltr'>cuiusque</span> <span class='ocrx_word' id='word_1_311' title='bbox 1471 1256 1586 1291; x_wconf 83' lang='lat' dir='ltr'>gene·</span> 
     </span>
     <span class='ocr_line' id='line_1_73' title="bbox 947 1291 1158 1329; baseline 0.024 -7"><span class='ocrx_word' id='word_1_312' title='bbox 947 1291 995 1324; x_wconf 70' lang='lat' dir='ltr'>fi⁸</span> <span class='ocrx_word' id='word_1_313' title='bbox 1018 1291 1077 1329; x_wconf 65' lang='lat'>84,</span> <span class='ocrx_word' id='word_1_314' title='bbox 1100 1291 1158 1327; x_wconf 71' lang='lat'>40·</span> 
     </span>
    </p>

    <p class='ocr_par' dir='ltr' id='par_1_46' title="bbox 897 1336 1583 1379">
     <span class='ocr_line' id='line_1_74' title="bbox 897 1336 1583 1379; baseline 0.006 -9"><span class='ocrx_word' id='word_1_315' title='bbox 897 1336 1128 1372; x_wconf 76' lang='lat' dir='ltr'>Kamaschen</span> <span class='ocrx_word' id='word_1_316' title='bbox 1155 1337 1250 1371; x_wconf 84' lang='lat' dir='ltr'>unde</span> <span class='ocrx_word' id='word_1_317' title='bbox 1273 1337 1434 1371; x_wconf 87' lang='lat' dir='ltr'>dicantur</span> <span class='ocrx_word' id='word_1_318' title='bbox 1455 1338 1583 1379; x_wconf 74' lang='grc'><strong>421,9.</strong></span> 
     </span>
    </p>

    <p class='ocr_par' dir='ltr' id='par_1_47' title="bbox 891 1385 1584 1520">
     <span class='ocr_line' id='line_1_75' title="bbox 891 1385 1584 1432; baseline 0.007 -17"><span class='ocrx_word' id='word_1_319' title='bbox 891 1393 1049 1417; x_wconf 73' lang='lat' dir='ltr'>cameae</span> <span class='ocrx_word' id='word_1_320' title='bbox 1087 1395 1245 1426; x_wconf 82' lang='lat' dir='ltr'>gemmae</span> <span class='ocrx_word' id='word_1_321' title='bbox 1262 1409 1272 1424; x_wconf 90' lang='lat'>‚</span> <span class='ocrx_word' id='word_1_322' title='bbox 1308 1385 1584 1432; x_wconf 73' lang='lat' dir='ltr'>holelausgesto·</span> 
     </span>
     <span class='ocr_line' id='line_1_76' title="bbox 943 1429 1583 1474; baseline 0.002 -9"><span class='ocrx_word' id='word_1_323' title='bbox 943 1429 1057 1465; x_wconf 81' lang='lat' dir='ltr'>chene</span> <span class='ocrx_word' id='word_1_324' title='bbox 1083 1432 1209 1466; x_wconf 72' lang='grc' dir='ltr'><strong><em>διεῖπε</em></strong></span> <span class='ocrx_word' id='word_1_325' title='bbox 1242 1431 1336 1464; x_wconf 87' lang='lat' dir='ltr'>unde</span> <span class='ocrx_word' id='word_1_326' title='bbox 1362 1431 1478 1466; x_wconf 84' lang='lat' dir='ltr'>dictae</span> <span class='ocrx_word' id='word_1_327' title='bbox 1500 1435 1583 1474; x_wconf 82' lang='lat'>695,</span> 
     </span>
     <span class='ocr_line' id='line_1_77' title="bbox 947 1487 1066 1520; baseline 0.008 -12"><span class='ocrx_word' id='word_1_328' title='bbox 947 1487 1031 1520; x_wconf 85' lang='lat' dir='ltr'>pen.</span> <span class='ocrx_word' id='word_1_329' title='bbox 1064 1507 1066 1509; x_wconf 78' lang='grc'><strong>,</strong></span> 
     </span>
    </p>

    <p class='ocr_par' dir='ltr' id='par_1_48' title="bbox 895 1523 1583 1703">
     <span class='ocr_line' id='line_1_78' title="bbox 895 1523 1581 1569; baseline 0.003 -13"><span class='ocrx_word' id='word_1_330' title='bbox 895 1523 1145 1568; x_wconf 74' lang='grc' dir='ltr'><em>καμελαύκιον</em></span> <span class='ocrx_word' id='word_1_331' title='bbox 1156 1525 1225 1560; x_wconf 85' lang='grc'>302</span> <span class='ocrx_word' id='word_1_332' title='bbox 1246 1524 1309 1558; x_wconf 80' lang='lat' dir='ltr'>ult.</span> <span class='ocrx_word' id='word_1_333' title='bbox 1360 1525 1405 1558; x_wconf 92' lang='lat' dir='ltr'>de</span> <span class='ocrx_word' id='word_1_334' title='bbox 1433 1525 1581 1569; x_wconf 80' lang='lat' dir='ltr'>geminis</span> 
     </span>
     <span class='ocr_line' id='line_1_79' title="bbox 942 1570 1583 1610; baseline 0.005 -9"><span class='ocrx_word' id='word_1_335' title='bbox 942 1570 1190 1610; x_wconf 75' lang='lat' dir='ltr'>camelauciis,</span> <span class='ocrx_word' id='word_1_336' title='bbox 1226 1570 1402 1605; x_wconf 77' lang='lat' dir='ltr'>exteriore</span> <span class='ocrx_word' id='word_1_337' title='bbox 1426 1577 1463 1606; x_wconf 88' lang='lat' dir='ltr'>et</span> <span class='ocrx_word' id='word_1_338' title='bbox 1486 1572 1583 1606; x_wconf 85' lang='lat' dir='ltr'>inte-</span> 
     </span>
     <span class='ocr_line' id='line_1_80' title="bbox 942 1615 1579 1664; baseline 0.006 -16"><span class='ocrx_word' id='word_1_339' title='bbox 942 1615 1035 1649; x_wconf 91' lang='lat' dir='ltr'>riore</span> <span class='ocrx_word' id='word_1_340' title='bbox 1073 1637 1115 1644; x_wconf 89' lang='lat'><strong>—</strong></span> <span class='ocrx_word' id='word_1_341' title='bbox 1157 1618 1456 1652; x_wconf 84' lang='lat' dir='ltr'>camelauciorum</span> <span class='ocrx_word' id='word_1_342' title='bbox 1480 1620 1579 1664; x_wconf 84' lang='lat' dir='ltr'>origo</span> 
     </span>
     <span class='ocr_line' id='line_1_81' title="bbox 941 1663 1196 1703; baseline 0.024 -9"><span class='ocrx_word' id='word_1_343' title='bbox 941 1668 1006 1695; x_wconf 83' lang='lat' dir='ltr'>etc.</span> <span class='ocrx_word' id='word_1_344' title='bbox 1034 1664 1115 1703; x_wconf 83' lang='lat'>652,</span> <span class='ocrx_word' id='word_1_345' title='bbox 1138 1663 1196 1699; x_wconf 80' lang='lat'>41·</span> 
     </span>
    </p>

    <p class='ocr_par' dir='ltr' id='par_1_49' title="bbox 892 1710 1580 1790">
     <span class='ocr_line' id='line_1_82' title="bbox 892 1710 1580 1756; baseline 0.004 -13"><span class='ocrx_word' id='word_1_346' title='bbox 892 1712 1072 1755; x_wconf 76' lang='grc' dir='ltr'>κιεμίσιον</span> <span class='ocrx_word' id='word_1_347' title='bbox 1094 1710 1232 1755; x_wconf 81' lang='lat' dir='ltr'>signum</span> <span class='ocrx_word' id='word_1_348' title='bbox 1253 1711 1485 1756; x_wconf 73' lang='lat' dir='ltr'>investiturae</span> <span class='ocrx_word' id='word_1_349' title='bbox 1497 1714 1580 1755; x_wconf 84' lang='grc'><strong>831,</strong></span> 
     </span>
     <span class='ocr_line' id='line_1_83' title="bbox 943 1759 1000 1790; baseline -0.035 0"><span class='ocrx_word' id='word_1_350' title='bbox 943 1759 1000 1790; x_wconf 83' lang='grc'>22.</span> 
     </span>
    </p>

    <p class='ocr_par' dir='ltr' id='par_1_50' title="bbox 895 1801 1580 2118">
     <span class='ocr_line' id='line_1_84' title="bbox 895 1801 1580 1853; baseline 0.009 -18"><span class='ocrx_word' id='word_1_351' title='bbox 895 1801 1093 1848; x_wconf 77' lang='grc' dir='ltr'>καμπάγια</span> <span class='ocrx_word' id='word_1_352' title='bbox 1108 1802 1179 1839; x_wconf 87' lang='grc'>419</span> <span class='ocrx_word' id='word_1_353' title='bbox 1201 1809 1319 1849; x_wconf 80' lang='lat' dir='ltr'>antep.</span> <span class='ocrx_word' id='word_1_354' title='bbox 1346 1805 1384 1839; x_wconf 76' lang='grc' dir='ltr'>οἱ</span> <span class='ocrx_word' id='word_1_355' title='bbox 1409 1802 1580 1853; x_wconf 76' lang='grc' dir='ltr'><strong><em>ὑποκάμ-</em></strong></span> 
     </span>
     <span class='ocr_line' id='line_1_85' title="bbox 940 1853 1578 1933; baseline 0.003 -2"><span class='ocrx_word' id='word_1_356' title='bbox 940 1854 1486 1932; x_wconf 62' lang='lat' dir='ltr'>3“²&#39;32{‚‘?2?;3{⁶.³;÷35„¹¹¹ffi22.‘3</span> <span class='ocrx_word' id='word_1_357' title='bbox 1497 1853 1578 1933; x_wconf 50' lang='lat'>⁴0²?</span> 
     </span>
     <span class='ocr_line' id='line_1_86' title="bbox 943 1943 1577 1991; baseline 0.009 -18"><span class='ocrx_word' id='word_1_358' title='bbox 943 1952 1016 1974; x_wconf 89' lang='lat' dir='ltr'>ram</span> <span class='ocrx_word' id='word_1_359' title='bbox 1042 1943 1168 1988; x_wconf 76' lang='lat' dir='ltr'>imper.</span> <span class='ocrx_word' id='word_1_360' title='bbox 1185 1944 1222 1976; x_wconf 93' lang='lat' dir='ltr'>in</span> <span class='ocrx_word' id='word_1_361' title='bbox 1246 1945 1438 1990; x_wconf 84' lang='lat' dir='ltr'>campagiis</span> <span class='ocrx_word' id='word_1_362' title='bbox 1463 1957 1577 1991; x_wconf 80' lang='lat' dir='ltr'>appa·</span> 
     </span>
     <span class='ocr_line' id='line_1_87' title="bbox 939 1988 1575 2034; baseline 0.009 -14"><span class='ocrx_word' id='word_1_363' title='bbox 939 1999 1015 2022; x_wconf 88' lang='lat' dir='ltr'>rere</span> <span class='ocrx_word' id='word_1_364' title='bbox 1032 1988 1087 2034; x_wconf 88' lang='lat' dir='ltr'>(ut</span> <span class='ocrx_word' id='word_1_365' title='bbox 1112 1990 1219 2023; x_wconf 83' lang='lat' dir='ltr'>etiam</span> <span class='ocrx_word' id='word_1_366' title='bbox 1232 2002 1297 2024; x_wconf 84' lang='lat' dir='ltr'>nos</span> <span class='ocrx_word' id='word_1_367' title='bbox 1314 2003 1388 2025; x_wconf 90' lang='lat' dir='ltr'>non</span> <span class='ocrx_word' id='word_1_368' title='bbox 1398 1992 1439 2026; x_wconf 88' lang='lat' dir='ltr'>in</span> <span class='ocrx_word' id='word_1_369' title='bbox 1462 1994 1575 2027; x_wconf 79' lang='lat' dir='ltr'>ocreis</span> 
     </span>
     <span class='ocr_line' id='line_1_88' title="bbox 938 2034 1576 2118; baseline 0.014 -51"><span class='ocrx_word' id='word_1_370' title='bbox 938 2034 984 2118; x_wconf 61' lang='lat' dir='ltr'>{g</span> <span class='ocrx_word' id='word_1_371' title='bbox 1032 2035 1214 2082; x_wconf 82' lang='lat' dir='ltr'>principes</span> <span class='ocrx_word' id='word_1_372' title='bbox 1261 2038 1436 2085; x_wconf 73' lang='lat' dir='ltr'>venimus)</span> <span class='ocrx_word' id='word_1_373' title='bbox 1481 2041 1576 2083; x_wconf 83' lang='lat'>869,</span> 
     </span>
    </p>

    <p class='ocr_par' dir='ltr' id='par_1_51' title="bbox 891 2130 1574 2172">
     <span class='ocr_line' id='line_1_89' title="bbox 891 2130 1574 2172; baseline 0.009 -12"><span class='ocrx_word' id='word_1_374' title='bbox 891 2138 1077 2172; x_wconf 87' lang='lat' dir='ltr'>campanas</span> <span class='ocrx_word' id='word_1_375' title='bbox 1109 2141 1195 2164; x_wconf 88' lang='lat' dir='ltr'>num</span> <span class='ocrx_word' id='word_1_376' title='bbox 1229 2130 1423 2167; x_wconf 83' lang='lat' dir='ltr'>habuerint</span> <span class='ocrx_word' id='word_1_377' title='bbox 1446 2131 1574 2166; x_wconf 86' lang='lat' dir='ltr'>Graeci</span> 
     </span>
    </p>

    <p class='ocr_par' dir='ltr' id='par_1_52' title="bbox 888 2221 1573 2312">
     <span class='ocr_line' id='line_1_90' title="bbox 888 2221 1573 2272; baseline 0.007 -17"><span class='ocrx_word' id='word_1_378' title='bbox 888 2221 1198 2269; x_wconf 76' lang='grc' dir='ltr'><strong><em>καμπηδικτώρια</em></strong></span> <span class='ocrx_word' id='word_1_379' title='bbox 1223 2224 1355 2257; x_wconf 82' lang='lat' dir='ltr'>vexilla</span> <span class='ocrx_word' id='word_1_380' title='bbox 1390 2225 1573 2272; x_wconf 83' lang='lat' dir='ltr'>campido-</span> 
     </span>
     <span class='ocr_line' id='line_1_91' title="bbox 937 2269 1424 2312; baseline 0.016 -12"><span class='ocrx_word' id='word_1_381' title='bbox 937 2269 1044 2302; x_wconf 82' lang='lat' dir='ltr'>ctoris</span> <span class='ocrx_word' id='word_1_382' title='bbox 1070 2270 1149 2309; x_wconf 83' lang='lat'><strong>673.</strong></span> <span class='ocrx_word' id='word_1_383' title='bbox 1180 2271 1233 2306; x_wconf 85' lang='grc'>14.</span> <span class='ocrx_word' id='word_1_384' title='bbox 1261 2273 1341 2312; x_wconf 87' lang='grc'><strong>753,</strong></span> <span class='ocrx_word' id='word_1_385' title='bbox 1370 2274 1424 2308; x_wconf 83' lang='grc'>16-</span> 
     </span>
    </p>

    <p class='ocr_par' dir='ltr' id='par_1_53' title="bbox 891 2314 1454 2364">
     <span class='ocr_line' id='line_1_92' title="bbox 891 2314 1454 2364; baseline 0.011 -18"><span class='ocrx_word' id='word_1_386' title='bbox 891 2314 1172 2360; x_wconf 85' lang='lat' dir='ltr'>campidoctores</span> <span class='ocrx_word' id='word_1_387' title='bbox 1199 2320 1279 2358; x_wconf 87' lang='grc'><strong>673,</strong></span> <span class='ocrx_word' id='word_1_388' title='bbox 1307 2320 1351 2353; x_wconf 73' lang='grc'>14</span> <span class='ocrx_word' id='word_1_389' title='bbox 1377 2330 1454 2364; x_wconf 80' lang='lat' dir='ltr'><strong>sqq.</strong></span> 
     </span>
    </p>

    <p class='ocr_par' dir='ltr' id='par_1_54' title="bbox 886 2361 1571 2448">
     <span class='ocr_line' id='line_1_93' title="bbox 886 2361 1571 2407; baseline 0.006 -12"><span class='ocrx_word' id='word_1_390' title='bbox 886 2361 1127 2407; x_wconf 77' lang='grc' dir='ltr'><strong><em>καμπότουβα</em></strong></span> <span class='ocrx_word' id='word_1_391' title='bbox 1145 2364 1327 2396; x_wconf 79' lang='lat' dir='ltr'>femoralia</span> <span class='ocrx_word' id='word_1_392' title='bbox 1344 2367 1424 2407; x_wconf 82' lang='lat'>265,</span> <span class='ocrx_word' id='word_1_393' title='bbox 1437 2367 1471 2402; x_wconf 89' lang='lat'><strong>6.</strong></span> <span class='ocrx_word' id='word_1_394' title='bbox 1495 2367 1571 2400; x_wconf 83' lang='lat' dir='ltr'>Ho-</span> 
     </span>
     <span class='ocr_line' id='line_1_94' title="bbox 933 2410 1372 2448; baseline 0.011 -8"><span class='ocrx_word' id='word_1_395' title='bbox 933 2420 999 2443; x_wconf 80' lang='lat' dir='ltr'>sen</span> <span class='ocrx_word' id='word_1_396' title='bbox 1022 2411 1102 2448; x_wconf 88' lang='grc'><strong>267,</strong></span> <span class='ocrx_word' id='word_1_397' title='bbox 1131 2410 1186 2446; x_wconf 86' lang='grc'>24.</span> <span class='ocrx_word' id='word_1_398' title='bbox 1212 2411 1281 2446; x_wconf 79' lang='grc'>464</span> <span class='ocrx_word' id='word_1_399' title='bbox 1308 2411 1372 2445; x_wconf 87' lang='lat' dir='ltr'>ult.</span> 
     </span>
    </p>

    <p class='ocr_par' dir='ltr' id='par_1_55' title="bbox 887 2454 1570 2546">
     <span class='ocr_line' id='line_1_95' title="bbox 887 2454 1570 2504; baseline 0.009 -18"><span class='ocrx_word' id='word_1_400' title='bbox 887 2454 1040 2499; x_wconf 81' lang='lat' dir='ltr'>Campus</span> <span class='ocrx_word' id='word_1_401' title='bbox 1066 2455 1111 2487; x_wconf 85' lang='lat' dir='ltr'>ad</span> <span class='ocrx_word' id='word_1_402' title='bbox 1135 2457 1387 2490; x_wconf 86' lang='lat' dir='ltr'>ambulandum</span> <span class='ocrx_word' id='word_1_403' title='bbox 1433 2464 1471 2492; x_wconf 89' lang='lat' dir='ltr'>et</span> <span class='ocrx_word' id='word_1_404' title='bbox 1501 2470 1570 2504; x_wconf 87' lang='lat' dir='ltr'>pu-</span> 
     </span>
     <span class='ocr_line' id='line_1_96' title="bbox 932 2500 1549 2546; baseline 0.008 -14"><span class='ocrx_word' id='word_1_405' title='bbox 932 2500 1110 2544; x_wconf 84' lang='lat' dir='ltr'>gnandum</span> <span class='ocrx_word' id='word_1_406' title='bbox 1133 2504 1214 2542; x_wconf 80' lang='lat'>409,</span> <span class='ocrx_word' id='word_1_407' title='bbox 1237 2506 1295 2539; x_wconf 84' lang='lat'>36.</span> <span class='ocrx_word' id='word_1_408' title='bbox 1321 2505 1384 2538; x_wconf 75' lang='lat' dir='ltr'>cl&#39;r.</span> <span class='ocrx_word' id='word_1_409' title='bbox 1409 2505 1491 2546; x_wconf 81' lang='lat'>432,</span> <span class='ocrx_word' id='word_1_410' title='bbox 1514 2508 1549 2541; x_wconf 85' lang='grc'>3.</span> 
     </span>
    </p>

    <p class='ocr_par' dir='ltr' id='par_1_56' title="bbox 886 2548 1248 2588">
     <span class='ocr_line' id='line_1_97' title="bbox 886 2548 1248 2588; baseline 0.008 -9"><span class='ocrx_word' id='word_1_411' title='bbox 886 2548 1088 2580; x_wconf 77' lang='lat' dir='ltr'>cancellarii</span> <span class='ocrx_word' id='word_1_412' title='bbox 1111 2552 1167 2588; x_wconf 79' lang='lat'>82,</span> <span class='ocrx_word' id='word_1_413' title='bbox 1196 2552 1248 2585; x_wconf 82' lang='lat'><strong>13.</strong></span> 
     </span>
    </p>

    <p class='ocr_par' dir='ltr' id='par_1_57' title="bbox 886 2593 1568 2720">
     <span class='ocr_line' id='line_1_98' title="bbox 886 2593 1568 2632; baseline 0.012 -8"><span class='ocrx_word' id='word_1_414' title='bbox 886 2593 1064 2627; x_wconf 84' lang='lat' dir='ltr'>candidati</span> <span class='ocrx_word' id='word_1_415' title='bbox 1092 2597 1225 2630; x_wconf 84' lang='lat' dir='ltr'>milites</span> <span class='ocrx_word' id='word_1_416' title='bbox 1250 2597 1335 2630; x_wconf 87' lang='lat' dir='ltr'>albo</span> <span class='ocrx_word' id='word_1_417' title='bbox 1355 2597 1486 2631; x_wconf 80' lang='lat' dir='ltr'>vestitu</span> <span class='ocrx_word' id='word_1_418' title='bbox 1510 2599 1568 2632; x_wconf 87' lang='lat' dir='ltr'>in-</span> 
     </span>
     <span class='ocr_line' id='line_1_99' title="bbox 931 2639 1568 2691; baseline 0.013 -19"><span class='ocrx_word' id='word_1_419' title='bbox 931 2639 1009 2673; x_wconf 86' lang='lat' dir='ltr'>duti</span> <span class='ocrx_word' id='word_1_420' title='bbox 1031 2643 1088 2681; x_wconf 87' lang='grc'>77,</span> <span class='ocrx_word' id='word_1_421' title='bbox 1116 2645 1174 2679; x_wconf 83' lang='grc'>39.</span> <span class='ocrx_word' id='word_1_422' title='bbox 1235 2650 1418 2690; x_wconf 83' lang='lat' dir='ltr'>equestres</span> <span class='ocrx_word' id='word_1_423' title='bbox 1442 2650 1480 2679; x_wconf 87' lang='lat' dir='ltr'>et</span> <span class='ocrx_word' id='word_1_424' title='bbox 1502 2657 1568 2691; x_wconf 84' lang='lat' dir='ltr'>pe-</span> 
     </span>
     <span class='ocr_line' id='line_1_100' title="bbox 931 2685 1076 2720; baseline 0.007 -2"><span class='ocrx_word' id='word_1_425' title='bbox 931 2685 1076 2720; x_wconf 85' lang='lat' dir='ltr'>destres.</span> 
     </span>
    </p>

    <p class='ocr_par' dir='ltr' id='par_1_58' title="bbox 883 2734 1566 2824">
     <span class='ocr_line' id='line_1_101' title="bbox 883 2734 1566 2782; baseline 0.007 -16"><span class='ocrx_word' id='word_1_426' title='bbox 883 2734 1092 2770; x_wconf 69' lang='grc' dir='ltr'>κανίκλειον</span> <span class='ocrx_word' id='word_1_427' title='bbox 1109 2735 1288 2770; x_wconf 81' lang='lat' dir='ltr'>vasculum</span> <span class='ocrx_word' id='word_1_428' title='bbox 1313 2737 1488 2782; x_wconf 85' lang='lat' dir='ltr'>liquorem</span> <span class='ocrx_word' id='word_1_429' title='bbox 1506 2749 1566 2771; x_wconf 87' lang='lat' dir='ltr'>ru·</span> 
     </span>
     <span class='ocr_line' id='line_1_102' title="bbox 928 2780 1566 2824; baseline 0.009 -12"><span class='ocrx_word' id='word_1_430' title='bbox 928 2780 1031 2813; x_wconf 79' lang='lat' dir='ltr'>hrum</span> <span class='ocrx_word' id='word_1_431' title='bbox 1057 2782 1242 2816; x_wconf 85' lang='lat' dir='ltr'>continens</span> <span class='ocrx_word' id='word_1_432' title='bbox 1267 2785 1322 2824; x_wconf 81' lang='lat'>58,</span> <span class='ocrx_word' id='word_1_433' title='bbox 1345 2787 1403 2820; x_wconf 89' lang='grc'>31.</span> <span class='ocrx_word' id='word_1_434' title='bbox 1453 2783 1472 2818; x_wconf 83' lang='grc' dir='ltr'><em>ὃ</em></span> <span class='ocrx_word' id='word_1_435' title='bbox 1496 2797 1566 2818; x_wconf 75' lang='grc' dir='ltr'>κα-</span> 
     </span>
    </p>
   </div>
  </div>
 </body>
</html>
