1884 3132
310 127 422 202 764
581 145 654 187 10.
697 143 804 187 iAc.
843 146 1042 186 Reisxn
1091 145 1469 188 communen
1508 143 1531 168 ³

313 267 389 307 pro
425 251 659 303 leayanus,
709 251 750 290 id
779 258 837 289 est
864 251 1031 290 dim-itm.
1090 249 1186 288 Vid.
1227 249 1465 303 Theophan.
1495 242 1662 305 p.1⁴364.
1698 250 1752 290 C.

324 309 385 347 ¹3.
418 314 456 346 et
478 307 532 345 ibi
562 307 683 346 Goar.
714 306 929 359 Nicephor.
961 307 1071 345 Patr.
1099 305 1279 344 Breviar.
1321 305 1550 359 frequenter
1576 306 1755 344 nominat

314 364 559 401 Baianorum
588 362 806 416 principale
836 362 943 413 apud
966 361 1156 415 Bulgaros
1183 374 1322 414 genus,
1350 368 1396 399 ut
1422 375 1465 414 p.
1491 374 1578 399 102.
1605 367 1645 399 et
1663 361 1758 401 218.

316 418 495 456 Transiit
521 432 612 456 cuin
642 413 917 471 Longobardis
945 417 1021 455 hoc
1057 430 1202 454 nomen
1241 415 1291 454 ad
1321 414 1442 455 Italos
1477 422 1516 454 et
1552 414 1757 465 Francos,

319 481 358 512 et
385 473 644 526 perfrequens
672 480 758 512 erat
786 472 916 511 medio
946 485 1044 510 aevo
1062 501 1073 522 ‚
1113 485 1242 524 neque
1279 470 1421 510 dubito
1457 470 1688 509 adhucdum
1716 472 1759 508 in

317 529 491 569 Francia
518 542 624 578 esse,
655 529 724 581 qui
753 529 931 577 nomine,
961 534 1006 566 ut
1028 526 1246 580 appellant,
1274 524 1499 579 baptismali
1514 525 1672 578 Pagani
1698 525 1761 563 di-

319 591 477 627 cantur.
534 584 580 622 In
610 583 747 622 charta
775 590 907 624 vetere
935 582 1043 635 apud
1074 584 1268 624 Murator.
1297 581 1398 620 Ant.
1430 579 1519 620 Ital.
1549 581 1601 620 T.
1637 581 1689 619 Il.
1717 594 1760 634 p.

322 654 447 694 79¹·²
501 638 569 678 W
566 639 650 677 1‘do·.
675 638 808 678 Abbas
851 652 936 676 eum
966 637 1136 690 Pagano
1159 667 1170 688 ‚
1200 637 1436 676 advocatore
1482 649 1565 675 suo·
1621 635 1765 675 Annae

322 696 552 734 Comnenae
579 709 620 747 p.
652 695 746 747 590.
780 694 829 731 A.
867 707 907 748 9.
953 700 1201 732 memoratur
1243 694 1285 730 in
1327 691 1499 730 exercitu
1538 690 1762 729 Boamundi

322 750 548 789 Normanni
583 748 728 802 aliquis
758 749 877 787 Conte
907 747 1085 801 Pagano.
1155 747 1342 786 Clironici
1372 746 1622 785 Cassinensis
1651 747 1701 784 L.
1728 746 1763 783 Ι.

323 819 359 844 c.
378 804 447 859 47.
477 805 650 844 occurrit
664 806 771 856 sara
806 803 859 855 (id
890 810 948 842 cst
975 799 1096 854 σειρὰ
1115 831 1126 852 ,
1159 812 1321 841 stemma
1340 832 1352 852 ‚
1387 802 1492 855 gem)
1532 800 1769 854 Longobar-

325 861 443 908 dica,
496 875 598 914 quae
627 861 788 899 Baiana
829 859 991 898 dicitur.
1061 859 1135 897 Est
1177 873 1251 897 vox
1269 859 1378 910 far-a
1419 857 1659 896 Germanica
1699 862 1771 895 aut

327 915 631 969 Longobardica
652 946 663 963 ‚
707 915 814 954 unde
843 915 974 953 adhuc
1003 920 1180 967 superest
1215 913 1335 952 hodie
1373 912 1633 964 compositum
1664 911 1710 949 V
1704 925 1770 950 01·-

309 973 493 1023 sakren,
529 973 716 1019 maiores,
747 970 797 1008 ad
828 969 937 1023 quod
963 969 1187 1022 exemplum
1215 967 1423 1008 commode
1451 967 1615 1006 formari
1639 973 1772 1021 posset

330 1025 573 1066 vocabulum
604 1026 885 1077 Naclffalwen,
920 1026 1083 1078 posteri.
1799 1057 1804 1062 ,

438 1082 491 1119 D.
520 1096 555 1119 i.
588 1080 705 1134 [642
734 1078 818 1133 16]
849 1075 1173 1131 Προικονήσιος.
1251 1079 1430 1117 Marmor
1457 1076 1774 1116 Proconnesium

330 1136 474 1190 passim
504 1136 642 1174 laudat
671 1135 880 1189 Agnellus‚
913 1141 958 1172 ut
985 1149 1024 1187 p.
1052 1133 1141 1182 [84.
1172 1148 1211 1173 a.
1270 1133 1496 1172 Candidum
1526 1146 1636 1182 esse,
1667 1137 1776 1184 patet

331 1206 376 1230 ex
399 1192 516 1230 Cont.
535 1190 720 1243 Theoph.
752 1205 791 1243 p.
816 1204 883 1245 90.
915 1189 960 1228 B.
987 1190 1026 1228 3.
1057 1197 1096 1228 et
1126 1189 1227 1228 insi-a
1253 1203 1294 1242 p.
1317 1189 1411 1242 372.
1441 1188 1487 1226 B.
1518 1202 1553 1228 1.
1584 1186 1777 1241 *[Cyzico

331 1247 510 1301 proxime
554 1246 706 1285 adiacet
744 1246 1046 1296 Proconnesus,
1095 1245 1215 1284 hodIe
1257 1244 1489 1294 Marmora,
1537 1242 1591 1282 ob
1620 1242 1778 1281 fodinas

333 1302 572 1351 marmoris,
618 1300 727 1354 quod
757 1301 838 1340 illic
867 1299 1082 1350 effoditur3
1128 1299 1237 1354 quod
1256 1329 1268 1349 ,
1312 1300 1373 1337 uti
1405 1305 1444 1337 et
1473 1298 1714 1352 Cyzicenum
1753 1311 1777 1336 a

332 1357 468 1396 Plinio
497 1364 761 1396 memoratum
777 1385 790 1408 ‚
819 1355 951 1396 adhuc
979 1363 1039 1396 est
1066 1357 1108 1396 iu
1145 1355 1287 1410 pretiO.
1314 1353 1462 1393 Smith.
1486 1355 1629 1394 notitia
1657 1350 1780 1394 CPlis

348 1429 375 1456 ).
403 1412 488 1453 118.
512 1413 533 1436 *

334 1428 348 1466 l
444 1411 508 1505 D.]
521 1481 562 1505 2.
594 1465 711 1521 [Gi-⁷),
757 1464 834 1520 16.]
854 1458 985 1507 ’Ἅννα
1032 1460 1103 1502 καὶ
1119 1454 1268 1504 '‘Avm.
1341 1463 1558 1504 Probabile
1587 1476 1668 1503 non
1697 1470 1779 1513 est,

337 1522 476 1562 ambas
505 1522 606 1560 filias
636 1522 740 1560 idem
769 1536 915 1561 nornen
957 1521 1133 1575 gessisse.
1205 1520 1343 1571 Quum
1387 1520 1508 1573 igitur
1560 1519 1680 1558 ambo
1716 1519 1785 1558 σει-’-

336 1578 458 1631 talogi
484 1584 643 1617 tantum
671 1578 792 1616 unius
818 1577 922 1615 filiae
954 1577 1096 1614 Annae
1130 1575 1372 1614 mentionem
1410 1575 1556 1614 faciant
1587 1567 1783 1627 (uAWoetJ

338 1629 571 1685 θυγάτηρ),
603 1633 669 1671 Du
691 1633 826 1686 Cange
846 1646 942 1671 vero
974 1633 1014 1670 in
1033 1630 1213 1670 Familiis
1235 1631 1327 1684 Byz.
1356 1645 1395 1684 p.
1425 1631 1515 1680 142.
1545 1644 1568 1669 e
1587 1630 1786 1668 Constan-

338 1690 424 1728 tino
457 1689 726 1738 demonstret,
764 1688 863 1741 ipsi,
898 1688 1189 1736 Constantino,
1219 1699 1424 1736 sororem,
1464 1685 1687 1724 Eudociam
1724 1683 1787 1722 di-

341 1752 474 1794 ctam,
505 1744 650 1783 fuisse:
681 1750 994 1796 temperamento
1022 1742 1098 1781 hoc
1135 1742 1310 1779 diversas
1353 1741 1607 1779 auctoritates
1651 1739 1789 1779 conci-

341 1800 439 1839 liare
482 1799 619 1850 volui,
666 1806 712 1838 ut
753 1813 826 1851 pro
865 1797 989 1837 altera
1019 1797 1140 1837 Anna
1175 1796 1397 1835 Eudociam
1435 1796 1474 1836 iu
1503 1796 1656 1835 Latinis
1693 1793 1789 1834 sub-

341 1858 561 1894 stituerem.
639 1855 685 1892 In
736 1861 845 1893 textu
875 1861 1007 1892 autem
1045 1851 1103 1891 nil
1131 1854 1298 1894 mutavi.

454 1911 508 1948 D.
528 1909 566 1948 5.
605 1908 721 1964 [645.
752 1911 830 1963 ι9.]
859 1907 1097 1954 Βασίλειος.
1166 1908 1321 1960 Dignus
1359 1907 1424 1946 hic
1464 1905 1622 1946 vindice
1661 1903 1792 1943 nodus

345 1972 431 2014 est,
464 1980 582 2019 quem
613 1979 685 2018 ego
713 1965 874 2018 quidem
901 1964 1085 2017 expedire
1112 1976 1193 2001 uon
1222 1963 1353 2001 valeo.
1424 1962 1478 2001 Et
1505 1962 1692 2000 deserunt
1721 1973 1797 1998 nos

346 2021 411 2060 liic
471 2021 590 2059 ambo
627 2020 810 2074 catalogi.
882 2019 1071 2066 Basilius,
1121 2018 1372 2056 Constantini
1416 2015 1793 2070 Porpliyrogenneti

348 2077 494 2123 frater,
541 2076 690 2114 dicitnr
734 2077 774 2113 in
817 2074 968 2128 templo
1015 2074 1089 2113 SS.
1137 2073 1426 2125 Apostolorum
1470 2071 1647 2125 sepultus
1699 2084 1797 2109 esse.

350 2132 436 2170 Non
464 2139 593 2184 potest
624 2131 690 2169 ille
722 2131 822 2169 alius
850 2129 1018 2168 Basilius
1048 2142 1154 2175 esse,
1187 2143 1306 2181 quam
1337 2128 1438 2167 filius
1467 2127 1637 2166 Romani
1663 2126 1796 2164 iunio-

350 2188 431 2236 ris,
462 2187 583 2240 vulgo
612 2185 929 2238 Bulgaroctonus
956 2185 1098 2223 dictus.
1155 2183 1281 2236 Atqui
1321 2186 1536 2236 quominus
1578 2181 1691 2220 illum
1730 2179 1796 2218 hic

349 2241 549 2292 designari
571 2241 796 2289 credamus,
818 2241 897 2279 duo
918 2240 1068 2278 faciunt
1098 2239 1303 2278 obstacula
1323 2238 1535 2292 perardua.
1594 2236 1796 2283 Primum,

349 2293 457 2351 quod
477 2297 681 2336 Cedrenus
700 2311 740 2350 p.
762 2310 856 2349 719.
890 2296 933 2334 C.
966 2296 1156 2348 expressis
1185 2294 1319 2333 verbis
1350 2295 1426 2333 ait:
1454 2292 1637 2346 ταφῆναι
1668 2301 1798 2340 παρε-

351 2349 498 2391 κάλεσε
526 2348 598 2391 τὸν
628 2347 779 2391 ἑαυτοῦ
807 2346 1019 2404 ἀδελφὸν,
1069 2345 1112 2388 ὃν
1150 2347 1224 2387 καί
1263 2346 1463 2399 διάδοχον
1498 2346 1687 2386 κατέλιπε
1726 2342 1799 2394 τῆς

353 2405 490 2460 ἀρχῆς
518 2407 562 2447 ἐν
590 2406 647 2462 τῷ
689 2404 791 2445 κατὰ
833 2402 878 2445 τὸ
921 2405 1098 2456 ἕβδομον
1142 2405 1233 2459 ναῷ
1270 2403 1348 2443 τοῦ
1389 2395 1700 2454 Εόαγγελιστοῦ
1728 2396 1802 2436 καὶ

357 2457 577 2514 Θεολόγου·
653 2456 678 2500 ὃ
707 2458 780 2500 καί
805 2460 977 2514 γέγονεν.
1035 2462 1172 2513 Longo
1199 2468 1379 2512 tempore
1407 2471 1567 2511 quoque
1594 2460 1682 2508 post
1724 2452 1801 2491 sub

356 2516 553 2556 Michaele
583 2516 824 2570 Palaeologo
857 2523 993 2554 narrat
1023 2516 1286 2568 pachymeres
1316 2515 1363 2552 L.
1385 2515 1438 2552 Il.
1468 2526 1503 2551 c.
1522 2525 1587 2548 2¹.
1630 2515 1670 2547 et
1698 2506 1764 2546 alii
1788 2536 1801 2558 ,

357 2580 560 2624 repertum
589 2574 629 2610 in
660 2572 757 2611 aede
789 2573 832 2610 S.
867 2572 1024 2610 Ioannis
1052 2570 1245 2623 Theologi
1289 2568 1488 2607 Hebdomi
1527 2565 1646 2603 fuisse
1689 2561 1802 2601 illae-

358 2640 446 2664 sum
477 2635 514 2666 et
544 2634 730 2666 constans
759 2627 890 2665 adhuc
917 2627 1086 2664 cadaver
1134 2626 1238 2664 illius
1268 2623 1428 2671 Basilii,
1473 2635 1565 2659 cum
1604 2632 1697 2657 arca
1718 2624 1804 2661 'sex

359 2682 540 2720 versibus
570 2681 748 2721 iambicis
777 2683 979 2735 inscripta,
1014 2695 1114 2733 quae
1144 2693 1287 2719 nomen
1320 2678 1396 2716 viri
1423 2674 1673 2729 prodiderint
1701 2673 1810 2725 igno-

360 2736 551 2779 rantibus.
607 2738 758 2778 Versus
786 2737 876 2777 illos
907 2736 1084 2791 prodidit
1113 2737 1180 2774 Du
1209 2735 1341 2787 Gange
1368 2733 1410 2771 in
1448 2730 1553 2770 notis
1591 2729 1641 2769 ad
1674 2729 1808 2768 Zona-
