1884 3132
262 180 372 237 330
464 191 466 193 ’
540 189 620 240 ἰο.
663 199 767 242 1Ac.
810 200 1005 240 nmsxu
1045 200 1423 242 COMMENTARH

260 301 334 357 τὴν
358 302 432 345 τοῦ
451 305 658 355 βασιλέως
676 302 836 355 σάκραν
855 304 1103 359 κατεφι7.ησε
1130 301 1205 358 τῆν
1233 305 1447 360 σφραγῖδα
1474 305 1552 359 τήν
1577 301 1700 359 ἔχου-

260 374 339 398 σαν
370 356 414 397 τὸ
445 359 674 412 στηθάριον
700 361 774 399 τοῦ
803 360 1022 410 βασιλέως.
1079 363 1189 415 Ipsas
1215 375 1375 414 quoque
1400 377 1544 402 manus
1564 364 1698 416 Impe-

259 422 439 453 ratorum
472 415 696 454 osculantes
739 430 823 454 non
856 417 938 464 ori,
978 417 1045 455 sed
1063 447 1075 467 ,
1117 417 1225 470 quod
1267 420 1536 466 reverentius,
1569 418 1699 458 oculis

259 470 551 523 apprimebant.
610 471 769 510 Nicetas
793 486 834 524 p.
859 471 953 525 295.
975 472 1028 510 D.
1050 480 1214 526 antep.:
1247 467 1376 512 ἐνιότε
1407 471 1453 511 δὲ
1481 470 1555 519 τὰς
1583 472 1701 526 ἐξηρ-

258 524 481 577 θρωμένας
501 525 544 580 [a
566 526 749 580 chiragra
765 527 936 565 nodosas
954 534 993 565 et
1016 528 1179 582 rigidas]
1211 526 1346 567 αὐτοῦ
1373 532 1522 580 χεῖρας
1550 527 1700 582 [Isaaci

52 577 404 635 Ed.1,.104Angeli
432 581 594 636 nempe]
624 580 1003 632 περιπτυσσόμενοι
1032 583 1100 634 [de
1128 583 1334 623 monachis
1372 597 1503 622 sermo
1523 582 1601 637 est]
1633 579 1706 622 καὶ

258 639 342 684 τοῖς
375 634 612 690 ὀφθαλμοῖς
640 634 772 683 αὐτὰς
800 633 1128 689 προσάπτοντες.
1610 652 1612 654 ’

348 707 438 748 191.
471 692 518 731 C.
549 691 590 743 4.
648 693 756 742 328,
789 693 880 747 πμ]
924 691 1130 732 ἐπιτείνει.
1188 693 1321 733 Codex
1351 691 1558 744 ἐπιδένει,
1591 692 1702 748 quod

259 754 360 786 esset
408 748 562 801 alligat.
663 763 728 787 am
761 749 907 787 Graeci
941 749 1038 786 novi
1078 749 1210 789 δένειν
1248 756 1288 787 et
1331 748 1486 788 δὲννειν
1512 763 1587 802 pro
1618 749 1706 788 δεῖν

258 802 323 841 vel
360 803 469 843 ὁέἐιν
489 833 500 853 ,
537 804 663 857 ligare
682 834 694 853 ‚
726 804 1003 857 pronuntiant.
1059 804 1175 843 Esset
1198 806 1334 857 itaque
1353 818 1489 843 sensus
1518 805 1704 844 dictionis

257 857 334 909 τήν
358 857 677 912 χρυσόβουλλαν
704 857 777 898 ἐπὶ
802 857 849 898 τὸ
878 856 996 910 ψύας
1025 856 1155 898 αὑτοῦ
1185 858 1401 909 ἐπιδένειν,
1430 875 1590 899 aut-eam
1618 861 1703 899 bul-

259 914 342 951 lam
369 930 390 952 e
418 916 572 968 cingulo
599 930 820 970 suspensam
849 929 966 970 super·
984 917 1146 967 femore
1186 915 1426 970 appendere,
1474 915 1514 953 in
1543 916 1702 968 signum

258 968 553 1022 legitimationis
574 1001 585 1021 ‚
625 970 964 1024 quemadmodum
998 970 1143 1009 milites
1172 970 1293 1008 hodie
1322 983 1438 1023 peras
1466 972 1665 1010 coi-iaceas
1689 1002 1702 1022 ‚

259 1039 358 1077 quas
391 1025 514 1079 vulgo
535 1027 844 1066 Patrontasclzen
879 1025 1136 1079 appellamus,
1167 1032 1339 1078 gestant.
1395 1025 1700 1077 Factionarius,

259 1081 329 1133 qui
359 1081 658 1135 chrysobullam
689 1095 803 1120 suam
827 1081 883 1120 sic
914 1080 1115 1134 gestabat,
1145 1080 1409 1133 profitebatur
1445 1094 1487 1119 se
1509 1081 1702 1120 factiona-

259 1138 366 1174 rium
388 1139 543 1190 regium
562 1139 800 1176 auctoritate
830 1135 1041 1189 principali
1074 1138 1338 1175 constitutum
1363 1150 1459 1178 esse.
1489 1136 1593 1175 Sane
1618 1150 1706 1176 mos

259 1190 357 1229 olim
382 1199 483 1242 erat,
500 1200 546 1231 ut
562 1206 757 1240 cursores,
780 1191 1038 1240 mandatarii,
1067 1206 1284 1245 praecones
1308 1191 1552 1244 principum,
1573 1202 1701 1240 arma,

259 1246 301 1284 id
316 1253 374 1285 est
397 1247 565 1301 insignia
579 1249 771 1301 ipsorum,
793 1261 814 1286 e
831 1246 996 1301 cingulis
1009 1246 1276 1300 dependentia
1295 1248 1335 1284 in
1355 1246 1569 1300 pyxidibus
1598 1249 1706 1300 picta

258 1316 379 1355 super
403 1302 619 1343 femoribus
637 1305 809 1353 ferrent3
833 1303 941 1342 unde
959 1303 1059 1341 forte
1083 1316 1168 1341 mos
1186 1310 1318 1350 natus,
1333 1316 1414 1355 quo
1430 1301 1576 1341 milites
1591 1317 1704 1342 arma

258 1358 465 1411 principis,
494 1360 559 1398 eui
583 1358 771 1406 militant,
811 1372 929 1411 super
951 1358 1031 1396 suis
1054 1360 1159 1410 peris
1182 1356 1458 1396 balthearibus
1477 1357 1705 1407 (Patr-onca-

259 1414 384 1462 ,εί-ἢθη)
399 1422 556 1467 gerunt.
578 1415 702 1468 Apud
720 1412 933 1453 Nicolaum
949 1414 1159 1466 Uptonum
1188 1413 1238 1451 de
1259 1413 1422 1451 militari
1454 1412 1584 1452 officio
1612 1412 1640 1451 l.
1666 1428 1706 1467 9.

261 1468 452 1508 dicuntur
461 1472 589 1509 nuntii
591 1471 811 1524 peditantes
824 1469 1128 1523 Imperatorum,
1159 1483 1295 1521 regum
1312 1477 1351 1506 et
1367 1469 1594 1522 principum
1605 1482 1707 1522 por·-

260 1533 345 1562 tare
361 1538 476 1563 arma
496 1525 746 1565 dominorum
762 1539 918 1564 suorum
944 1527 986 1563 in
1005 1524 1226 1579 pyxidibus
1250 1524 1424 1578 depicta,
1452 1524 1709 1578 pendentibus

262 1580 302 1618 in
320 1581 398 1617 suis
420 1582 586 1634 cingulis
602 1583 685 1620 sive
702 1582 898 1619 cinctoriis
922 1595 1038 1634 super
1061 1593 1186 1619 renes·
1212 1579 1296 1618 Nec
1321 1581 1376 1617 eis
1401 1588 1457 1618 est
1473 1579 1707 1634 permissum

260 1635 507 1675 dominorum
546 1650 703 1676 suorum
733 1651 849 1674 arma
877 1636 959 1674 alio
984 1636 1116 1689 aliquo
1143 1635 1226 1674 loeo
1254 1644 1427 1689 portare.
1483 1635 1593 1674 Haec
1619 1636 1707 1689 ipsa

261 1705 422 1743 quoque
450 1694 561 1746 origo
586 1700 644 1731 est
680 1691 755 1730 τοῦ
776 1690 1034 1742 ἑπιγονατιόυ
1050 1692 1092 1728 in
1109 1692 1255 1729 vestitu
1271 1689 1604 1743 patriarcharum.
1632 1692 1708 1730 Est

261 1754 397 1785 autem
418 1744 464 1786 τὸ
484 1745 745 1798 ὲπιγονάτιον
760 1745 948 1800 mappula
965 1746 1205 1786 scutiformis
1221 1745 1498 1795 rhomboidea,
1520 1760 1637 1785 emec
1651 1748 1708 1784 si-

262 1809 399 1852 gnata,
423 1816 444 1841 e
470 1802 631 1856 cingulo
656 1817 777 1854 super
795 1803 926 1841 femur
948 1802 1129 1840 dextrum
1146 1801 1373 1854 dependens
1391 1807 1431 1839 et
1450 1800 1707 1840 fluitans.-E0

262 1858 527 1910 profitebatur
543 1888 553 1903 ‚
583 1861 652 1912 qui
677 1865 830 1912 gereret
845 1889 855 1905 ‚
885 1872 925 1896 se
955 1858 1183 1896 ministrum
1215 1864 1254 1895 et
1276 1856 1590 1909 praedicatorem
1613 1870 1707 1895 cru-

263 1913 319 1951 cis
346 1927 442 1952 esse.
479 1910 572 1953 Ψύα
585 1922 623 1952 et
642 1911 748 1963 ψοιά
769 1913 893 1966 (quod
919 1913 1021 1951 idem
1040 1920 1160 1965 atque
1181 1906 1289 1962 ψύα)
1316 1910 1502 1949 dicebant
1524 1926 1597 1964 pro
1614 1908 1706 1962 ψόα

262 1976 461 2008 veterum.
492 1969 676 2023 Hypatus
695 1970 745 2007 de
761 1970 940 2022 partibus
951 1970 1129 2021 corporis
1144 1967 1308 2005 humani
1329 1981 1340 2005 :
1371 1963 1479 2015 ψόαι
1499 1964 1571 2005 καί
1587 1970 1711 2018 ψοΐαι

264 2019 310 2062 αἱ
338 2021 487 2077 σάρκες
516 2023 560 2064 αἱ
598 2023 880 2077 περικειζιιεναι
907 2023 983 2063 τοῦ
1011 2022 1191 2075 νεφροῦ,
1225 2018 1276 2060 τὰ
1306 2018 1506 2072 λεγόμενα
1534 2019 1710 2060 dudma-

263 2078 408 2119 Dictae
430 2087 524 2119 sunt
551 2080 643 2120 illae
666 2080 810 2134 bulgae
834 2080 1163 2126 Patrontascloen‚
1193 2078 1287 2130 quia
1320 2079 1390 2129 qui
1429 2091 1494 2116 eas
1535 2075 1707 2132 gerunt,

265 2135 309 2172 in
336 2136 385 2174 iis
410 2137 580 2188 insignia
599 2136 881 2184 dominorum,
914 2142 1200 2188 patronorum,
1245 2132 1392 2185 quibus
1418 2133 1620 2181 serviunt,
1655 2130 1707 2169 ad

266 2203 441 2242 quorum
465 2190 656 2230 familiam
682 2192 882 2243 pertinent
897 2221 908 2240 ‚
938 2189 1167 2228 ostendunt.
1225 2186 1418 2240 Exempla
1442 2187 1554 2226 verbi
1575 2185 1709 2225 δένειν

265 2252 306 2282 et
337 2243 492 2285 δένιέιν
521 2260 596 2299 pro
639 2246 726 2285 δεῖν
742 2276 753 2297 ,
777 2249 953 2295 vincire,
1001 2246 1126 2298 ligare
1165 2243 1288 2282 habet
1317 2243 1385 2280 Du
1423 2242 1556 2295 Gange
1589 2239 1703 2280 verb.

266 2298 423 2339 δέννειν
453 2308 493 2341 et
520 2314 561 2340 v.
594 2298 932 2354 περιτραχήλιον.
993 2300 1141 2339 Similis
1182 2299 1368 2337 formatio
1405 2304 1463 2336 est
1495 2296 1607 2335 verbi
1633 2307 1708 2332 πε-

269 2352 456 2403 ριχύνειν
491 2370 570 2421 pro
598 2381 617 2388 -
653 2379 673 2386 -
702 2353 822 2408 χύειν
870 2355 935 2395 vel
971 2353 1112 2407 χεύειν
1158 2354 1223 2394 vel
1263 2356 1389 2405 χεῖν;
1431 2351 1591 2403 βαίνειν
1628 2363 1707 2402 pro

267 2404 422 2460 βαίνειν,
444 2411 582 2463 βαειν;
611 2411 768 2463 πέρειν,
795 2411 972 2464 πέρνειν.
1032 2412 1086 2450 Et
1106 2411 1148 2448 in
1173 2411 1407 2448 universum
1426 2406 1558 2445 omnia
1581 2403 1707 2443 verba

268 2471 472 2504 csntracta
506 2469 546 2505 in
590 2467 645 2508 έω
675 2467 849 2506 formant
876 2467 1018 2504 Graeci
1056 2467 1094 2504 in
1126 2463 1205 2503 ένω
1240 2471 1279 2502 et
1315 2460 1435 2510 έννω,
1487 2467 1533 2498 ut
1582 2457 1709 2523 verba

269 2519 403 2557 omnia
436 2530 642 2562 contracta
665 2524 706 2561 in
741 2517 798 2561 όω
826 2522 1002 2561 formant
1032 2523 1073 2559 in
1105 2515 1186 2560 όνω
1211 2518 1274 2559 vel
1296 2513 1419 2568 όννω,
1447 2522 1494 2553 ut
1517 2527 1708 2566 γυμνων-

268 2584 355 2610 νειν
382 2589 456 2627 pro
483 2577 670 2628 γυμνοῦν
698 2585 775 2617 etc.

380 2629 424 2670 C.
448 2631 487 2670 5.
513 2632 626 2685 [328‚
647 2632 737 2686 22.]
767 2630 822 2670 τὰ
856 2631 952 2684 τρία
981 2630 1057 2670 τοῦ
1094 2629 1327 2684 φακτιόνος.
1382 2622 1705 2686 8ἰ“νοοεὼο1ιιηι

271 2680 539 2732 manticula-hie
569 2688 808 2740 significaret
824 2687 1138 2741 factionarium‚
1172 2682 1372 2722 crederem
1397 2693 1451 2717 τα
1478 2677 1574 2729 *cpia
1602 2677 1708 2715 idem

270 2737 405 2776 valere
436 2746 555 2793 atque
589 2756 708 2794 supra
741 2758 782 2796 p.
819 2743 907 2796 187.
941 2743 991 2780 A.
1025 2755 1140 2792 pem,
1179 2750 1323 2788 nempe
1353 2736 1430 2773 tria
1478 2734 1712 2771 numismata

254 2790 502 2840 ,Ῐὲιαίοηανίο
527 2796 657 2835 debita
668 2797 918 2851 flagitamus,
978 2795 1055 2835 Sed
1078 2794 1198 2833 credo
1223 2793 1354 2845 potius
1378 2789 1442 2828 hie
1478 2787 1553 2827 loci
1566 2783 1617 2826 τὰ
1635 2782 1707 2825 loa
