1832 3126
832 38 867 81 0

292 152 396 208 170
597 151 670 192 10.
712 149 816 192 1Ac.
857 150 1053 192 REISKn
1089 148 1468 194 COMMENTARH

282 253 350 293 hic
378 251 456 293 loci
484 251 769 303 membranae,
798 265 922 304 quam
949 250 1087 290 editio.
1145 251 1291 304 Liquet
1312 259 1449 292 tamen
1474 252 1627 308 aliquid
1654 253 1727 295 de-

284 323 381 347 esse.
441 307 492 347 E,
526 321 563 347 c.
596 301 627 346 ἃ
653 302 734 359 πρὸ
761 305 840 345 τοῦ
865 306 1152 359 καθεσθῆναι,
1181 314 1252 346 aut
1278 308 1606 361 κατακλιθῆναι,
1634 306 1730 348 ἄπο-

285 363 492 413 affimat,
549 375 618 401 uas
644 362 843 417 deponunt
866 371 956 401 ante
984 377 1075 401 uam
1099 362 1327 405 consideant
1350 363 1410 403 ad
1431 378 1620 404 mensam.
1654 364 1730 404 Pa-

283 418 386 457 tebit
413 432 459 456 ex
488 417 519 457 C
539 416 773 470 etorologio.
832 417 915 456 Pro
977 416 1147 457 ὀυλκίον
1186 425 1244 458 est
1278 419 1321 457 in
1348 418 1592 459 membranis
1618 433 1731 459 more

283 472 402 513 solito
431 468 622 525 δουλκὴν.
679 473 753 512 Est
780 479 913 513 autem
944 473 1116 513 dulcium
1145 475 1286 513 missus
1300 503 1312 522 ‚
1358 487 1440 527 quo
1468 474 1602 514 dulcia
1627 474 1731 514 infe-

284 528 429 568 rebant
456 528 532 568 sub
561 529 738 569 convivii
766 529 910 578 finem,
954 536 999 569 ut
1026 528 1250 584 placentas,
1278 543 1402 582 opera
1427 529 1579 570 mellita
1605 530 1730 584 pisto-

285 586 369 636 ria,
398 591 618 638 tragemata
635 614 648 635 ‚
675 584 745 624 sed
774 599 798 624 a
826 583 1002 623 bellariis
1020 614 1033 636 ‚
1060 598 1129 624 seu
1158 584 1354 624 fructibus
1381 583 1540 625 horaeis
1554 585 1728 625 diversa.

283 640 404 679 Patet
432 653 454 679 e
482 640 716 693 Lampridio
744 641 786 679 in
816 639 1078 693 Heliogabalo
1110 640 1164 680 Τ.
1193 640 1227 679 Ι.
1259 654 1301 694 p.
1332 639 1456 690 863.‚
1489 641 1559 694 qui
1585 640 1732 680 dulcia-

284 697 366 735 rios
397 697 594 750 pomariis
629 697 812 749 opponit.
871 695 988 735 Conf.
1021 695 1121 735 ibid.
1158 695 1375 735 Salmasius
1397 703 1450 749 p.
1481 695 1576 750 873.
1608 702 1649 735 et
1674 696 1732 736 11.

284 765 326 804 p.
355 749 452 791 603.
485 757 524 791 et
551 752 620 791 Du
648 751 784 805 Gange
812 749 945 790 Gloss.
972 750 1042 791 lat.
1074 750 1117 790 h.
1150 764 1192 790 v.
1221 758 1261 790 et
1278 750 1520 791 Dulcicium.
1556 750 1730 791 Cedren.

286 821 332 862 p.
358 805 455 860 559.
485 807 532 845 B.
553 806 597 846 6.
626 807 682 846 sic
701 806 913 846 describit:
944 803 1127 857 εὐωχίας
1141 802 1521 860 παρακμαζούσης,
1549 805 1623 845 καί
1645 805 1734 846 τῶν

282 856 582 914 τραγημάτων,
622 857 889 901 πλακούντων
927 856 1086 914 δηλαδὴ
1115 859 1190 900 καί
1215 856 1464 913 πεμμάτων,
1503 861 1734 914 παρατιθε-

287 915 438 967 μένων.
494 917 614 956 Conf.
632 917 787 970 Script.
827 923 917 970 post
942 916 1128 970 Theoph.
1164 931 1208 970 p.
1240 915 1328 968 ¹45·
1358 917 1413 956 D.
1437 929 1504 968 2.‚
1532 915 1605 956 uhi
1629 917 1735 956 sitne

289 970 488 1010 ὁόυλκίου
517 972 820 1014 rescribendum
846 986 922 1026 pro
948 971 1161 1020 δουλικίου
1174 1002 1188 1023 ,
1221 985 1273 1010 an
1301 971 1510 1012 retinenda
1537 971 1735 1026 posterior

289 1027 454 1081 scriptio
471 1056 483 1078 ,
525 1035 565 1067 et
595 1028 897 1082 interpretanda
924 1042 1044 1068 coena
1071 1041 1164 1068 cum
1198 1027 1438 1069 combefisio
1451 1056 1464 1078 ‚
1513 1034 1583 1067 aut
1607 1028 1735 1067 ser-vi-

288 1084 413 1133 tium,
461 1083 637 1123 mensale
673 1098 845 1138 nempe,
893 1083 936 1122 id
970 1090 1028 1122 est
1054 1091 1269 1137 apparatus
1299 1083 1498 1136 epularis,
1541 1097 1634 1123 cum
1666 1083 1735 1123 Du

290 1139 442 1192 Gangio
470 1140 511 1177 in
541 1139 672 1179 Gloss.
713 1141 786 1178 Gr.
822 1138 923 1179 mihi
955 1138 1119 1192 quidem
1152 1153 1234 1179 non
1268 1140 1362 1179 satis
1392 1138 1532 1192 liquet.
1591 1137 1736 1186 Malim

290 1201 425 1232 tamen
457 1196 584 1247 prius.
642 1196 848 1249 Superiori
885 1193 1057 1235 Cedreni
1094 1193 1183 1235 loco
1220 1194 1434 1248 respondet
1468 1193 1537 1233 ille
1569 1193 1731 1233 Contin.

288 1248 529 1302 Theophan.
561 1265 601 1304 p.
635 1265 724 1291 100.
747 1252 824 1290 B.:
857 1247 914 1297 ὥς
942 1243 1019 1289 οὖν
1046 1245 1099 1289 τὰ
1128 1249 1202 1301 τῆς
1229 1245 1413 1301 εὐωχίας
1439 1244 1736 1302 παρήκμασεν,

289 1302 364 1347 καὶ
389 1303 449 1352 εἰς
473 1305 635 1357 βρῶσιν
663 1303 715 1345 τὰ
741 1301 984 1358 τραγήματα
1010 1299 1116 1356 μετὰ
1142 1305 1224 1345 τῶν
1257 1300 1525 1344 πλακούντων
1551 1302 1736 1355 παρέκει·

289 1373 336 1400 το
367 1366 443 1400 ete.
504 1362 643 1412 Quum
667 1361 789 1414 igitur
815 1360 995 1400 dulcium
1022 1359 1188 1400 ultimus
1218 1367 1318 1400 esset
1343 1361 1386 1399 in
1413 1358 1541 1413 epulis
1567 1360 1737 1410 missus,

290 1415 512 1455 induebant
544 1415 616 1456 illo
645 1416 758 1456 illato
788 1418 983 1456 convivae
1007 1430 1099 1455 suas
1129 1415 1386 1469 chlamydas,
1424 1428 1524 1468 quas
1550 1413 1627 1452 sub
1656 1414 1737 1454 ini·

290 1472 394 1509 tium
421 1472 596 1511 convivii
624 1472 894 1526 deposuerant
909 1500 921 1522 ‚
960 1478 1006 1510 ut
1034 1470 1162 1510 abitui
1183 1486 1225 1511 se
1249 1472 1513 1523 accingentes.
1568 1468 1739 1509 Placen-

292 1533 354 1566 tas
389 1533 429 1566 et
453 1541 572 1580 poma
601 1529 644 1566 in
677 1528 874 1567 conviviis
897 1534 1082 1566 veterum
1106 1533 1307 1580 postrema
1341 1525 1462 1565 fuisse
1501 1525 1584 1575 (uti
1614 1525 1737 1566 etiam

292 1581 425 1621 adhuc
462 1582 583 1622 hodie
620 1590 715 1622 sunt
748 1583 790 1622 in
830 1584 999 1634 nostris)
1043 1589 1200 1621 constat
1244 1582 1339 1621 satis
1381 1595 1428 1619 ex
1458 1579 1737 1633 Alciphrone‚

291 1637 498 1687 ‘Lucian0‚
531 1638 737 1678 Petronio.
797 1637 986 1677 Dulcium
1015 1637 1270 1691 appellabant
1290 1636 1404 1676 latini
1432 1635 1552 1675 medii
1576 1636 1733 1690 species.

293 1692 568 1733 Ceremoniale
592 1694 862 1734 Daventriae:
907 1694 1009 1746 Regi
1033 1694 1224 1732 set-vietur
1247 1692 1298 1732 de
1322 1692 1516 1748 speciebus
1542 1705 1630 1729 cum
1647 1690 1739 1730 dra-

290 1750 400 1801 gerio
423 1758 617 1803 cooperto.
675 1749 917 1803 Dragerium
945 1755 1004 1788 est
1030 1747 1228 1787 ferculum
1254 1747 1320 1787 vel
1351 1760 1443 1786 arca
1470 1746 1708 1799 dragearum
1722 1775 1737 1796 ‚

291 1800 592 1856 τραγημάτων,
636 1805 888 1858 pastillorum
902 1835 913 1851 ,
958 1803 1227 1844 morsulorum
1263 1809 1574 1853 saccaratorum.
1631 1799 1737 1840 Acta

293 1859 543 1899 Visitationis
581 1860 755 1900 Simonis
779 1858 970 1913 Archiep.
1016 1860 1182 1899 Bituric.
1214 1874 1256 1912 p.
1288 1857 1410 1897 255.:
1442 1855 1618 1897 biber-unt
1649 1870 1737 1895 cum

294 1913 455 1955 domino
468 1944 481 1964 ,
528 1924 567 1954 et
601 1915 652 1954 de
677 1916 864 1969 drageria
891 1914 1153 1954 comederunt.
1193 1913 1326 1953 'Ordo
1354 1912 1560 1952 Romanus
1587 1909 1739 1955 Amalii

293 1983 332 2008 c.
360 1969 449 2024 69.:
486 1971 661 2010 omnibus
683 1972 772 2011 lotis
797 1971 945 2010 dantur
967 1971 1112 2024 species
1137 1978 1175 2008 et
1190 1970 1342 2008 vinum.
1401 1968 1490 2006 Non
1519 1974 1603 2006 tam
1636 1965 1736 2005 odo-

294 2033 476 2064 ramenta
493 2054 506 2077 ,
553 2027 715 2065 incensa
729 2056 741 2077 ,
783 2039 906 2079 aquas
930 2031 1081 2064 rosatas
1109 2023 1278 2078 intelligi
1301 2038 1374 2077 per
1402 2023 1546 2078 species
1561 2051 1574 2070 ,
1614 2035 1739 2074 quam

295 2080 492 2120 morsulos
505 2109 518 2131 ‚
567 2081 720 2121 fructus
748 2080 915 2120 saoharo
949 2079 1130 2120 conditos
1146 2109 1158 2131 ‚
1199 2079 1466 2119 confectiones
1479 2107 1492 2130 ‚
1535 2077 1592 2116 sic
1615 2075 1740 2130 vulgo

295 2135 446 2184 dictas,
477 2143 644 2190 apparet
672 2151 718 2175 ex
737 2136 950 2175 Ceremon.
972 2134 1187 2188 Augustini
1206 2135 1371 2174 Patricii
1392 2134 1468 2173 111.
1507 2132 1598 2172 εἶκε
1627 2131 1738 2186 Epu-

295 2191 347 2229 lis
383 2192 538 2231 abunde
573 2192 870 2232 subministratis
887 2191 949 2247 fit
972 2190 1142 2233 secunda
1168 2191 1262 2229 lotio
1290 2203 1475 2230 manuum
1495 2210 1514 2218 -
1533 2188 1743 2227 Pommtm-

296 2247 438 2286 deinde
469 2248 602 2287 vinum
634 2257 673 2287 et
698 2247 976 2298 colgscct‘iones,
1020 2247 1103 2284 sive
1138 2247 1279 2300 species
1293 2274 1307 2295 ‚
1356 2254 1398 2285 ut
1419 2244 1561 2283 habent
1586 2243 1742 2296 antiqui

295 2302 471 2351 codices,
501 2312 539 2342 et
563 2302 718 2342 denum
726 2302 854 2357 finito
881 2302 1064 2341 convivio
1091 2300 1190 2340 dicit
1216 2301 1378 2340 Lector.-
1429 2300 1491 2338 Tu
1518 2306 1647 2337 autem
1670 2297 1738 2336 do-

298 2359 400 2396 mine
441 2359 621 2397 miserere
652 2359 776 2399 nobis.
834 2357 922 2396 Ubi
947 2356 1030 2396 vid.
1060 2356 1219 2410 Ioseph.
1248 2355 1467 2397 Catalanus
1499 2354 1542 2393 in
1564 2352 1671 2392 notis
1692 2366 1736 2408 p.

303 2410 392 2467 159.
422 2421 462 2452 et
490 2414 557 2452 Du
582 2413 718 2468 Gange
742 2412 857 2452 verb.
881 2412 1049 2468 Species.

406 2467 460 2506 D.
481 2469 523 2508 5.
546 2468 638 2524 [7⁰²
665 2467 751 2523 12.]
799 2467 853 2522 τῇ
897 2467 1053 2521 χρυσῇ.
1108 2465 1244 2509 Aurea
1285 2479 1431 2505 mensa.
1488 2463 1564 2502 Est
1598 2460 1740 2501 eadem

299 2535 390 2560 cum
415 2523 466 2576 τῇ
495 2518 706 2577 ἆποκοητῇ
715 2554 729 2574 ,
757 2532 939 2578 separata
954 2552 967 2573 ,
996 2523 1050 2561 sic
1080 2521 1186 2560 dicta
1201 2551 1214 2574 ,
1242 2535 1323 2561 non
1349 2519 1458 2574 quod
1482 2525 1567 2558 tota
1593 2530 1742 2566 aurea,

298 2577 367 2615 sed
402 2578 512 2630 quod
545 2593 667 2618 aurea
695 2578 845 2621 lamina
874 2578 1048 2617 obducta
1079 2583 1194 2616 esset.
1254 2577 1392 2615 Potest
1420 2586 1582 2627 quoque
1617 2586 1663 2611 ex
1691 2585 1745 2611 eo

299 2632 355 2670 sic
378 2632 485 2671 dicta
508 2648 615 2684 csse,
656 2633 766 2687 quod
793 2634 924 2673 aureis
948 2640 1105 2672 tantum
1132 2632 1236 2671 vasis
1271 2634 1310 2670 in
1340 2646 1385 2670 ea
1419 2629 1742 2677 ministraretur,

298 2700 381 2725 non
409 2690 630 2740 argenteis,
660 2697 705 2728 ut
732 2696 900 2728 testatur
932 2688 1170 2742 Luitprand.
1207 2686 1359 2729 Hister.
1388 2685 1461 2724 Vl.
1501 2683 1542 2722 5.
1573 2680 1738 2722 Mallem

299 2748 434 2784 tamen
457 2745 596 2796 prius;
627 2751 665 2782 ct
693 2745 779 2798 pari
801 2745 920 2786 modo
956 2758 1118 2795 auream
1156 2756 1278 2784 unam
1295 2749 1414 2797 atque
1431 2746 1516 2783 tres
1537 2743 1746 2790 argentea*
