1884 3132
326 151 410 198 An·
442 151 783 196 Arpmnicm
821 153 924 192 Lm.
964 153 998 191 1.
1038 151 1111 190 DE
1144 147 1406 191 naamon.
1499 127 1615 202 509

173 262 336 314 nostrae
362 258 627 321 etymologiae
652 256 810 297 officere
827 286 840 306 ‚
880 254 1206 310 quandoquidem
1237 253 1348 294 illam
1374 266 1455 292 non
1484 253 1617 291 minus

173 320 319 374 premit
338 345 351 366 ‚
381 329 487 369 quae
513 314 565 353 ab
594 326 780 365 ασημον,
810 326 889 351 uon
919 325 1072 359 cusum,
1109 311 1280 350 derivat.
1313 310 1483 348 Miratus
1499 321 1618 360 saepe

174 375 263 425 fui,
301 371 373 425 qui
402 371 493 419 fiat,
522 377 570 408 ut
597 370 761 407 nomina
789 380 1071 413 nummorum,
1113 365 1260 420 quibus
1287 364 1470 404 homines
1496 363 1618 402 medii

174 431 266 469 aevi
292 427 355 466 usi
382 426 572 474 suerunt,
600 437 746 477 magna
774 437 820 461 ex
848 428 960 475 parte
992 423 1072 460 sint
1111 420 1304 459 Arabica.
1362 419 1423 458 Ut
1458 418 1623 458 nwleki-

174 499 244 524 nos
281 490 322 522 et
361 481 568 520 zar-ahmos
606 485 852 532 praeteream
870 507 881 524 ‚
924 476 1231 528 frequentissimi
1268 482 1308 514 et
1342 473 1439 514 olim
1476 480 1517 513 et
1545 487 1620 526 pro

176 545 291 594 parte
317 535 548 576 adhucdum
575 548 670 574 usus
694 532 913 580 voeabula,
947 545 1147 570 mcuzeosus
1176 538 1215 570 et
1243 529 1414 569 sech-inus
1443 529 1621 569 Arabica

174 611 287 644 sunt.
341 602 576 648 Mamm,
614 600 667 639 de
702 613 783 652 quo
811 598 895 637 vid.
929 597 997 636 Du
1027 596 1160 651 Gange
1189 596 1234 636 h.
1253 610 1317 645 v.‚
1351 603 1412 635 est
1444 593 1619 645 &fil-⁴,

176 666 407 723 χάραγμα,
435 682 460 707 a
486 663 592 718 Ula-3³
611 697 623 714 ‚
664 667 839 718 signavit
855 694 867 714 ‚
908 665 1097 712 lineavit,
1134 664 1288 718 pinxit.
1341 662 1397 701 Et
1436 662 1623 716 quamvis

176 739 315 765 omnes
340 737 457 762 cusos
483 735 668 762 nummos
693 721 915 774 significare
942 720 1082 772 possit,
1105 732 1199 757 usus
1217 724 1352 756 tamen
1367 717 1417 756 ad
1436 731 1623 755 nummos

178 787 387 834 argenteos
411 778 517 818 solos
542 777 758 819 restrinxit,
814 776 965 814 Contra
1005 774 1183 828 sequutus
1201 775 1353 812 etiamsi
1378 774 1539 825 proprie
1556 773 1622 810 ni-

176 835 263 876 hilo
289 834 400 888 plus,
430 847 552 886 quam
577 831 729 885 aliquid
751 825 1065 882 χαραγματικόν
1083 859 1096 880 ,
1134 828 1243 882 quod
1268 842 1315 867 ex
1346 827 1502 867 officina
1532 841 1622 865 mo—

177 889 332 930 netas-ia
345 889 532 944 prodiit,
574 893 701 927 notet.
758 886 833 925 Est
860 885 968 924 enim
994 886 1174 939 sequinus
1200 882 1303 923 nihil
1331 883 1440 923 aliud
1455 914 1468 933 ‚
1497 896 1622 935 quam

176 945 294 1014 455ae
318 985 331 1006 ‚
358 954 470 1008 quod
497 961 557 994 est
584 952 826 992 adiectivum
847 966 870 990 a
902 940 1023 1000 5510,
1050 950 1199 999 sect-ah,
1228 945 1415 1001 χαραγὴ,
1458 947 1622 987 officina

178 1011 426 1061 monetaria,
464 1017 504 1049 et
541 1011 669 1062 ipsum
707 1009 892 1047 incusum
926 1012 1110 1045 monetae
1151 1003 1403 1058 exemplum:
1449 1017 1495 1042 ex
1526 1017 1626 1042 usus·

177 1074 314 1106 tamen
342 1065 511 1119 imperio
538 1077 750 1103 nummum
778 1076 944 1101 aureum
976 1059 1228 1100 solummodo
1249 1059 1458 1113 significat.
1516 1058 1624 1097 Ver·

179 1133 279 1174 bum
305 1124 426 1181 ⁹5⁴0,
457 1130 598 1170 eudem
615 1161 627 1175 ‚
645 1129 832 1175 tundere,
862 1128 1003 1180 fierit-e
1019 1157 1030 1173 ‚
1075 1129 1208 1179 ipsum
1232 1140 1393 1180 quoque
1421 1139 1494 1164 sua
1520 1124 1624 1163 civi-

178 1196 262 1228 tate
303 1187 506 1227 donarunt
542 1186 637 1224 novi
675 1185 816 1223 Graeci
832 1214 844 1234 ‚
877 1191 916 1222 et
963 1182 1059 1221 inde
1086 1182 1311 1221 formarunt
1341 1182 1452 1219 varia
1468 1209 1481 1231 ,
1518 1194 1624 1232 quae

181 1243 320 1284 videre
346 1242 439 1282 licet
466 1241 574 1295 apud
590 1241 658 1279 Du
675 1241 810 1293 Cange
826 1253 867 1278 v.
892 1235 1125 1287 Τζακιζειν.
1181 1236 1267 1276 Alii
1294 1235 1622 1290 putaruntsecki-

180 1324 275 1349 num
300 1309 440 1348 venire
467 1306 519 1346 ab
546 1305 721 1346 Arabica
765 1319 864 1344 voce
891 1293 1020 1359 0⁴2·-
1035 1332 1047 1353 ,
1091 1302 1219 1341 seckin
1235 1333 1246 1349 ‚
1295 1316 1398 1356 quae
1452 1301 1621 1339 cultrum

180 1371 254 1403 aut
277 1365 403 1403 sicam
429 1369 556 1401 notat.
618 1360 740 1399 Unde
783 1361 902 1398 etiam
941 1371 1128 1397 nummos
1166 1371 1310 1396 aureos
1346 1356 1474 1396 nostri
1518 1356 1622 1394 Ger-

183 1420 295 1458 mani
346 1417 504 1457 saeculo
558 1417 762 1468 superiore
806 1415 983 1462 Dola-lte,
1044 1412 1121 1451 hoc
1167 1419 1226 1451 est
1268 1414 1367 1450 sicas
1380 1442 1393 1462 ‚
1447 1409 1624 1463 appella·

181 1474 296 1513 bant.
353 1474 413 1512 lta
444 1474 485 1511 in
513 1470 705 1510 Schadaei
743 1469 932 1508 Sleidano
969 1468 1204 1507 continuato
1232 1467 1283 1506 Τ.
1313 1467 1390 1505 111.
1419 1481 1459 1519 p.
1493 1467 1587 1518 5²9·
1605 1480 1620 1504 ε

182 1529 269 1568 Eia
284 1526 589 1567 Zz‘rkeLsclmu‘dt
617 1540 665 1564 zu
699 1524 914 1576 Strasburg
933 1522 1060 1562 ward
1087 1522 1232 1560 darum
1247 1551 1260 1574 ,
1286 1522 1378 1561 dass
1405 1536 1452 1560 er
1458 1521 1623 1573 salscloe

182 1583 363 1623 Dolclaen
385 1583 624 1635 gemiiutzet‚
647 1580 719 1618 mit
744 1581 892 1618 Rutloen
913 1578 1212 1631 ausgeslriclten.

294 1638 348 1676 D.
371 1638 447 1676 ult.
465 1636 585 1692 [463,
612 1633 695 1688 16]
735 1630 1039 1687 ζυγοφλάσκια.
1095 1630 1227 1670 Paria
1246 1629 1486 1687 flasconcm.
1542 1629 1623 1669 No-

182 1693 372 1733 stratibus
385 1692 567 1748 sla-scae,
605 1689 791 1746 flaschen
804 1719 816 1738 ,
829 1687 1030 1744 flascones
1058 1693 1153 1725 sunt
1181 1688 1288 1740 ipsae
1313 1686 1509 1739 lagenae3
1552 1686 1623 1725 sed

181 1748 383 1788 veteribus
423 1754 538 1787 erant
570 1753 730 1784 tantum
766 1744 907 1783 thecae
927 1773 940 1794 ‚
987 1745 1030 1782 in
1068 1741 1217 1796 quibus
1258 1740 1423 1794 lagenae
1448 1754 1623 1794 repone-

181 1802 354 1856 bantur,
380 1805 464 1843 sive
494 1801 586 1840 illae
618 1802 771 1839 vimine
793 1806 947 1848 textae,
985 1800 1068 1837 sive
1095 1798 1265 1850 ligneae,
1303 1798 1388 1835 sive
1420 1799 1625 1836 coriaceae

185 1864 333 1898 essent.
388 1858 506 1897 Patet
536 1871 581 1895 ex
621 1856 804 1895 Isidoro:
873 1854 1022 1892 Flasca
1048 1867 1075 1890 a
1103 1853 1259 1892 Graeco
1285 1852 1475 1891 vocabalo
1502 1851 1627 1891 dicta.

183 1912 279 1951 Hae
309 1925 389 1967 pro
423 1911 607 1951 vehendis
652 1925 701 1950 ac
744 1909 999 1949 recondendis
1037 1908 1187 1964 phialae
1232 1907 1450 1962 plurimum
1478 1907 1624 1957 sactae

182 1976 292 2015 sunt5
319 1967 484 2022 indeque
505 1975 770 2020 tumcupatae5
786 1974 923 2020 postea
946 1965 990 2003 in
1016 1978 1125 2003 usum
1151 1963 1241 2002 vini
1268 1964 1509 2001 transierunt
1535 1976 1625 1999 ma-

183 2031 296 2062 nente
320 2022 471 2060 Graeco
496 2021 708 2068 vocabulo,
731 2021 833 2060 wzde
860 2028 898 2058 et
929 2027 1145 2058 sumserunt
1172 2018 1342 2057 uu'tium.
1398 2016 1625 2068 Expediant

185 2077 254 2116 alii
304 2077 473 2116 obscura
505 2075 603 2115 haec
639 2075 777 2116 verba.
834 2075 898 2114 De
926 2076 1079 2128 origine
1118 2074 1276 2114 Graeca
1308 2072 1528 2110 videamus.
1582 2072 1626 2110 Si

184 2130 306 2171 fidem
346 2138 519 2171 meretur
546 2130 723 2170 isidorus
741 2158 753 2179 ‚
793 2144 876 2169 non
906 2129 1052 2179 video,
1081 2143 1104 2167 a
1138 2142 1220 2182 qua
1261 2141 1361 2166 voce
1393 2125 1471 2164 alia
1499 2126 1627 2179 repeti

167 2186 305 2242 fhzsco
331 2191 477 2239 queat,
508 2200 628 2238 quam
650 2200 673 2224 a
700 2182 875 2239 φόλλις,
908 2185 1029 2238 (quod
1070 2184 1177 2223 idem
1212 2190 1332 2236 atque
1363 2178 1484 2234 φολίς
1502 2209 1515 2228 ,
1546 2193 1627 2233 φο-

186 2239 302 2288 λίδος
311 2242 344 2292 ,)
375 2241 482 2280 unde
509 2237 704 2294 φολίσκος
724 2269 736 2290 ,
757 2241 963 2292 fhlmcus,
989 2238 1170 2294 flascas,
1192 2236 1323 2293 flasco
1354 2243 1429 2274 etc.
1486 2235 1625 2288 Ipsum

185 2299 319 2335 tamen
350 2310 375 2335 a
394 2297 538 2350 phiala
560 2309 604 2334 re
655 2295 775 2343 tiisse,
807 2296 901 2334 satis
927 2301 1049 2348 patet.

272 2349 366 2391 268.
389 2350 443 2390 A.
465 2365 503 2404 7.
529 2308 654 2405 [4625
688 2347 752 2403 2.]
791 2345 984 2400 πρόβατα
1025 2343 1210 2396 ὕπαρνα.
1264 2346 1375 2385 Haec
1421 2351 1479 2383 est
1507 2343 1626 2396 plena

187 2405 331 2456 dictio,
359 2420 434 2459 pro
470 2420 550 2459 qua
589 2404 803 2456 Euripides
833 2402 1083 2442 solummodo
1116 2396 1304 2453 ὕπαρνος
1332 2399 1458 2448 dixit,
1485 2398 1625 2437 subin-

186 2460 445 2514 tefligendum
468 2459 695 2513 relinquens
723 2451 815 2507 ὅῖς;
842 2458 926 2497 vid.
948 2455 1227 2496 Andromach.
1249 2455 1342 2508 557.
1394 2453 1470 2493 Est
1489 2461 1624 2493 autem

184 2508 371 2569 ὅπαρνος
407 2530 507 2569 quae
526 2529 612 2553 cum
650 2527 752 2566 agno
781 2520 851 2551 est.

297 2569 351 2609 A.
368 2584 411 2624 9.
433 2569 551 2624 [464
568 2567 629 2622 4.]
644 2564 910 2619 βερτζίτικον.
958 2563 1016 2605 V.
1029 2563 1208 2604 Bandur.
1228 2562 1282 2603 ad
1290 2562 1501 2603 Constant.
1522 2563 1626 2603 Por·

191 2622 307 2677 Phyr.
322 2639 365 2664 u.
390 2625 485 2665 265.
506 2632 547 2664 et
563 2626 630 2663 Du
651 2623 785 2675 Gange
809 2620 875 2660 Gl.
902 2622 978 2659 Gr.
995 2620 1039 2659 h.
1061 2635 1103 2659 v.

300 2679 347 2718 B.
374 2694 432 2719 ιο.
461 2677 581 2734 [464
608 2676 694 2733 14]
733 2677 896 2716 δίκτυα.
950 2675 1066 2715 Verti
1109 2676 1225 2714 retia.
1295 2673 1374 2713 Sed
1402 2672 1627 2713 debuissem

189 2739 311 2773 cortes
331 2736 471 2774 retibus
496 2735 661 2774 clausas.
738 2733 799 2772 Ita
824 2745 963 2771 caveas
989 2730 1139 2770 retibus
1169 2731 1318 2769 cinctas
1333 2759 1346 2780 ,
1371 2728 1516 2784 quibus
1535 2742 1629 2768 aves
