1884 3132
193 124 268 191 An
316 147 947 191 CONsTm.1>oRPu.·nE
988 147 1168 190 cmm.
1203 149 1303 190 mn.
1343 149 1397 190 11.
1440 127 1554 186 665

117 259 168 290 ut
190 266 269 306 pro
297 252 485 292 fasciculo
523 252 702 292 libellum
729 252 946 306 supplicem
974 253 1168 293 referente
1210 251 1418 292 bursulam
1463 253 1556 307 pul-

118 319 212 346 vere
243 315 314 346 aut
349 315 455 347 terra
497 307 652 360 plenam
680 309 756 348 sibi
784 308 869 346 fieri
909 316 949 347 et
989 310 1030 346 in
1059 322 1200 347 manus
1227 308 1312 346 dari
1342 316 1555 361 curarent,

114 367 307 415 tanquam
337 362 434 402 alias
469 363 707 404 conditionis
745 377 840 402 suae
868 377 947 402 non
977 377 1171 402 memores
1202 363 1354 411 futuri,
1385 371 1455 402 aut
1483 364 1555 404 tali

116 415 282 456 hun-sula
309 425 467 471 arrepta
495 419 674 469 protinus
701 432 859 456 omnem
886 418 1032 456 fastum
1071 419 1244 457 exuturi.
1302 417 1382 456 Alii
1411 419 1553 458 Graeci

116 470 361 523 dubitantes,
401 472 594 526 quidnam
633 472 709 512 sibi
747 473 866 511 vellet
900 471 969 511 illa
1007 487 1099 511 cum
1130 472 1271 511 rotulis
1298 473 1554 514 membrana-

115 528 196 565 ceis
222 529 418 580 processio
446 534 485 566 et
510 527 690 580 pictura,
721 527 985 566 coniiciebant
1003 556 1014 575 ‚
1043 542 1109 567 eos
1137 527 1289 566 rotulos
1318 542 1402 568 esse
1438 529 1554 569 volu-

114 581 223 620 mina
261 581 586 636 Evangeliorum.
652 583 756 621 Sane
794 581 1091 631 Rhamnusius,
1126 583 1229 621 forte
1264 590 1427 623 auctore
1462 585 1555 624 Vil-

114 634 342 686 harduino,
388 637 538 691 ubique
566 650 640 690 pro
665 638 798 676 acacia
828 637 1005 676 codicem
1033 637 1347 691 Evangeliorum
1375 639 1552 692 Impera-

116 691 271 731 toribus
298 691 471 730 CPtanis
498 694 540 730 in
569 707 711 732 manus
737 691 903 739 tribuit,
933 699 979 730 ut
999 707 1038 746 p.
1066 693 1153 743 ¹40.
1213 693 1305 731 Non
1334 693 1552 734 admodum

116 745 376 798 improbabile
402 754 474 785 aut
505 748 771 800 incongruum
818 746 894 794 hoc
923 748 1018 801 ipsis
1045 755 1131 796 est,
1160 755 1200 787 et
1226 749 1267 786 in
1297 748 1384 787 aliis
1412 764 1553 802 perso-

114 801 177 840 nis
214 801 466 841 admiserim:
509 805 732 841 acaciarum
767 809 900 841 tamen
947 802 1211 856 imperialium
1241 803 1432 856 originem
1462 813 1551 844 eam

113 867 197 895 esse
213 884 225 905 ‚
254 869 375 909 quam
403 857 508 904 dixi,
538 865 693 896 constat
712 871 756 896 ex
783 871 832 896 eo
865 871 1026 911 quoque
1064 860 1274 910 superstite
1300 860 1444 898 veteris
1461 875 1551 899 mo-

113 910 169 949 ris
195 909 436 950 documento
453 941 464 959 ,
505 912 614 964 quod
646 912 804 966 regibus
848 913 1017 966 Angliae
1042 912 1175 952 adbuc
1202 913 1322 952 hodie
1347 929 1483 967 preces
1510 923 1551 955 et

110 966 387 1018 requisitiones
414 966 672 1006 Parliamenti
701 981 781 1006 non
812 969 852 1005 in
879 966 1022 1007 litteris
1051 982 1163 1008 more
1190 975 1326 1007 nostro
1354 970 1552 1023 complici·

110 1018 162 1058 tis
181 1049 194 1071 ,
222 1021 293 1060 sed
321 1022 361 1059 in
386 1021 504 1061 tomis
540 1022 700 1062 chartae
735 1036 998 1075 pergamenae
1017 1023 1242 1062 convolutis
1269 1023 1548 1073 exhibeantur,

107 1075 241 1129 (pipas
267 1070 503 1129 appellant‚')
529 1091 698 1131 quarum
725 1078 843 1116 dorso
880 1078 1062 1118 inscribit
1088 1093 1155 1117 rex
1171 1108 1182 1128 ‚
1228 1085 1299 1117 aut
1325 1081 1409 1119 eius
1436 1081 1548 1120 iussu

109 1130 358 1183 inscribitur,
383 1133 415 1170 si
443 1132 605 1184 quidem
633 1133 764 1185 petitis
792 1134 954 1173 annuit:
983 1137 1060 1174 soit
1065 1135 1159 1185 fait
1181 1148 1330 1173 comme
1344 1136 1379 1173 il
1406 1145 1463 1174 est
1478 1136 1548 1174 de'-

106 1185 215 1232 sim',
244 1188 279 1225 si
305 1193 439 1226 autem
466 1195 583 1240 negat
597 1203 609 1226 :
638 1189 676 1226 le
706 1188 782 1226 Roi
808 1188 1006 1228 s'c'zvisera.
1063 1190 1111 1227 ln
1138 1188 1385 1242 reliquorum
1411 1197 1547 1230 autem

107 1246 266 1291 praeter
291 1242 553 1294 Imperatores
582 1243 821 1296 imaginibus
861 1258 1006 1297 negare
1033 1244 1158 1283 nolim
1190 1244 1395 1284 volumina
1422 1260 1547 1284 mem-

106 1293 304 1335 branacea
343 1297 526 1336 manibus
564 1298 694 1336 delata
744 1299 899 1337 codices
941 1299 1191 1351 evangelicos
1230 1308 1541 1352 repraesentare.

109 1347 266 1389 Auctor
293 1352 398 1390 vitae
425 1352 558 1390 Basilii
587 1352 816 1393 Macedonis
846 1352 908 1404 (n.
925 1353 991 1392 58.
1020 1354 1086 1392 ed.
1117 1354 1257 1406 Anat.)
1286 1362 1434 1404 narrat,
1466 1356 1544 1394 Ba-

109 1402 244 1442 silium
270 1406 312 1444 in
344 1406 441 1445 aede
467 1407 641 1458 quadam
668 1422 779 1447 sacra
806 1421 830 1446 a
857 1421 899 1446 se
926 1408 1086 1446 condita
1113 1408 1260 1447 liberos
1287 1424 1380 1448 suos
1407 1423 1546 1449 curas-

109 1471 152 1496 se
178 1460 287 1513 pingi
325 1474 416 1499 cum
443 1460 734 1514 ⁴voluminibus
774 1464 817 1501 in
863 1476 1008 1510 manu,
1041 1477 1145 1516 quae
1171 1463 1308 1503 divina
1334 1473 1545 1517 praecepta

108 1515 385 1554 continerent:
429 1515 488 1554 ὡν
532 1512 570 1554 οἱ
597 1516 675 1566 μὲν
703 1510 899 1570 ἄρ’ῥενες,
942 1519 1023 1567 ait,
1068 1514 1221 1567 τόμους
1248 1515 1544 1571 ἐπιφερόμενοι

107 1565 339 1609 δείκνυνται
365 1566 443 1618 τὰς
468 1569 589 1616 θείας
615 1569 803 1619 ἐντολὰς,
847 1568 914 1617 αἷς
940 1575 1122 1623 στοιχεῖν
1149 1570 1440 1623 ἐπαιδεύοντο,
1470 1587 1543 1613 πε-

107 1621 349 1673 ριέχοντας·
403 1623 450 1664 τὸ
482 1623 528 1663 δὲ
555 1626 666 1678 θῆλυ
694 1625 807 1678 γένος
822 1626 895 1667 καὶ
920 1623 1021 1666 αὐτὸ
1051 1626 1223 1677 βιβλους
1242 1627 1415 1679 κατέχον
1441 1623 1543 1681 6ρᾶ-

105 1690 174 1715 tat
203 1673 343 1727 νόμων
370 1677 498 1719 θείων
530 1677 711 1731 ἐχούσας
738 1677 952 1735 περιοχήν.
1009 1683 1098 1735 Ipse
1111 1681 1277 1722 Basilius
1306 1683 1348 1721 in
1376 1697 1543 1722 nummo

106 1732 213 1784 apud
237 1733 304 1771 Du
333 1734 526 1788 Cangium
555 1736 699 1774 Famil.
724 1737 817 1789 Byz.
845 1752 888 1790 p.
916 1736 1004 1776 138.
1031 1738 1161 1790 primo
1190 1739 1350 1776 sinistra
1376 1737 1543 1791 globum

105 1785 171 1825 vel
198 1801 362 1841 pomum
389 1791 543 1843 imperii
559 1805 650 1829 cum
681 1805 813 1842 cruce,
841 1793 979 1830 dextra
1010 1793 1250 1845 conspicitur
1278 1807 1358 1832 non
1385 1800 1542 1832 tomum

106 1855 175 1880 seu
202 1843 403 1892 rotulum,
434 1846 503 1884 sed
534 1847 712 1884 codicem
741 1848 983 1899 quadratum
1002 1877 1012 1893 ‚
1052 1847 1284 1901 religatum,
1302 1848 1540 1900 *evangelio-

105 1909 196 1934 rum
223 1905 388 1949 gestare.
447 1900 598 1939 Paulus
625 1900 874 1942 silentiarius
898 1909 1012 1955 parte
1031 1915 1070 1940 2.
1100 1917 1141 1941 v.
1167 1903 1259 1945 361.
1286 1903 1338 1942 de
1365 1903 1539 1956 quadam

106 1950 277 2005 imagine
303 1954 452 1994 Christi
480 1957 522 1994 in
553 1956 595 1994 S.
616 1955 796 2009 Sophia:

811 2015 942 2061 Ἓοικε
979 2020 1024 2061 δὲ
1053 2017 1235 2061 δάκτυλα
1260 2022 1410 2062 τείνειν

323 2072 555 2127 δεξιτέρης,
586 2071 660 2116 ἅτε
689 2075 828 2126 μῦθον
870 2074 1092 2124 ιῖειζώοιτα
1123 2073 1400 2130 πιφαύσκων,

320 2128 419 2182 λαιῇ
443 2130 589 2180 βιβλον
616 2128 724 2182 ἔχων
753 2130 916 2179 ζαθέων
943 2130 1156 2183 ἑπιΐστορα
1182 2128 1346 2181 μύθων.

104 2191 275 2231 Ioannes
303 2193 494 2233 Moschus
522 2196 683 2237 Limon.
725 2211 761 2235 c.
785 2195 886 2250 87.:
936 2192 1100 2249 ἐκράτει
1148 2194 1193 2234 δὲ
1221 2196 1294 2236 καί
1318 2201 1536 2247 μεγαλεῖον

100 2241 199 2297 ἔχον
226 2245 435 2298 ἀργυροῦν
462 2246 659 2302 σταυρόν.
718 2251 841 2290 Unde
872 2258 994 2304 patet,
1026 2250 1121 2290 talia
1141 2250 1345 2290 volumina
1373 2252 1536 2292 habuis-

100 2315 141 2339 se
172 2301 372 2340 interdum
407 2317 482 2355 pro
518 2304 760 2344 umbonibus
795 2320 931 2344 cruces
969 2307 1044 2345 sibi
1084 2305 1231 2345 affixas.
1299 2306 1373 2345 Est
1400 2315 1535 2349 autem

97 2356 316 2406 μεγαλεῖον
333 2386 344 2407 ,
390 2359 576 2399 volumen
596 2389 608 2409 ,
648 2374 731 2398 nou
760 2360 961 2408 Graecae,
991 2361 1061 2400 sed
1090 2361 1309 2400 Hebraicae
1337 2368 1406 2400 aut
1429 2363 1535 2402 Ara-

98 2419 212 2459 bicae
239 2423 403 2474 originis
430 2424 536 2466 333⁸:
578 2427 763 2478 megillalz
800 2417 926 2471 ὶᾶξυθ
958 2439 1034 2465 vox
1079 2425 1187 2479 apud
1214 2426 1380 2466 ludaeos
1406 2415 1534 2467 notis-⁵

99 2476 228 2524 simae,
258 2477 365 2515 unde
393 2478 443 2516 ad
475 2479 721 2518 Christianos
748 2482 923 2519 transiit.

208 2530 300 2580 Qua
327 2546 421 2573 vero
443 2534 602 2572 tandem
630 2549 752 2575 manu
780 2535 968 2574 tenebant
996 2541 1035 2573 et
1062 2535 1253 2588 gerebant
1270 2536 1534 2589 Imperatores

98 2584 305 2627 acaciam?
360 2588 483 2627 Modo
511 2589 670 2639 dextra,
698 2589 818 2628 modo
863 2590 1035 2628 sinistra.
1093 2590 1238 2630 Nullus
1266 2593 1372 2629 euim
1399 2598 1531 2639 certus

98 2636 140 2678 in
167 2651 212 2675 ea
238 2653 281 2678 re
310 2642 454 2681 modus
499 2644 760 2693 servabatur,
799 2645 867 2684 sed
905 2658 1000 2682 usus
1038 2651 1123 2686 erat
1165 2646 1348 2685 arbitrio.
1404 2645 1530 2700 Apud

98 2691 288 2738 Nostrum
320 2711 363 2748 p.
390 2698 453 2741 16.
475 2698 527 2738 A.
550 2700 592 2753 4.
633 2699 780 2740 dicitur
821 2701 1041 2757 Imperator
1078 2700 1214 2740 dextra
1252 2715 1374 2742 manu
1400 2703 1529 2745 acaci-
