1884 3132
331 125 445 194 428
602 143 675 184 10.
724 143 830 185 1Ac.
871 144 1064 185 amsxn
1105 110 1485 187 communali

329 245 402 285 tali
431 253 470 284 et
484 253 654 285 tesserae
682 243 855 285 lusoriae
883 247 924 284 in
934 244 1117 284 tabulam
1128 245 1401 287 mittebantur.
1429 246 1525 286 vid.
1545 248 1614 288 Du
1634 246 1768 304 Gange

329 315 373 341 v.
395 301 595 340 Modiolus
623 308 664 340 et
679 299 894 348 Modc'oiog
931 308 970 339 ct
984 297 1166 347 Mo'd‘cog.
1223 301 1360 351 Facile
1387 309 1551 355 apparet
1580 307 1768 344 conveni-

330 357 438 395 entia
465 371 557 395 cum
587 356 649 396 his
675 356 750 394 τοῦ
776 355 998 407 βασιλικοῦ
1023 352 1223 406 μοδιόλου
1239 386 1250 403 ‚
1280 358 1335 395 im
1365 358 1499 396 erialis
1520 359 1688 399 modioli
1705 360 1771 399 vel

332 413 500 460 circuli,
533 412 584 451 de
610 426 691 465 quo
721 410 924 450 Cedrenus
952 410 979 450 l.
1018 425 1056 449 c-
1086 418 1125 450 et
1153 410 1299 450 Noster
1358 413 1421 462 ic,
1451 420 1490 452 et
1517 414 1632 453 cuius
1660 428 1773 468 egre-

362 467 441 506 iam
480 468 694 521 imaginem
730 467 866 505 videre
904 473 962 504 est
1000 468 1042 505 in
1078 474 1340 505 monumento
1387 467 1618 508 Ravennate
1664 469 1772 522 apud

332 481 606 562 {lemannum
635 523 686 561 ad
714 522 956 574 Procopium
984 536 1025 574 p.
1046 536 1113 575 77.
1169 523 1284 573 Quae
1312 523 1469 562 Goarus
1496 523 1549 575 ad
1577 523 1608 562 l.
1635 539 1672 564 c.
1697 525 1773 563 Ce-

332 577 448 617 dreni
475 578 603 618 multa
629 578 678 616 de
707 576 882 616 modiolo
909 576 1056 627 habet,
1083 579 1217 616 omnia
1237 577 1366 616 aliena
1383 585 1492 616 sunt.
1551 578 1631 618 Sed
1656 581 1775 618 venia

334 632 454 672 debet
482 633 569 673 dari
594 633 711 672 docto
743 635 856 680 viro,
889 634 954 671 cui
983 632 1109 671 multa
1137 633 1189 671 ad
1217 632 1321 672 hanc
1351 640 1507 686 partem
1525 635 1775 688 antiquitatis

334 689 554 728 necessaria
583 703 654 728 sua
682 695 809 727 aetate
838 688 1028 738 dcerant;
1072 688 1180 741 quod
1210 695 1250 727 et
1277 689 1327 727 de
1357 687 1444 728 aliis
1471 689 1623 728 dictum
1652 689 1775 740 volo,

335 746 369 783 si
411 744 514 784 forte
553 744 808 798 quorundam
852 757 1006 782 errores
1038 750 1175 796 tango.
1230 744 1285 782 Et
1330 742 1435 782 hanc
1473 744 1573 783 mihi
1614 759 1777 798 quoque

335 812 496 839 veniam
535 799 621 838 dari
659 800 791 852 cupio.
851 799 946 837 Dies
986 799 1093 837 diem
1131 799 1262 837 docet.
1323 798 1468 838 Melius
1493 801 1777 853 interpretatus

334 862 395 894 est
407 854 651 893 BanduriT.
676 855 729 893 ll.
750 854 848 893 Ant.
875 854 1034 893 Orient.
1067 854 1165 907 Imp.
1187 868 1226 907 p.
1247 853 1343 908 497.
1401 854 1569 893 Accedit
1595 855 1646 899 ad
1674 855 1776 908 figu-

335 923 425 949 ram
453 909 617 949 modioli
642 911 902 964 ριόροῖοηια,
935 916 1099 948 ornatus
1125 910 1262 962 capitis
1285 910 1457 948 turritus
1485 909 1775 962 Augustarum,

336 964 389 1004 de
416 980 496 1018 quo
524 966 613 1004 dico
642 964 694 1003 ad
722 979 814 1018 pag.
842 965 931 1004 151.
987 966 1164 1003 Tantum
1183 964 1281 1004 haec
1308 963 1518 1003 intercedit
1542 964 1780 1004 differentia.

337 1020 541 1060 Modiolus
572 1027 658 1059 erat
686 1019 836 1059 lamina
864 1034 984 1058 aurea
1012 1021 1053 1058 in
1083 1034 1238 1058 summo
1268 1026 1418 1072 aperta.
1476 1019 1555 1059 Sed
1583 1020 1779 1074 propolo—v

338 1089 406 1115 ma
435 1084 520 1115 erat
549 1083 715 1114 stemma
745 1090 815 1115 seu
845 1074 971 1114 infula
1000 1075 1142 1128 pannis
1168 1075 1349 1128 pretiosis
1377 1074 1510 1124 facta,
1541 1077 1673 1115 aureis
1703 1077 1782 1115 cir-

336 1130 439 1170 culis
469 1138 508 1171 et
533 1131 698 1184 gemmis
727 1137 896 1180 ornata,
927 1137 966 1169 et
993 1132 1034 1169 in
1063 1131 1211 1169 vertice
1243 1129 1390 1169 clausa.

421 1185 515 1238 241.
535 1188 588 1225 A.
618 1200 682 1225 ιι.
706 1185 824 1239 [415.,
845 1184 910 1239 6.]
939 1181 1194 1237 βουληθείη,
1222 1183 1308 1224 καί.
1342 1184 1478 1225 Facile
1505 1193 1614 1240 patet
1639 1200 1685 1225 ex
1719 1187 1783 1224 in·-

341 1243 626 1296 terpretatione
651 1255 764 1291 mea,
804 1235 832 1294 ἢ
860 1248 952 1280 ante
978 1238 1052 1280 καί
1076 1240 1333 1280 inserendum
1361 1254 1443 1280 esse
1461 1271 1472 1290 ‚
1517 1240 1628 1295 quod
1654 1255 1782 1280 mem-

339 1297 492 1336 branae
523 1297 647 1336 deest.

130 1362 246 1399 Ed‚1,.
267 1362 329 1398 135
452 1353 499 1392 B.
521 1367 560 1391 2.
584 1350 684 1406 [415
704 1382 716 1401 ,
753 1350 810 1406 9.]
856 1348 1119 1404 ηαρατίκλιν.
1176 1350 1270 1390 Non
1295 1351 1390 1390 novi
1416 1351 1514 1405 quid
1541 1353 1606 1391 sit.
1660 1351 1785 1391 Forte

344 1407 454 1448 idem
481 1415 540 1447 cst
569 1415 689 1460 atque
723 1407 972 1462 paratorium
1006 1407 1070 1446 vel
1103 1406 1349 1446 dazconicam
1366 1437 1377 1454 ,
1408 1407 1458 1446 de
1487 1421 1567 1460 quo
1596 1406 1689 1446 vide
1716 1408 1785 1446 Du

346 1464 482 1517 Gange
526 1462 734 1502 Constant.
779 1463 930 1501 Christ.
954 1462 1030 1501 111.
1050 1476 1139 1515 cap.
1161 1460 1229 1501 68.
1251 1469 1292 1500 et
1322 1461 1452 1503 Gloss.
1473 1462 1563 1501 Lat.
1587 1476 1630 1500 v.
1651 1463 1784 1500 Para-

345 1521 506 1558 torium.
559 1519 689 1557 Locus
719 1517 785 1557 ille
815 1525 927 1569 erat,
965 1516 1038 1556 ubi
1076 1531 1161 1556 sese
1199 1517 1396 1570 parabant
1423 1517 1629 1570 pontifices
1657 1524 1696 1555 et
1723 1531 1787 1556 sa-

344 1574 525 1614 cerdotes
540 1603 552 1624 ‚
591 1574 634 1612 id
668 1580 725 1612 est
763 1581 890 1612 vestes
927 1587 1057 1612 sacras
1095 1573 1315 1611 ministerio
1348 1572 1562 1611 destinatas
1597 1571 1786 1612 obeundo

342 1629 580 1669 induebant.
636 1629 824 1668 Viderint
852 1628 950 1675 alii,
988 1635 1184 1682 quantum
1212 1627 1306 1666 huic
1332 1628 1584 1666 coniecturae
1606 1626 1787 1667 tribuen-

344 1684 443 1724 dum
472 1685 538 1724 sit.
591 1683 669 1723 Vel
705 1691 836 1737 potest
881 1685 1023 1723 coniiei
1044 1713 1056 1735 ‚
1095 1682 1351 1722 scribendum
1385 1696 1477 1722 -esse
1513 1680 1788 1734 παρατρίκλιν

342 1753 419 1794 pro
442 1737 784 1792 παρα-τρίκλινον.
842 1739 942 1778 Nam
972 1740 1237 1792 Imperatores
1266 1739 1310 1777 in
1345 1737 1483 1791 Cyclio
1522 1736 1574 1775 ad
1609 1736 1789 1775 dextram

345 1809 416 1835 seu
448 1794 750 1834 meridionalem
781 1796 960 1835 Bematis
988 1794 1145 1848 plagam
1163 1793 1348 1832 habuisse
1366 1800 1447 1832 tres
1476 1790 1643 1842 diaetas,
1664 1805 1790 1830 unam

344 1852 602 1890 metatorium
617 1879 628 1900 ,
661 1849 827 1889 alteram
855 1849 1076 1888 triclinium
1094 1879 1106 1900 ‚
1154 1850 1314 1888 tertiam
1358 1854 1567 1887 coetonem
1584 1875 1596 1897 ‚
1626 1847 1668 1885 in
1696 1847 1789 1900 qui-

346 1905 423 1945 bus
451 1905 638 1944 audirent
663 1904 851 1944 lectiones
877 1904 1071 1959 evangelii
1099 1910 1140 1943 et
1167 1903 1357 1957 epistolae
1374 1933 1384 1950 ‚
1428 1902 1672 1956 pranderent
1700 1907 1791 1955 post

347 1969 554 2014 peractum
586 1959 741 1999 cultum
769 1961 977 2011 divinum,
1018 1967 1057 1999 et
1085 1959 1306 1998 dormirent
1344 1972 1504 2011 quoque
1521 1988 1532 2006 ‚
1573 1971 1694 2010 supra
1718 1956 1790 1995 de-

347 2016 598 2065 monstravi,
627 2015 698 2054 ubi
726 2016 775 2055 de
804 2015 942 2069 Cyclio
971 2016 1033 2068 egi
1060 2028 1099 2067 p.
1116 2028 1160 2068 9.
1221 2014 1353 2052 Possit
1389 2027 1550 2067 quoque
1578 2011 1627 2051 de
1655 2025 1790 2064 παρα-

349 2068 494 2110 κυκλίν
522 2071 688 2124 cogitari
709 2101 720 2122 ‚
744 2071 981 2126 paracyclzb
1002 2089 1014 2108 .·
1045 2069 1114 2109 sed
1142 2069 1184 2108 id
1210 2070 1343 2107 minus
1371 2069 1515 2122 probo.
1571 2093 1575 2099 -

460 2127 507 2165 B.
524 2124 706 2179 4.[415,
734 2124 817 2179 ιο.]
846 2122 1078 2177 συνάγεται.
1137 2123 1239 2175 Vel,
1269 2131 1315 2163 ut
1327 2123 1482 2166 Nicetas
1508 2137 1548 2176 p.
1560 2120 1626 2173 24.
1644 2121 1715 2171 ait,
1745 2118 1791 2159 ἒν

351 2178 521 2231 μεθέξει
553 2182 634 2219 τῶν
665 2179 793 2219 θείων
828 2176 1072 2232 μυστηρίων
1113 2178 1271 2231 γίνεται
1285 2208 1296 2229 ,
1336 2179 1480 2233 accipit
1516 2177 1692 2228 synaxin
1708 2204 1720 2226 ,
1749 2174 1792 2213 id

353 2243 412 2275 est
439 2250 570 2275 sacras
598 2234 763 2289 epulas,
798 2249 951 2274 sacram
990 2235 1312 2273 communionem
1354 2232 1420 2272 vel
1448 2231 1792 2286 participationem

354 2290 642 2342 eucharistiae3
666 2290 747 2330 vid.
771 2290 840 2329 Du
860 2290 993 2342 Gange
1022 2289 1151 2329 Gloss.
1184 2290 1273 2328 Lat.
1293 2303 1335 2327 v.
1355 2287 1549 2340 Synaxis.
1577 2285 1638 2324 Ut
1656 2291 1790 2324 autem

353 2359 492 2385 recens
533 2346 708 2399 promoti
750 2345 801 2384 ad
850 2345 1060 2398 dignitates
1097 2344 1415 2384 benedictionem
1461 2344 1503 2381 in
1544 2339 1709 2379 ecclesia
1751 2345 1792 2378 et

354 2403 679 2440 communionem
711 2414 734 2439 e
770 2401 954 2439 manibus
983 2399 1232 2452 patriarchae
1273 2401 1450 2451 accipere
1476 2393 1675 2434 debebant
1695 2423 1708 2444 ‚
1738 2394 1795 2432 ita

355 2469 517 2508 quoque
543 2458 638 2495 novi
668 2455 932 2509 Imperatores
960 2462 999 2493 et
1027 2469 1137 2508 reges
1165 2455 1240 2494 sub
1268 2454 1423 2506 imperii
1451 2449 1625 2503 auspicia
1645 2447 1794 2487 eucha-

355 2511 509 2549 ristiam
537 2512 757 2564 percipere.
814 2510 913 2564 *[In
952 2512 1199 2549 coronatione
1243 2521 1376 2561 regum
1410 2507 1655 2544 Francorum
1684 2504 1795 2542 tolli-

356 2572 421 2602 tur
447 2579 592 2604 corona
612 2567 741 2604 maior
760 2581 787 2604 α
806 2567 931 2620 capite
945 2566 1203 2620 Imperatoris
1230 2573 1269 2602 et
1285 2563 1415 2602 minor
1424 2560 1653 2613 imponitur.
1692 2557 1793 2596 Eius

358 2619 551 2657 indusimn
568 2631 763 2659 crematur
785 2622 834 2659 ob
852 2635 1004 2659 sacram
1024 2621 1253 2659 unctionem.
1314 2615 1579 2654 communicat
1604 2613 1672 2652 sub
1683 2621 1791 2651 utra-

385 2687 443 2710 ue.
463 2673 532 2712 Sic
551 2677 657 2714 imit
671 2676 890 2714 Liuioviczas
905 2675 987 2713 IX.
1000 2689 1103 2713 anno
1123 2689 1135 2712 1
1150 2686 1263 2726 179.;
1284 2685 1324 2709 v.
1339 2669 1550 2708 Ceremon.
1563 2668 1612 2707 de
1632 2668 1791 2707 France

399 2754 409 2765 .
427 2727 458 2766 Ι.
479 2743 517 2780 p.
536 2742 546 2766 1
563 2729 635 2781 1.]*
660 2728 831 2776 Σύναξις
843 2737 974 2769 autem
987 2744 1067 2769 non
1085 2736 1158 2781 est,
1185 2734 1231 2766 ut
1242 2725 1383 2767 volunt
1404 2724 1637 2778 ineptientes
1665 2723 1792 2762 Grae-
