1884 3132
336 119 451 174 612
618 135 693 178 10.
737 134 845 179 1Ac.
885 138 1080 179 REISKH
1128 136 1522 183 COMMENTAmi

335 235 519 290 κεφαλῆς
555 235 685 288 μέχρι
712 233 785 275 καί
820 232 938 290 ῥινὸς
978 236 1274 288 διαχαλιόντων
1299 235 1625 293 βαθυπωγαίνων
1647 254 1777 292 μονα-

337 293 463 331 στῶν.
519 291 659 330 Fuisse
686 298 821 330 tamen
853 292 960 345 apud
989 294 1164 333 Graecos
1183 293 1474 347 elegantiorum
1502 295 1710 345 hominum
1737 305 1778 336 et

337 346 579 386 nobiliorum
614 345 724 385 hunc
769 348 973 396 vestitum,
1003 349 1231 387 observavit
1268 350 1336 388 Du
1376 350 1510 401 Gange
1547 365 1593 390 ex
1627 351 1773 405 Georg.

334 401 526 456 Acropol.
559 404 601 440 in
628 402 755 441 Gloss.
785 403 857 440 Gr.
881 402 924 441 h.
955 417 996 441 v.
1051 404 1241 455 Figuram
1270 404 1427 457 phialae
1455 404 1545 444 talis
1573 413 1612 444 et
1639 419 1684 445 ea
1712 408 1775 445 in-

337 456 425 495 duti
454 458 681 510 conspicere
710 457 802 496 licet
829 458 869 495 in
899 457 965 496 illa
990 457 1159 511 imagine
1189 459 1465 512 Hippocratis,
1495 475 1615 514 quam
1644 461 1778 500 Boivi-

336 526 413 551 nus
440 514 544 551 notis
571 512 650 551 suis
678 512 728 550 ad
758 512 1026 565 Nicephorum
1051 516 1270 567 Gregoram
1299 529 1340 567 p.
1370 514 1465 569 778.
1490 516 1671 554 inseruit.
1699 511 1778 555 'Re-

338 567 494 607 centior
525 568 700 606 Graecus
745 582 832 606 eam
861 566 1002 620 procul
1041 569 1164 608 dubio
1193 569 1243 607 ad
1271 572 1331 608 sui
1361 569 1510 609 saeculi
1537 584 1690 610 morem
1721 571 1779 610 ef-

336 621 464 662 finxit.
516 622 579 661 Ex
606 621 744 661 eadem
772 624 941 676 imagine
969 637 1129 676 quoque
1167 624 1426 677 intelligatur,
1457 625 1554 678 quid
1582 626 1633 664 sit
1659 638 1777 677 περι-

335 676 688 728 βεβλαττωμένον.
749 678 851 717 Nam
878 677 1014 730 phiala
1057 678 1125 716 illa
1152 686 1399 732 praetextam
1427 682 1559 719 nescio
1585 679 1744 734 qualem
1763 708 1777 730 ,

341 746 556 771 aureamne
586 746 638 770 an
667 732 834 771 sericam
858 762 869 782 ‚
901 732 1024 771 habet
1044 763 1055 783 ‚
1085 748 1136 771 an
1163 734 1383 786 plumatam
1411 735 1583 774 seu'acu
1613 737 1775 788 pictam,

338 786 642 841 phrygionicam
659 817 669 838 ,
681 789 853 839 sris-ium
881 795 919 826 et
939 790 1095 839 ιῘὴῖςιιιη
1123 789 1243 841 vulgo
1270 789 1436 828 dictum.
1497 789 1603 829 Hinc
1633 790 1779 829 intelli-

335 856 404 895 gas
432 841 532 881 illud
562 844 706 881 veteris
736 842 897 881 chartae
925 842 1030 895 apud
1056 843 1273 896 Ughellum
1292 845 1428 883 Italiae
1454 858 1587 884 sacrae
1609 845 1659 883 T.
1683 845 1780 884 Vll.

336 912 377 951 p.
405 897 548 952 1275.:
578 898 701 936 obtuli
734 899 914 936 ecclesiae
945 913 1061 936 unum
1093 901 1272 937 amictum
1301 915 1387 938 cum
1400 901 1512 951 friso
1539 914 1680 952 magno
1694 929 1705 947 ‚
1735 901 1778 939 id

338 959 397 991 est
424 967 515 991 cum
553 952 634 991 lata
671 960 872 1005 praetexta
915 951 1110 1005 plumata.
1167 955 1299 992 Latini
1330 955 1450 993 medii
1478 955 1567 992 aevi
1593 956 1779 994 amictum

336 1007 615 1060 appellabant3
654 1007 738 1046 vid.
779 1008 847 1045 Du
878 1007 1012 1060 Cange
1051 1007 1180 1046 Gloss.
1223 1009 1310 1048 Lat.
1341 1023 1383 1047 v.
1410 1008 1584 1048 Amiccus
1622 1016 1663 1048 et
1690 1010 1779 1048 Du-

335 1063 487 1101 randus
516 1063 587 1104 Ill.
607 1075 663 1112 2.,
692 1061 763 1100 ubi
793 1063 847 1100 sic
873 1062 1084 1101 describit:
1130 1063 1306 1102 sacerdos
1333 1064 1590 1102 celebraturus
1617 1067 1780 1103 assumit

338 1119 539 1167 amictum,
572 1131 648 1171 quo
670 1126 786 1170 capnt
810 1118 974 1169 tegitur,
1017 1131 1131 1172 quem
1151 1117 1340 1169 Pontifex
1374 1120 1457 1157 loco
1482 1120 1596 1172 ephot
1617 1133 1682 1158 seu
1711 1133 1776 1158 su-

330 1173 618 1227 perlzumeralls
654 1173 768 1210 habet
783 1201 793 1219 ‚
837 1181 874 1210 et
913 1186 1013 1210 nunc
1056 1173 1175 1210 eciam
1210 1174 1517 1227 superhumerale
1544 1175 1683 1212 vocari
1700 1188 1778 1228 po-

336 1236 408 1266 test
433 1250 488 1258 --
514 1229 678 1265 amictus
714 1240 829 1279 super
855 1227 1030 1264 humeros
1052 1228 1344 1282 circumquaque
1361 1227 1598 1281 dffmditur
1621 1251 1677 1259 -—
1700 1229 1779 1268 duo

325 1283 509 1334 funiculi
531 1283 614 1320 sive
631 1282 840 1320 chordulae
860 1311 870 1328 ‚
901 1282 1034 1336 quibus
1058 1283 1219 1319 amictus
1246 1292 1335 1321 ante
1363 1292 1496 1337 pectus
1525 1283 1686 1335 ligatur.
1721 1307 1775 1313 —

339 1337 497 1376 Amictu
527 1337 671 1375 collum
708 1337 910 1388 stringitur
929 1366 939 1382 ‚
979 1337 1048 1375 illo
1073 1338 1191 1375 etiam
1228 1347 1344 1392 caput
1370 1339 1565 1391 operimus
1582 1367 1594 1385 ‚
1629 1352 1677 1377 ne
1699 1339 1779 1377 cit·-

339 1406 575 1447 cumquaque
602 1392 879 1446 prospiciendo
906 1392 1044 1429 zllicita
1089 1393 1307 1443 cogitemus.
1372 1393 1510 1431 Pectus
1547 1407 1612 1431 seu
1640 1407 1710 1432 cot·
1731 1407 1776 1432 eo

338 1448 490 1499 tegitur.
521 1469 576 1477 ·—
603 1447 794 1495 Amicum,
822 1460 897 1501 quo
925 1446 1104 1484 sacerdos
1141 1455 1256 1500 caput
1278 1447 1488 1486 obnubilat.
1545 1448 1778 1501 Corrigatur

339 1500 436 1541 hinc
464 1501 574 1540 locus
605 1502 827 1540 Innocentii
855 1501 929 1540 ΙΙΙ.
959 1501 1010 1539 de
1049 1502 1245 1555 mysteriis
1273 1503 1416 1541 Missae
1442 1501 1548 1555 apud
1576 1503 1643 1542 Du
1671 1503 1778 1542 Can-

339 1559 448 1609 gium
477 1556 504 1595 l.
534 1571 571 1595 c.
628 1557 793 1610 Legitur
830 1556 897 1594 ibi:
929 1555 1006 1594 duo
1036 1557 1203 1605 vasculi,
1231 1558 1364 1611 quihus
1391 1559 1550 1595 amictus
1590 1567 1679 1596 ante
1702 1572 1777 1612 pe-

338 1621 418 1650 ctus
456 1612 602 1664 ligatur
635 1619 709 1650 etc.
750 1610 967 1649 Dux-andus
990 1612 1196 1662 fimiculos
1240 1621 1307 1649 aut
1349 1612 1554 1650 chor-dulas
1592 1611 1779 1666 appellat.

338 1666 449 1719 Ergo
479 1666 691 1719 legendum
720 1673 778 1704 est
827 1666 905 1704 duo
927 1667 1084 1704 nastuli.
1149 1666 1288 1704 Nastel
1315 1674 1371 1704 est
1400 1666 1564 1720 longum
1591 1674 1630 1706 et
1656 1674 1777 1707 tenue

338 1721 471 1760 lorum
501 1722 722 1759 coriaceum
745 1750 756 1771 ‚
785 1735 865 1773 quo
895 1735 930 1759 e.
962 1735 998 1758 c.
1030 1720 1148 1759 calcei
1178 1721 1283 1774 apud
1311 1723 1489 1766 rusticos,
1522 1723 1616 1760 item
1643 1729 1779 1775 pecto-

341 1777 439 1814 ralia
465 1777 657 1814 iuvenum
686 1783 724 1814 et
760 1778 901 1814 mitrae
930 1777 1046 1814 costis
1099 1775 1356 1814 balaenarum
1397 1776 1602 1826 dissertae,
1631 1776 1777 1829 quibus

340 1830 573 1870 domicellae
602 1829 796 1869 mamillas
824 1831 1040 1883 castigant,
1068 1831 1132 1868 die
1165 1831 1456 1879 Sclmierleiher,
1488 1845 1559 1884 per
1586 1831 1780 1872 foramina

339 1888 528 1938 utrinque
554 1887 695 1924 crebra
745 1887 936 1934 traiecto,
975 1886 1315 1939 constringuntur.
1371 1886 1476 1924 Hinc
1515 1885 1648 1924 IVestel
1676 1886 1777 1925 knii-

334 1943 433 1995 pfivz
450 1970 461 1989 ‚
492 1941 640 1979 nodum
672 1942 713 1979 in
742 1939 828 1979 loro
868 1940 1023 1989 facere3
1060 1940 1127 1978 die
1164 1941 1299 1979 Nestel
1333 1955 1406 1992 pro
1433 1947 1535 1979 reste
1564 1941 1777 1992 patibulari

341 1996 439 2034 olIm
475 1996 706 2045 dicebatur3
755 1995 836 2034 vid.
889 1995 955 2032 Du
986 1995 1120 2047 Cange
1156 1995 1285 2034 Gloss.
1332 1996 1421 2034 Lat.
1458 2010 1500 2034 v.
1536 1994 1696 2035 Nasculi
1737 2002 1778 2035 et

339 2050 503 2089 Frisch.
529 2051 661 2090 Lexic.
692 2052 883 2089 German.
900 2063 941 2088 v.
973 2049 1120 2088 Nestel.

453 2106 499 2144 C.
520 2106 560 2145 3.
594 2105 711 2159 [529,
731 2104 796 2158 6.]
842 2101 1150 2156 ἀριστητήριον.
1210 2104 1491 2152 Pransorium,
1519 2100 1776 2157 ἆριστήριον,

342 2165 389 2198 ut
415 2160 522 2212 apud
560 2161 628 2198 Du
669 2161 864 2212 Cangium
893 2158 945 2196 ad
989 2157 1105 2197 Alex.
1135 2173 1174 2211 p.
1194 2157 1290 2209 411.
1340 2166 1378 2198 et
1407 2157 1506 2198 CPl.
1553 2159 1699 2199 Christ.
1729 2173 1773 2211 p.

346 2228 437 2254 121.
460 2229 502 2253 n.
532 2215 594 2254 15.
627 2223 665 2253 et
701 2216 789 2253 123.
821 2229 862 2252 n.
889 2212 953 2252 25.
1228 2214 1233 2219 ’

453 2269 498 2308 C.
528 2284 621 2322 pen.
654 2270 770 2322 [5²9³
798 2267 875 2321 15.]
905 2260 1131 2319 μαφόριον.
1190 2266 1263 2305 Est
1303 2266 1562 2320 depravatum
1587 2281 1631 2306 ex
1660 2262 1772 2316 ω’μο-

341 2319 504 2377 φόριον.
564 2323 741 2378 Apparet
770 2337 815 2362 ex
843 2321 962 2375 paulo
996 2328 1086 2374 post
1112 2321 1382 2374 sequentibus,
1412 2329 1559 2361 vestem
1582 2322 1683 2360 hanc
1711 2321 1775 2360 su-

341 2381 416 2417 isse
442 2378 612 2431 pallam,
657 2393 759 2432 quae
795 2385 924 2416 totum
970 2390 1110 2429 corpus
1155 2376 1350 2425 ambiret,
1384 2371 1464 2414 dm)
1491 2375 1565 2426 τῆς
1588 2375 1777 2428 ’κεφαλῆς

339 2429 384 2471 τὸ
417 2433 499 2471 πᾶν
526 2431 660 2471 αὐτοῦ
689 2433 810 2483 σῶμα
831 2428 1204 2482 συγκαλύπτεσθαι.
1258 2431 1451 2484 Adeoque
1479 2430 1553 2468 suit
1579 2429 1634 2475 id,
1665 2431 1774 2482 quod

343 2486 474 2526 Latini
496 2489 662 2526 cloccam
690 2486 954 2540 appellabant.
1011 2486 1084 2524 Est
1111 2493 1244 2524 autem
1270 2487 1397 2523 clocca
1425 2498 1497 2524 vox
1525 2484 1774 2535 Germanica,

343 2555 576 2593 campanam
613 2550 781 2592 notans,
825 2549 863 2579 et
890 2541 940 2579 ad
977 2542 1060 2579 eius
1104 2541 1226 2579 instar
1269 2541 1414 2578 sactum
1461 2537 1626 2590 pallium
1667 2541 1772 2579 circa

343 2594 489 2633 collum
519 2598 738 2650 angustius,
768 2596 869 2634 infra
897 2595 1015 2634 latius
1044 2602 1083 2633 et
1114 2610 1184 2648 per
1211 2594 1348 2633 orbem
1377 2592 1568 2642 ambiens3
1599 2594 1683 2632 vid.
1702 2595 1770 2633 Du

343 2647 474 2702 Cange
495 2652 546 2689 ad
578 2651 694 2691 Alex.
725 2651 776 2690 ad
802 2665 843 2705 p.
870 2651 962 2704 529.
989 2650 1080 2689 350.
1103 2679 1114 2699 ‚
1158 2649 1228 2688 ubi
1266 2647 1376 2701 quod
1403 2646 1490 2687 aliis
1517 2654 1575 2687 e5t
1603 2645 1774 2702 ὤμοφό-
