1826 3126
235 178 310 221 An
349 174 645 219 CONSTANT.
694 172 894 215 Pomm.
932 173 1003 213 DE
1039 171 1221 213 cmm.
1254 172 1356 211 Lm.
1395 171 1429 210 ι.
1505 170 1544 224 9

103 287 151 321 ut
166 276 247 319 'no'x
267 286 309 318 et
327 279 428 330 dies,
458 277 517 318 sol
537 285 578 317 et
602 283 724 326 astra,
744 274 886 328 hyems
906 281 946 313 et
964 280 1108 313 aestas.
1149 272 1211 312 Ut
1228 271 1308 311 illis
1327 271 1546 325 dirigendis

104 335 330 390 praesideat
367 347 568 374 summum
601 344 751 371 numen
768 359 781 380 ,
810 331 866 368 sic
898 329 1014 368 aulae
1045 341 1207 382 quoque
1244 328 1547 380 Imperatorem.

103 391 209 430 Saue
226 396 505 444 persuaserant
527 388 603 428 sibi
634 387 901 439 Imperatores
916 414 928 435 ,
962 398 1005 423 se
1025 384 1176 433 Deum,
1205 389 1246 422 et
1270 383 1477 422 Christum
1503 383 1546 420 in

105 447 252 499 specie,
279 450 603 498 repraesentare:
634 449 674 480 et
691 446 927 494 propterea,
956 439 1118 492 quando
1145 437 1420 492 epularentur,
1448 451 1545 476 con-

104 502 220 540 vivas
246 499 432 554 legebant
459 497 671 537 duodecim
686 525 699 546 ‚
727 493 1067 548 quemadmodum
1099 494 1209 532 Iesus
1239 493 1423 532 Christus
1453 506 1548 531 cum

106 555 320 594 duodecim
350 553 555 606 discipulis
584 551 783 590 accubuit.
848 550 896 588 In
923 548 1022 588 festo
1050 549 1259 587 Paschatis
1294 548 1437 602 agebat
1463 549 1549 586 Im-

103 617 267 664 perator
291 622 504 663 personam
531 607 680 646 Christi
712 605 960 653 resuscitati,
1014 611 1054 644 et
1081 606 1166 642 eius
1194 618 1381 656 proceres
1407 617 1548 656 perso-

103 678 200 704 nam
228 663 515 717 discipulorum
530 692 543 713 ‚
572 669 613 702 et
643 661 864 700 induebant
894 658 1003 699 loros
1022 688 1036 710 ‚
1064 673 1146 712 quo
1174 659 1381 698 Christum
1403 658 1617 701 lodici-Eil.
1631 666 1670 699 L.
1686 667 1707 701 3

104 719 181 759 bus
207 718 495 772 sepulcralibus
527 716 755 757 involutum
785 715 992 754 referrent.
1057 715 1113 753 Et
1139 727 1186 753 ex
1212 713 1291 753 hoc
1324 716 1454 766 capite
1487 713 1550 752 lo-

106 788 174 814 ros
202 788 296 814 suos
331 774 518 815 dicebant
549 787 634 812 esse
663 770 891 825 symbolum
921 771 1242 810 resurrectionis:
1289 769 1369 807 Sed
1396 768 1472 807 hac
1499 769 1551 807 de

103 843 154 868 re
169 829 222 868 ad
254 830 301 870 L.
320 829 374 870 11.
402 830 500 883 Cap.
527 827 592 879 40.
614 827 782 867 dicetur.
808 827 968 865 Interea
1001 832 1159 865 tantum
1186 824 1264 863 hoc
1282 824 1456 874 notabo,
1486 826 1550 862 in-

105 885 236 938 eptiae
266 883 386 923 huius
410 885 579 937 vestigia
603 883 771 936 reperiri
805 882 847 920 in
875 881 1102 920 donatione·
1125 886 1335 933 praetensa
1360 879 1551 926 Constan-

107 940 184 978 tini
222 939 280 980 M.
307 940 474 992 (Locum
505 939 610 978 infra
643 938 672 978 l.
699 951 734 977 c.
785 936 998 990 allegabo.)
1068 936 1160 986 Quo
1197 934 1282 974 solo
1313 942 1551 988 argumento

105 1001 291 1034 constare
326 1001 508 1048 poterat,
542 993 653 1032 illam
694 993 952 1031 donationem
982 991 1132 1030 foetum
1163 992 1361 1032 seriorum
1393 997 1551 1043 tempo-

106 1063 200 1088 rum
229 1063 325 1090 esse.
390 1049 643 1089 Constantini
677 1049 733 1088 M.
761 1049 870 1086 enim
903 1061 1003 1086 aevo
1032 1046 1213 1085 nondum
1250 1047 1306 1084 ita
1341 1045 1551 1098 nugaban-

106 1111 176 1143 tur
189 1133 203 1155 ,
231 1106 416 1157 quamvis
438 1104 546 1144 illius
583 1103 714 1143 delirii
741 1103 968 1157 paroxysmi
996 1104 1091 1142 satis
1119 1102 1323 1155 conspicui
1352 1115 1437 1140 sese
1469 1102 1550 1139 iam

106 1159 206 1199 dum
231 1159 460 1213 proderent.

216 1229 387 1272 Ibid.B.
405 1229 479 1269 lin.
497 1227 537 1281 4.
561 1227 621 1284 [5,
643 1229 704 1283 7.]
716 1223 781 1278 τό,
811 1241 854 1268 τε
876 1224 942 1267 τὸ.
966 1227 1228 1267 Membranae
1256 1221 1352 1265 τόδε
1381 1221 1428 1264 τὸ
1449 1224 1551 1266 πᾶν.

108 1299 228 1339 saepe
261 1287 496 1325 commissus
527 1285 571 1323 in
610 1284 783 1323 editione
818 1291 956 1323 nostra
982 1282 1049 1321 hic
1078 1296 1222 1342 error3

215 1350 332 1392 Ibid.
357 1351 404 1390 B.
430 1350 506 1393 lin.
525 1349 562 1390 5.
580 1349 642 1404 [5‚
671 1349 732 1404 8.]
763 1349 997 1404 καθορῷτο.
1045 1348 1244 1387 Cohaeret
1270 1362 1364 1387 cum
1386 1362 1551 1400 praecc-

109 1405 230 1446 dente
250 1401 327 1459 ὕφ’
355 1397 427 1446 ὧν.
479 1405 637 1444 Deinde
664 1413 757 1449 ante
783 1403 945 1444 λεκτέον
963 1402 1197 1443 collocanda
1211 1399 1362 1455 στιγμὴ
1387 1402 1551 1454 τελεία,

109 1468 150 1500 et
177 1460 391 1516 legendum
415 1457 576 1501 λεκτέον
601 1451 675 1499 οὖν
703 1468 779 1499 etc.

219 1532 332 1576 Ibid.
361 1533 409 1572 Β.
435 1533 510 1572 lin.
532 1532 572 1572 6.
603 1531 740 1586 [ibid]
760 1534 845 1578 τοῖς
872 1527 954 1570 ὖπό
981 1534 1125 1583 χεῖρα.
1173 1530 1223 1569 Id
1243 1537 1303 1570 est
1329 1533 1418 1576 τοῖς
1444 1523 1551 1581 ὖπη-

109 1582 246 1636 κόοις,
285 1587 466 1627 subditis
494 1588 662 1626 nostris.
744 1587 808 1625 Eo
838 1601 956 1625 sensu
997 1586 1105 1638 apud
1133 1585 1406 1638 Nicephorum
1440 1585 1553 1625 Patr.

112 1641 212 1682 CPt.
255 1643 483 1694 saepissime
526 1648 566 1680 et
601 1640 700 1680 alios
742 1655 902 1694 quoque
933 1642 1108 1679 occurrit
1149 1654 1195 1678 ea
1237 1640 1373 1680 dictio.
1463 1639 1552 1679 Sub

110 1709 241 1734 manu
268 1696 450 1736 alicuius
479 1709 593 1743 esse,
634 1703 747 1735 notat
781 1698 823 1734 in
862 1697 947 1735 eius
980 1702 1175 1748 potestate
1215 1709 1301 1734 esse
1321 1724 1336 1747 ,
1385 1694 1552 1734 obedire

110 1751 341 1804 imperanti.

220 1821 334 1862 Ibid.
349 1821 424 1864 lin.
447 1821 580 1875 13.[5‚
600 1821 676 1876 13.]
685 1820 929 1875 προκένσου.
970 1822 1090 1860 Iuvat
1113 1821 1178 1860 hic
1199 1820 1276 1859 loci
1297 1820 1434 1874 paullo
1464 1835 1551 1859 am-

111 1875 219 1930 plius
244 1876 297 1915 de
320 1878 685 1931 processionibus,
711 1892 886 1931 quarum
911 1879 1027 1916 toties
1049 1878 1090 1914 in
1110 1890 1231 1928 opere
1246 1884 1383 1915 nostro
1401 1878 1552 1915 mentio

111 1931 173 1981 fit,
187 1931 396 1982 disserere,
423 1947 477 1971 ne
494 1933 720 1986 discerpere
737 1933 892 1987 singula
913 1946 1014 1985 opus
1024 1931 1254 1971 habeamus.
1281 1932 1371 1970 Vox
1380 1926 1552 1982 πρόκειν-

112 1998 187 2031 σος
212 1993 253 2025 et
279 1981 504 2039 πρόκενσα,
531 1996 578 2027 ut
597 1996 722 2041 patet,
755 1988 902 2027 latinae
930 1994 989 2026 est
1011 1988 1187 2040 originis.
1229 1986 1391 2033 Habent
1409 1987 1552 2025 Graeci

113 2039 212 2080 alias
238 2041 355 2092 duas,
383 2057 487 2095 quae
514 2043 621 2082 idem
652 2045 886 2097 significant,
909 2037 1087 2095 πρόοδος
1115 2049 1154 2080 et
1184 2040 1453 2093 προέλευσιςε
1482 2040 1552 2080 illa

113 2097 269 2145 rarius,
298 2096 374 2135 hac
411 2097 540 2137 multo
576 2099 822 2152 frequentius
858 2105 1039 2138 utuntur.
1107 2093 1227 2149 Περὶ
1260 2093 1441 2147 προόδου
1477 2095 1554 2135 τοῦ

113 2149 400 2201 Βαβυλωνίων
423 2151 653 2202 βασιλέως,
685 2153 738 2193 de
765 2167 992 2208 progressu
1038 2156 1095 2204 (ut
1121 2153 1244 2191 vertit
1273 2150 1462 2202 Allatius,
1486 2150 1555 2190 vel

114 2207 289 2255 rectius,
319 2205 373 2244 de
395 2208 686 2260 processione)
714 2210 822 2260 regis
850 2208 1180 2258 Babyloniorum
1207 2213 1331 2246 exstat
1360 2207 1555 2260 fragmen·

114 2267 202 2298 tum
227 2262 431 2313 scriptoris
456 2262 626 2313 Erotici,
658 2263 884 2312 Iamblichi,
915 2277 960 2301 ex
981 2264 1065 2301 eius
1084 2261 1335 2315 Babylonicis
1364 2262 1553 2315 deprom-

114 2321 203 2353 tnm
235 2317 278 2353 in
313 2316 520 2369 Excerpfis
569 2319 692 2358 variis
720 2319 967 2357 Graecorum
1003 2317 1271 2370 sophistarum
1318 2332 1364 2356 ae
1414 2317 1552 2356 rheto-

114 2383 208 2408 rum
235 2370 382 2409 Leonis
410 2371 550 2411 Allatii
588 2387 678 2426 pag.
708 2373 799 2414 250.
837 2387 947 2426 seqq.
981 2373 1051 2411 sed
1089 2372 1197 2424 quod
1236 2371 1410 2412 Allatius
1446 2371 1553 2411 male

114 2423 298 2464 Adriano
327 2426 526 2478 sophistae
554 2428 712 2478 tribuit,
741 2428 792 2467 ad
813 2442 934 2481 quem
954 2442 1036 2466 non
1063 2429 1235 2480 pertinet
1248 2457 1260 2477 ,
1288 2435 1335 2467 ut
1361 2428 1553 2468 observa-

114 2480 176 2518 vit
201 2480 411 2519 Fabricius
440 2481 545 2521 Bibl.
575 2484 715 2523 Graec.
739 2484 788 2523 T.
812 2484 883 2524 VI.
922 2497 1015 2535 pag.
1037 2481 1130 2522 806.
1193 2483 1304 2522 Vixit
1344 2483 1413 2522 ille
1443 2484 1551 2521 Iam-

116 2533 274 2574 bliehus
299 2543 481 2588 tempore
500 2538 556 2578 M.
577 2537 789 2587 Antonini,
819 2546 859 2577 et
886 2539 1038 2576 Erotici
1066 2537 1172 2576 illius
1201 2546 1404 2577 exaratum
1428 2551 1553 2576 manu

116 2588 294 2628 codicem
324 2604 347 2629 e
383 2591 624 2631 bibliotheca
654 2593 858 2646 quondam
894 2593 1020 2631 Marci
1051 2593 1255 2631 Meibomii
1285 2594 1335 2632 ad
1367 2593 1427 2633 Cl.
1446 2594 1550 2632 Bur-

116 2656 308 2682 mannum
344 2646 540 2685 iuniorem
565 2649 808 2701 pervenisse,
837 2661 1008 2700 eumque
1027 2648 1150 2701 ipsius
1176 2648 1390 2688 editionem
1416 2649 1551 2686 animo

117 2699 298 2750 agitare,
341 2700 446 2739 fama
476 2715 605 2754 nuper
642 2703 692 2741 ad
725 2717 798 2741 nos
836 2703 979 2742 attulit.
1055 2703 1166 2742 Voce
1205 2704 1448 2754 προέλευσις
1481 2710 1552 2740 aut

117 2754 338 2804 προελθεῖν
364 2758 490 2794 utitur
510 2757 588 2796 Dio
621 2757 943 2811 ChrysostmnuS,
974 2758 1147 2797 Traiano
1178 2758 1364 2810 aequalis.
1392 2773 1394 2776 ’
1419 2759 1552 2796 Locus
