1884 3132
281 137 393 196 238
592 157 665 198 10.
708 157 814 200 1Ac.
853 158 1048 200 Rmsxn
1088 157 1469 204 COMMENTARII

279 261 359 300 dix
385 268 442 299 est
464 259 610 299 concha
625 289 636 308 ‚
696 274 776 315 qua
802 261 943 314 tegitur
971 262 1138 313 szlgnwn.
1195 261 1416 303 Scholiasta
1450 264 1602 316 signum
1660 263 1728 305 hic

280 316 388 355 idem
417 329 501 354 esse
535 322 654 368 atque
688 316 842 365 tubam,
877 315 1065 356 ecclesiae
1089 330 1233 370 nempe
1248 347 1261 369 ‚
1291 318 1369 358 hoc
1395 323 1456 359 est
1473 332 1725 372 campanam,

278 371 393 422 vult,
425 371 536 409 cuius
569 372 937 424 interpretationem
969 372 1036 410 Du
1071 373 1206 426 Gange
1243 387 1284 413 v.
1328 374 1563 414 elaxendix
1599 374 1724 415 dedit.

280 426 360 465 Sed
387 433 519 479 potest
543 441 703 479 quoque
740 428 891 479 signum
927 427 1035 465 idem
1071 436 1191 481 atque
1221 430 1414 468 vexillum
1429 460 1439 478 ‚
1475 429 1572 468 item
1599 439 1728 470 statua

280 496 390 532 esse,
427 489 467 520 et
497 489 648 521 statuas
689 482 764 521 sub
802 483 996 522 uraniscis
1031 482 1153 523 fuisse
1197 485 1292 537 poni
1324 484 1487 536 solitas,
1527 499 1578 523 ne
1615 486 1728 526 corvi

280 551 419 576 earum
449 539 579 590 capita
601 545 864 577 concacarent
884 569 894 587 ,
932 546 979 576 ut
1015 546 1074 577 est
1096 541 1140 585 in
1167 540 1386 592 Priapeiis‚
1424 554 1487 580 res
1519 547 1615 579 nota
1641 548 1728 593 est,

279 593 649 645 demonstravitque
670 593 844 646 Scaliger
869 593 920 632 ad
947 593 1159 644 catalecta,
1190 594 1241 633 ab
1265 595 1342 634 illis
1369 592 1552 635 meiliscis
1575 610 1730 636 morem

279 649 435 688 venisse
464 656 695 688 sanctorum
732 649 871 687 statuis
897 656 936 687 et
965 650 1205 703 imaginibus
1232 651 1346 703 pictis
1385 651 1525 690 orbem
1567 652 1730 690 radian—

278 709 362 743 tem
391 705 644 757 apponendi,
686 712 756 743 aut
787 704 1031 757 capitellum.
1089 704 1256 744 Saeculo
1293 720 1400 745 nono
1437 721 1651 759 campanas
1685 709 1729 746 in

279 759 445 799 ecclesia
475 761 620 799 Latina
651 760 691 798 in
714 774 790 799 usu
820 760 958 811 fuisse,
990 767 1101 813 patet
1130 774 1152 800 e
1179 761 1247 799 Du
1262 762 1396 815 Gange
1425 777 1468 802 v.
1498 762 1726 801 Nalm-ium.

281 816 370 854 Imo
400 815 462 854 his
493 817 588 869 ipsis
609 815 773 864 diebus,
804 815 951 868 quibus
978 815 1076 854 haec
1106 829 1251 867 exaro,
1290 816 1366 870 legi
1399 818 1442 856 in
1466 817 1623 856 schedis
1653 832 1730 870 pu-

279 870 419 920 blicis,
462 885 597 909 rerum
633 885 833 909 novarum
877 885 990 910 casus
1025 872 1364 924 significantibus,
1402 874 1446 911 in
1476 873 1641 912 Austria
1664 887 1728 912 re-

278 934 461 979 paratam
480 941 564 965 esse
590 940 851 979 campanam,
883 927 1041 965 saeculo
1058 928 1152 966 Vll.
1179 928 1257 966 iam
1273 927 1403 966 fusam
1424 935 1463 967 et
1476 929 1519 967 in
1541 927 1730 968 ecclesiae

279 996 376 1020 usus
417 982 665 1029 adhibitam,
696 996 799 1035 quae
830 982 909 1020 iam
948 989 1118 1021 aetatem
1153 982 1263 1022 mille
1293 997 1494 1023 annorum
1535 983 1727 1037 excedat,

276 1044 319 1076 et
339 1037 528 1077 credatur
548 1037 680 1076 adhuc
702 1044 931 1076 sexcentum
952 1052 1076 1077 annos
1097 1038 1202 1077 ferre
1226 1053 1356 1091 posse.

370 1106 457 1131 100.
490 1093 535 1130 C.
564 1107 657 1145 pen.
686 1091 805 1146 [¹7⁰⁹
835 1091 920 1146 14]
951 1093 996 1131 ἐκ
1021 1091 1167 1145 χειρὸς
1194 1094 1271 1132 τοῦ
1297 1092 1516 1146 βασιλέως.
1571 1094 1726 1133 Mirum

277 1147 383 1199 hoc,
412 1149 600 1201 patricios
628 1162 650 1187 e
688 1162 811 1186 manu
851 1148 1106 1201 Imperatoris
1143 1149 1296 1202 palmas
1331 1150 1537 1202 accipere,
1578 1163 1662 1188 non
1705 1163 1731 1189 a

277 1203 516 1243 Patriarcha
552 1211 623 1241 aut
642 1223 644 1225 v
665 1205 850 1256 episcopo
882 1203 1072 1256 quodam.
1133 1205 1252 1243 Certe
1289 1204 1432 1243 Clerici
1465 1206 1508 1243 in
1549 1204 1731 1244 Ecclesia

278 1257 406 1298 latina
431 1258 583 1312 palmas
609 1258 876 1297 distribuendi
903 1260 965 1298 ius
994 1259 1070 1298 sibi
1108 1260 1395 1310 vindicabant,
1445 1267 1484 1298 et
1512 1259 1730 1299 Pontifices

278 1314 451 1353 Romani
492 1314 640 1367 aliique
677 1315 868 1367 primates
916 1315 1090 1368 episcopi
1132 1315 1446 1368 Imperatoribus
1498 1315 1730 1354 Occidentis

273 1384 411 1409 vsacras
438 1369 590 1424 palmas
608 1370 835 1408 mittebant.
894 1369 1126 1423 Landulph.
1151 1371 1243 1409 Iun.
1269 1371 1310 1409 in
1330 1371 1484 1409 Histor.
1505 1369 1727 1409 Mediolan.

279 1425 314 1463 I.
340 1426 407 1478 57.
430 1440 440 1464 :
471 1425 780 1464 flIediolanem-is
794 1426 1119 1480 Amltiepiscopus
1142 1435 1264 1480 prout
1291 1427 1415 1464 moris
1449 1434 1488 1464 et
1517 1425 1614 1477 legis
1635 1440 1730 1464 con-

277 1481 436 1519 suetudo
462 1482 610 1532 exigit,
638 1495 716 1535 pro
736 1495 824 1533 rege
852 1480 1030 1519 Henrico
1051 1483 1205 1530 oravit,
1233 1490 1271 1520 et
1293 1482 1332 1519 ei
1348 1495 1479 1520 ramos
1499 1481 1729 1535 palmarum

278 1537 323 1574 in
349 1536 608 1574 Germaniam
637 1537 744 1574 misit
766 1551 781 1585 ,-
807 1534 878 1574 ubi
908 1536 994 1575 vid.
1014 1536 1152 1575 Saxius
1169 1538 1212 1575 in
1236 1538 1355 1576 notis.
1415 1536 1497 1574 Nisi
1524 1535 1628 1574 forte
1645 1537 1731 1575 Im-

278 1598 440 1645 perator
461 1591 647 1630 CPtanus
677 1592 786 1644 prius
808 1605 941 1630 ramos
971 1605 994 1630 a
1009 1591 1243 1631 patriarcha
1269 1598 1520 1631 consecratos
1546 1591 1698 1644 accepit
1715 1620 1730 1642 ‚

279 1661 383 1700 quos
414 1646 558 1685 deinde
588 1648 692 1685 inter
728 1661 820 1686 suos
851 1646 1070 1686 distribuit.
1130 1647 1209 1686 Sed
1241 1647 1362 1686 hodie
1388 1647 1551 1700 quidem
1576 1646 1732 1685 obtinet

279 1715 367 1741 mos
390 1703 433 1741 in
454 1701 618 1741 ecclesia
636 1703 804 1750 Graeca,
830 1709 931 1741 teste
957 1701 1169 1741 Gerlachio
1189 1718 1231 1755 p.
1259 1702 1373 1756 469„
1405 1710 1452 1741 ut
1486 1715 1619 1740 ramos
1645 1700 1730 1740 ole-

280 1772 411 1806 arum,
435 1759 557 1811 myrti
575 1764 615 1796 et
641 1756 868 1810 palmarum
893 1758 1060 1797 sabbato
1076 1759 1217 1797 Lazari
1238 1760 1279 1797 in
1309 1757 1512 1797 ecclesiam
1531 1756 1729 1806 deferant,

278 1812 351 1851 ubi
383 1820 669 1852 consecrantur
689 1842 700 1864 ‚
727 1813 791 1851 die
820 1821 955 1852 autem
981 1814 1066 1867 ipso
1098 1813 1323 1866 palmarum
1348 1827 1372 1852 a
1402 1810 1630 1866 patriarcha
1659 1818 1730 1850 aut

280 1882 303 1907 e
326 1869 466 1908 vicarii
494 1868 680 1907 manibus
710 1870 921 1922 recipiant.

390 1923 438 1962 C.
454 1923 528 1963 ult.
552 1924 664 1978 [¹70⁹
689 1922 769 1977 15.]
800 1920 879 1963 (ἰνά
909 1922 1033 1976 βαΐου
1062 1918 1167 1969 ἑνὸς.
1227 1922 1334 1972 Quia
1369 1923 1637 1975 Imperatores
1664 1934 1731 1960 so-

278 1976 417 2018 lebant
448 1978 513 2018 die
543 1979 778 2018 Palmarum
812 1979 1043 2032 proceribus
1070 1985 1122 2016 et¹
1144 1977 1369 2016 domesticis
1405 1978 1486 2016 suis
1516 1992 1598 2016 una
1637 1990 1731 2016 cum

278 2033 508 2087 palmarum
540 2036 660 2074 ramis
693 2034 770 2073 alia
800 2048 961 2088 quoque
997 2031 1237 2072 munuscula
1268 2032 1387 2083 dare,
1423 2033 1576 2072 factum
1602 2046 1647 2072 ex
1681 2045 1730 2070 eo

278 2089 380 2139 suit,
419 2097 465 2128 ut
496 2090 648 2128 donum
690 2103 808 2128 omne
838 2090 980 2140 βαΐον,
1017 2089 1183 2144 palma,
1222 2087 1513 2141 appellaretur,
1553 2089 1642 2136 (nisi
1675 2085 1728 2125 de

277 2145 413 2196 palma
445 2145 623 2184 Circensi
642 2152 820 2198 repetere
846 2144 1000 2194 malis);
1030 2158 1071 2182 v.
1092 2143 1159 2181 Du
1185 2143 1318 2196 Gange
1346 2143 1413 2182 Gl.
1439 2143 1514 2182 Gr.
1548 2143 1592 2182 h.
1623 2157 1665 2182 v.
1689 2148 1730 2180 et

279 2200 519 2252 Luitprand.
556 2201 660 2239 Hist.
689 2201 765 2239 Vl.
795 2199 851 2250 5.,
880 2200 994 2239 cuius
1027 2199 1166 2251 capitis
1189 2197 1288 2237 haec
1323 2206 1383 2238 est
1418 2199 1645 2251 inscriptio:
1676 2196 1727 2235 de

279 2257 501 2306 erogatione
516 2258 789 2294 numismatum
809 2264 847 2293 et
866 2255 1035 2293 aliorum
1065 2254 1257 2292 donorum
1281 2268 1359 2309 pro
1392 2255 1519 2293 veteri
1545 2253 1729 2307 Impera-

282 2319 408 2348 torum
451 2311 690 2350 Graecorum
719 2325 825 2349 more
845 2318 936 2348 ‘ante
965 2310 1070 2347 diem
1097 2309 1327 2363 palmarum
1353 2312 1394 2349 in
1421 2309 1665 2362 magistr-acm
1688 2314 1728 2345 et

282 2365 437 2402 clientes
456 2366 750 2420 Imperatorios.
807 2365 869 2403 De
889 2378 1000 2403 more
1018 2365 1058 2402 in
1077 2363 1184 2403 sestis
1204 2364 1344 2404 diebus
1360 2363 1565 2403 fasciculos
1581 2361 1727 2400 ssolum

284 2419 549 2459 distribuendi
581 2436 623 2460 v.
647 2421 695 2460 ad
723 2435 765 2474 p.
786 2420 854 2460 66.
878 2420 931 2459 Α.
961 2434 1023 2458 10.
1082 2419 1155 2458 Est
1183 2421 1305 2472 igitur
1332 2418 1432 2472 βαῒν
1458 2419 1524 2458 hic
1561 2416 1639 2456 loci
1664 2416 1726 2455 fa·-

280 2472 451 2512 sciculus
473 2474 639 2526 florum,
672 2491 722 2515 ιιη
747 2477 924 2531 bouquet.

394 2528 447 2565 D.
487 2530 673 2585 1.[170‚
700 2530 784 2584 15]
817 2526 1039 2581 σὰμψυχα.
1106 2528 1397 2582 sampsuchum
1436 2526 1533 2566 alias
1565 2537 1726 2582 quoque

283 2595 491 2622 amaracus
526 2593 565 2623 et
597 2587 800 2625 maiorana
818 2616 830 2636 ‚
859 2583 972 2638 quod
997 2592 1250 2637 postremum·
1278 2597 1423 2622 nomen
1463 2583 1597 2620 notius
1637 2589 1723 2630 est,

283 2637 522 2689 appellatur.
579 2640 754 2680 Revocat
775 2641 851 2679 hoc
874 2654 1020 2678 nomen
1053 2639 1151 2678 mihi
1174 2640 1215 2678 in
1246 2639 1481 2677 memoriam
1514 2636 1727 2690 elegantis-

281 2693 426 2730 simum
455 2695 697 2745 epigramma
720 2697 919 2735 Graecum
937 2725 947 2742 ‚
979 2694 1089 2748 quod
1111 2708 1132 2734 e
1151 2693 1297 2734 Maffeo
1334 2693 1511 2733 reddidit
1544 2694 1727 2733 Murato-

281 2747 364 2786 rius
390 2747 443 2787 T.
459 2748 493 2786 I.
520 2749 774 2803 Inscription.
793 2765 837 2805 p.
870 2749 958 2802 140.
984 2763 996 2789 ι
1206 2774 1208 2778 «
