1884 3132
313 132 436 205 794
598 147 671 191 ιο.
714 150 817 193 1Ac.
861 152 1055 193 RssisKu
1095 147 1472 195 coMiiiEN'rAmi'

1394 269 1432 299 Λ

311 301 502 354 adiunxi,
545 302 710 357 finitque
749 305 787 342 in
827 304 961 344 verbis
999 300 1130 357 ἐδόθη
1163 301 1354 356 ’Imaum
1392 304 1644 360 ασπᾳθαρίῳ
1682 303 1757 346 καί

315 350 488 411 ἄρχοντι
518 359 593 397 τοῦ
622 375 661 412 p.
683 361 774 413 589.
805 359 858 397 A.
897 375 958 399 ιο.
1386 373 1392 387 ¹

420 414 474 452 D.
506 412 548 464 li.
577 413 694 469 [671‚
717 414 777 466 8.]
816 412 1159 465 καλυμῇἶομάτων.
1225 416 1300 455 Est
1327 429 1400 468 pro
1428 411 1753 467 xalvfimpcdtmvj

314 474 361 507 ut
387 467 506 521 paulo
535 478 625 522 post
652 470 854 509 scribitur.
909 472 981 509 Est
1010 478 1143 510 autem
1173 468 1402 522 καλύβωμα
1431 472 1597 509 materia
1621 471 1752 510 omnis

313 523 602 574 καλύπτουσα,
654 535 803 578 tegens.
854 525 1093 575 σκέπουσα,
1133 519 1218 565 οἷον
1257 522 1441 577 καλύβην
1477 524 1751 578 παρέχουσα,

316 580 413 618 item
442 592 518 628 res,
549 595 652 633 quae
680 579 956 629 καλύπτεται,
987 581 1148 634 tegitur.
1202 581 1327 620 Forte
1358 587 1452 619 sunt
1488 579 1555 618 hic
1583 580 1660 620 loci
1699 577 1752 620 τὰ

315 631 600 684 καλυβώματα
638 643 861 675 camaratae
893 635 983 675 illae
1010 636 1212 675 aediculae
1241 635 1306 675 vel
1333 635 1509 683 diaetae,
1540 635 1652 676 velut
1678 650 1754 675 κα-

316 683 469 740 λύβαι,
501 691 541 728 in
574 694 738 730 navium
769 690 955 730 tabulatis
975 723 985 739 ‚
1034 695 1075 730 in
1111 691 1256 744 quibus
1284 690 1495 730 nauclerus
1524 697 1564 729 et
1604 692 1753 745 capita-

316 758 416 783 neus
443 747 557 785 navis
586 754 624 785 et
650 747 947 786 honestissimus
975 750 1143 801 quisque
1169 753 1376 785 vectorum
1403 752 1542 799 agunt,
1572 754 1642 785 aut
1660 753 1754 786 sunt

315 800 402 852 ipsa
430 801 608 840 tabulata
626 833 637 850 ‚
671 817 773 855 quae
800 802 929 842 solent
960 801 1143 842 nonnihil
1170 809 1332 841 arcuata
1374 800 1486 850 fieri,
1544 801 1596 840 ad
1623 798 1756 841 καλύ-

316 856 417 909 βης,
444 858 592 908 tugurii
621 859 758 896 instar.
1468 880 1471 882 ·

426 911 479 950 D.
509 913 549 952 5.
575 911 687 967 [671‚
707 911 772 967 9.]
805 927 883 965 ση.
944 914 1053 964 Quid
1078 913 1177 952 haec
1217 913 1340 966 figura
1377 911 1453 950 sibi
1484 909 1604 961 velit,
1645 919 1757 952 certo

317 979 400 1005 non
431 967 614 1006 dixerim.
671 969 706 1007 E
744 969 971 1007 coniectura
998 976 1084 1019 est,
1127 967 1235 1020 quod
1272 968 1313 1006 in
1343 967 1494 1005 Latinis
1530 967 1661 1019 posui3
1691 969 1752 1007 vi-

316 1021 488 1060 debatur
510 1036 649 1075 nempe
672 1024 948 1076 compendium
968 1024 1045 1063 hoc
1064 1026 1283 1077 scripturae
1308 1020 1519 1061 στίννουσι
1546 1029 1616 1061 aut
1643 1021 1755 1062 στίν-

319 1088 468 1115 voveat
508 1078 744 1130 significare.
815 1079 880 1117 Sic
918 1080 1010 1119 novi
1040 1080 1183 1119 Graeci
1211 1077 1474 1132 pronuntiant
1500 1090 1573 1130 pro
1593 1074 1752 1128 ἑστῶσι,

314 1131 511 1186 pendent,
541 1140 611 1171 aut
637 1130 811 1173 ἱστῶσαι
828 1164 838 1180 ,
856 1135 1082 1188 pendentes.

429 1186 484 1225 D.
513 1202 553 1242 7.
587 1188 702 1242 [671‚
733 1187 812 1241 10.]
851 1185 1058 1241 τριβόλια.
1130 1189 1223 1228 Non
1263 1193 1362 1241 puto
1402 1185 1564 1226 differre
1602 1201 1627 1226 a
1670 1189 1757 1234 τοῖς

318 1237 527 1292 τριβόλοις
557 1252 735 1282 veterum
764 1245 1023 1291 Graecorum,
1052 1244 1300 1283 ferramentis
1324 1241 1635 1294 triangularibus
1661 1256 1755 1282 cum

319 1296 437 1335 trinis
473 1296 644 1346 aculeis,
692 1313 794 1352 quae
834 1298 1024 1339 adversus
1067 1302 1248 1339 incursus
1289 1297 1517 1337 subitaneos
1556 1298 1764 1350 equitatus.

320 1349 476 1391 hostilis
506 1353 544 1390 in
572 1360 676 1392 terra
707 1355 1082 1394 disseminabantur.
1111 1354 1225 1394 Conf.
1246 1367 1287 1407 p.
1311 1351 1471 1391 581.A.
1494 1366 1532 1406 7.
1586 1353 1678 1391 Non
1692 1359 1756 1392 ta·-

321 1419 414 1445 men
441 1407 559 1447 video
575 1440 587 1459 ‚
614 1411 704 1462 quis
733 1409 809 1449 illis
840 1412 1003 1449 ususiu
1032 1410 1164 1450 navali
1193 1413 1385 1463 apparatu
1413 1407 1547 1446 fuerit.

430 1463 484 1500 D.
508 1471 641 1517 antep.
667 1464 777 1519 [671‚
805 1464 887 1518 11.]
916 1464 1206 1518 καταπερίσια.
1269 1459 1471 1502 Pronum·
1498 1460 1758 1514 περίσσειαν,

322 1531 425 1569 quae
462 1518 566 1558 ultra
601 1522 908 1574 praescriptum,
944 1521 1352 1576 praedeterminatum
1378 1530 1591 1557 numerum
1617 1531 1763 1557 ascen*

321 1572 439 1612 dunt.
1034 1607 1036 1610 .

432 1628 486 1667 D.
517 1629 670 1683 penult.
708 1630 821 1685 [671‚
853 1631 938 1686 ns]
981 1626 1285 1683 ἆρμενόηουλα.
1342 1625 1514 1666 Reddidi
1555 1627 1646 1667 vela
1678 1642 1757 1667 ml·-

322 1697 444 1730 nora,
490 1686 584 1737 quia
625 1688 854 1726 terminatio
891 1689 1042 1726 πουλην
1083 1685 1321 1725 diminutiva
1349 1689 1420 1720 est.
1490 1683 1551 1722 lta
1593 1682 1766 1723 Glossae·

323 1739 593 1780 Graecobarb.
626 1742 731 1794 apud
759 1743 827 1781 Du
859 1745 1051 1796 Gangium
1073 1757 1115 1780 v.
1143 1735 1479 1791 Eid'tgpd‘noanv
1506 1737 1679 1777 reddunt
1709 1753 1751 1778 v.

323 1791 464 1840 dm‘dsg
494 1810 567 1849 per
593 1791 762 1850 σιδήρια
794 1805 834 1838 et
857 1794 1184 1851 σιδηρόηουλλα.
1220 1826 1223 1829 .
1249 1795 1371 1835 Forte
1397 1797 1534 1832 tamen
1558 1793 1666 1832 idem
1697 1801 1756 1833 est

1418 1867 1450 1890 π

323 1901 443 1948 atque
459 1888 631 1948 ἄρμενα,
661 1899 766 1938 vela.
825 1899 871 1937 In
898 1897 1137 1938 membranis
1162 1903 1246 1937 crat
1278 1894 1448 1951 ἄρμενα,
1492 1895 1587 1935 Nor.
1602 1894 1762 1947 dubim,

325 1964 392 1989 me
417 1952 616 1992 defectum
641 1962 747 1993 reete
774 1955 1000 2008 explevisse.

433 2008 485 2050 D.
516 2008 666 2061 penult.
700 2009 816 2064 [671,
844 2009 928 2063 12.]
959 2003 1100 2059 ἀργὸν.
1157 2007 1290 2045 Medio
1319 2022 1418 2048 aevo
1445 2005 1542 2045 talia
1567 2004 1760 2055 metalla,

324 2076 427 2114 quae
454 2063 584 2102 adhuc
616 2065 653 2103 in
694 2073 800 2104 certa
831 2079 950 2118 opera
991 2072 1027 2102 et
1057 2067 1318 2102 iustrumenta
1349 2065 1530 2118 impensa
1556 2068 1596 2100 et
1621 2060 1766 2100 elabo-

328 2125 415 2155 rata
441 2133 522 2158 non
550 2127 703 2167 essent,
733 2121 802 2159 sed
830 2123 1002 2159 iacerent
1031 2118 1159 2156 adi-nic
1188 2119 1310 2156 cruda
1339 2120 1378 2156 'm
1407 2116 1622 2172 grandibus
1648 2130 1765 2155 mas-—

327 2172 394 2224 sis⁷
423 2187 500 2213 non
510 2176 631 2225 sacta
659 2175 925 2228 appellabant;
942 2189 981 2213 v.
1002 2174 1069 2211 Du
1087 2173 1278 2222 Gange-v.
1300 2173 1481 2212 Medulia
1497 2186 1538 2225 p.
1554 2170 1647 2226 549-
1669 2171 1762 2210 init'·

408 2228 504 2283 598.
537 2230 587 2268 A.
616 2230 653 2270 6.
686 2230 802 2284 [671‚
827 2229 910 2284 17·]
939 2226 1094 2279 ἆτέγια.
1167 2229 1364 2280 Tuguria,
1395 2228 1588 2275 tentoria,
1622 2225 1762 2279 qual‘m

327 2290 421 2321 sunt
449 2285 621 2323 militum
649 2285 876 2324 rudiuscula
897 2315 908 2335 ‚
937 2299 961 2324 a
986 2282 1253 2338 papilionibus
1275 2282 1459 2336 diversa3
1488 2297 1534 2324 v.
1560 2281 1629 2323 Du
1649 2281 1755 2321 Can-

328 2351 378 2391 ge
405 2352 446 2377 v.
469 2332 636 2392 Ἀτέγια
668 2348 707 2380 et
733 2341 927 2393 Attegiae.

440 2394 485 2433 B.
513 2410 552 2434 2.
587 2394 698 2449 [ὄψῃ
721 2394 780 2449 5.]
812 2392 993 2446 γοιίίτια.
1047 2392 1117 2433 Sie
1149 2393 1234 2444 (aut
1277 2394 1417 2446 poti-us
1447 2387 1633 2445 yovom'a),
1657 2396 1765 2443 puto.

329 2448 528 2501 scripsisse
555 2450 764 2489 librarium
791 2464 865 2502 pro
891 2450 1079 2502 γονατεῖα
1093 2477 1107 2497 ‚
1140 2447 1249 2501 quod
1273 2448 1428 2487 reddidi
1453 2448 1614 2487 nodosa·-
1669 2445 1758 2483 Sci-

329 2502 420 2542 licet
448 2506 542 2543 nodi
570 2506 612 2544 in
640 2505 834 2544 arundine
861 2506 980 2544 certis
1006 2503 1235 2542 intervallis.
1257 2503 1431 2543 distincti
1456 2498 1612 2554 γόνατα
1630 2498 1756 2538 Grae-

332 2557 386 2595 cis
413 2561 599 2600 audiunt.
650 2561 753 2600 Sunt
779 2562 901 2614 igitur
919 2589 931 2610 ,
959 2561 1001 2598 ni
1028 2558 1171 2609 fallor,
1201 2554 1369 2597 εἰκόνι-ια
1399 2558 1591 2608 γονατεῖα
1626 2553 1761 2594 iacula

331 2612 444 2651 nodis
473 2616 693 2667 geniculata
707 2647 720 2666 ‚
751 2630 870 2668 scapo
894 2629 975 2654 non
1003 2627 1074 2667 per
1101 2614 1235 2652 omnia
1262 2610 1456 2665 aequabili
1485 2616 1526 2648 et
1551 2608 1670 2648 laevi.

440 2668 485 2706 Β.
514 2685 553 2710 2.
579 2671 693 2726 [672‚
715 2670 782 2725 4.]
809 2669 1047 2720 βουκολίων.
1104 2669 1166 2708 De
1197 2669 1375 2725 bucculas,
1399 2671 1511 2719 parte
1533 2664 1648 2712 scuti,
1679 2662 1755 2703 ali-

331 2733 374 2758 as
397 2718 614 2776 ὄμφάλοις,
640 2726 874 2775 umbonibus,
902 2724 1031 2774 dictis,
1060 2738 1097 2766 v.
1126 2724 1194 2761 Du
1222 2722 1353 2774 Gange
1366 2719 1495 2759 Gloss.
1514 2719 1604 2757 Lat.
1626 2718 1669 2758 h.
1694 2732 1761 2768 νς

332 2772 504 2828 κόγχους
534 2780 703 2836 appellat
731 2778 949 2835 Polybius,
981 2785 1019 2819 et
1037 2777 1229 2830 κύμβαλα
1259 2784 1377 2817 vetus
1394 2774 1628 2818 Glossator.:
1659 2772 1761 2814 πέλ.-
