1884 3132
267 116 381 184 460
561 135 634 178 10.
675 135 781 179 1Ac.
817 138 1012 179 Rssisxu
1043 137 1430 181 commi-Ami

268 242 416 281 maiore
440 251 558 296 parte
585 257 672 282 eum
702 243 875 294 collare,
905 243 982 282 hoe
1011 251 1071 283 est
1107 245 1304 284 maniacio
1322 275 1333 296 ,
1361 252 1568 299 segmento
1594 249 1724 288 serico

267 303 470 350 torquato.
530 299 598 337 Du
634 298 769 352 Gange
797 297 1000 337 Glossario
1044 300 1177 338 Latin.
1218 300 1371 339 vestem
1398 300 1504 340 hanc
1531 301 1723 354 penulam

63 353 126 388 Ed.
140 353 256 399 L.145
270 352 389 391 fuisse
424 361 566 407 putat,
607 368 711 406 quae
745 361 879 393 totum
924 369 1069 407 corpus
1108 356 1307 408 operIret‚
1339 370 1508 409 eamque
1536 370 1558 395 e
1587 356 1724 396 Leun-

265 407 396 447 clavio
423 409 479 448 sie
509 408 714 448 describit.
777 410 1079 463 „Scaramanga
1104 418 1162 449 est
1189 412 1331 460 vestis,
1361 425 1482 464 quam
1511 411 1589 450 viri
1616 412 1726 452 mili-

264 470 372 503 tares
401 472 556 517 gestant
584 479 706 518 supra
735 472 863 504 vestes
893 465 990 504 alias
1009 467 1218 505 interiores
1247 466 1298 504 ad
1328 466 1520 506 arcendas
1547 465 1723 520 pluvias,

265 521 392 567 nives,
411 519 502 573 gelu
516 552 526 570 ,
540 527 696 559 caetera
719 520 891 574 denique
909 522 1012 560 aeris
1037 520 1326 560 incommoda.'’
1358 521 1531 561 Videtur
1557 523 1725 562 omnino

267 577 587 629 scaramangium
615 576 666 614 ad
698 577 888 629 paenulas
917 577 1132 629 pertinere.
1193 577 1297 616 Nam
1330 591 1422 616 cum
1454 579 1722 631 scaramangi-

269 643 341 669 um
370 632 492 670 vestis
523 638 624 670 esset
662 631 956 670 honoratorum
973 663 983 679 ‚
1015 632 1057 670 id
1087 639 1145 671 est
1171 634 1354 671 virorum
1383 633 1536 672 ordinis
1565 640 1725 672 senato-

269 687 318 724 rii
358 694 398 725 et
446 701 615 726 munera
641 686 802 740 publica
829 687 869 726 in
893 687 985 726 aula
1014 695 1053 726 et
1071 687 1173 726 urbe
1202 689 1427 741 gerentium
1444 718 1456 739 ,
1486 696 1593 727 recte
1625 702 1726 727 con-

269 740 376 780 cludi
405 756 520 795 posse
547 742 709 782 videtur
730 772 741 793 ,
795 743 846 781 ad
878 743 979 781 illud
1008 745 1204 796 respicere
1234 743 1395 782 Glossas
1422 750 1597 782 veteres:
1623 758 1726 798 pae-

267 798 438 846 nulams,
471 794 739 851 συγκλητικὸς
760 795 878 850 ἀνὴρ,
900 795 922 835 ὅ
944 794 1054 849 ἔχων
1085 793 1325 851 πορφύραν.
1356 799 1410 836 Ni
1435 799 1539 838 enim
1570 798 1647 838 hoc
1674 799 1732 842 dev

269 852 361 892 aula
380 853 600 906 Byzantina
629 861 668 892 et
702 854 954 906 sequioribus
981 853 1230 907 temporibus
1258 854 1476 907 accipiatur
1502 861 1725 893 statuatur-

268 922 376 960 que,
423 908 534 961 quod
573 908 670 947 olim
713 909 885 962 paenula
913 916 1000 947 erat
1019 939 1029 956 ‚
1080 909 1119 947 id
1151 911 1469 962 scaramangium
1494 917 1592 948 tunc
1620 916 1725 948 tem—

239 1004 242 1007 Δ
268 964 378 1016 poris
406 964 525 1002 fuisse
575 964 756 1014 dictum,
804 966 964 1003 veritati
1016 971 1056 1002 et
1089 965 1262 1017 antiquis
1293 963 1486 1003 Romanis
1529 966 1725 1004 institutis

269 1033 343 1071 per
389 1021 520 1072 prima
549 1020 627 1058 tria
670 1027 763 1072 post
809 1020 856 1058 C.
898 1020 949 1062 N.
995 1018 1154 1059 saecula
1198 1027 1351 1073 pugnat
1392 1019 1532 1069 loeus,
1578 1020 1727 1072 quibus

269 1074 441 1127 paenula
469 1089 550 1113 non
597 1076 722 1128 magis
747 1083 992 1123 senatorum,
1023 1089 1146 1128 quam
1179 1074 1229 1113 de
1255 1073 1372 1129 plebe
1400 1077 1593 1128 cuiusque
1620 1082 1725 1114 erat.

270 1130 441 1169 Basilius
479 1144 640 1184 quoque
681 1130 890 1184 presbyter
929 1132 971 1169 in
1011 1131 1117 1169 notis
1160 1130 1212 1168 ad
1252 1131 1435 1184 Gregorii
1481 1130 1726 1170 Nazianzeni

271 1184 507 1224 Stcliteutic.
548 1185 727 1224 tribones
745 1215 756 1236 ,
801 1186 948 1239 quibus
994 1185 1247 1239 aequivalere
1282 1186 1474 1226 dicuntur
1499 1186 1723 1238 paenulae,

271 1240 380 1279 :idem
431 1243 670 1294 pronuntiat
710 1255 802 1279 cum
842 1241 1122 1294 scaramangiis
1162 1255 1260 1279 esse.
1323 1241 1461 1280 Verba
1490 1242 1574 1280 eius
1602 1248 1722 1280 sunt:

270 1295 484 1347 τρίβωνες,
526 1293 818 1350 περιβλήματά
849 1309 971 1347 τινα,
1006 1297 1087 1334 τῶν
1126 1294 1203 1346 μὲν
1245 1292 1435 1349 ρητόρων
1477 1294 1724 1348 ἐρυθροίτε

269 1347 344 1389 καὶ
373 1348 581 1404 φοινικοῖ,
614 1351 738 1404 <puzol
764 1350 810 1390 δὲ
837 1350 921 1390 τῶν
960 1347 1220 1404 φιλοσόφων.
1274 1347 1525 1404 παράσημον
1553 1349 1600 1390 δὲ
1627 1350 1726 1390 τοῦ-

269 1419 317 1444 το
345 1399 397 1458 ἦν
426 1401 571 1452 αὐτοῖς
600 1407 700 1445 καθ’
730 1400 908 1457 ἑκάστην
937 1402 1222 1460 φορούμενον,
1255 1402 1313 1452 αἷς
1340 1409 1427 1452 τοῖς
1453 1404 1726 1456 πολιτευομέ-

271 1474 359 1507 νοις
385 1457 430 1500 τὸ
461 1458 788 1514 σκαραμάγγιον.
862 1461 1077 1500 Constat-et
1105 1475 1200 1516 ergo
1227 1463 1306 1508 sic,
1337 1461 1657 1514 scaramangium
1685 1467 1730 1500 et.

270 1517 487 1569 paenulam
536 1517 643 1556 idem
664 1548 676 1567 ,
715 1524 785 1555 aut
819 1517 1142 1569 propemodum,
1189 1517 1323 1556 fuisse.
1394 1516 1453 1556 At
1480 1516 1610 1570 qualis
1638 1523 1727 1555 erat

271 1571 400 1612 forma
429 1572 655 1626 paenulae?
710 1573 774 1611 De
804 1587 849 1610 ea
885 1586 967 1611 non
997 1579 1167 1612 constat.
1227 1572 1376 1611 Fuitne
1405 1573 1730 1625 scaramangium

270 1627 455 1680 pellitum
485 1642 555 1667 seu
583 1627 687 1681 pelle
716 1627 996 1680 duplicatum?
1065 1628 1100 1666 E
1128 1628 1276 1667 Nostro
1322 1628 1486 1681 quidem
1514 1641 1597 1665 non
1625 1641 1723 1666 con-

272 1690 374 1730 stat,
405 1684 473 1737 qui
502 1697 629 1737 paene
658 1697 858 1736 nusquam
886 1683 1029 1737 pellitii
1067 1682 1312 1722 mentionem
1342 1683 1451 1722 facit.
1509 1681 1632 1732 Quod
1657 1682 1734 1729 hic„

273 1738 500 1791 appellatur
528 1740 850 1792 scaramangium
877 1746 1119 1788 castoreum,
1149 1746 1281 1791 potest
1308 1752 1434 1791 aeque
1459 1736 1562 1776 bene
1579 1751 1601 1776 e
1629 1735 1725 1790 pilis

272 1795 439 1833 castoris
465 1802 619 1833 textum
637 1824 648 1845 ,
690 1808 811 1848 quam
836 1795 1036 1833 castorina
1074 1793 1176 1847 pelle
1204 1794 1432 1832 foderatum
1460 1806 1559 1831 esse.
1615 1792 1728 1832 Puto

271 1856 407 1888 tamen
436 1852 619 1900 omnino,
662 1850 836 1889 Graecos
871 1850 1136 1903 Byzantinos,
1166 1857 1212 1888 ut
1240 1849 1406 1902 frigidae
1433 1846 1633 1887 Thraciae
1658 1849 1723 1886 in-

273 1904 382 1944 colas
427 1912 467 1944 et
516 1906 764 1945 commerciis
812 1905 1139 1958 frequentissimis
1174 1919 1267 1943 cum
1293 1911 1408 1958 gente
1437 1904 1602 1942 Russica
1630 1905 1722 1942 iun-

273 1967 358 1998 ctos
381 1989 393 2009 ,
435 1975 529 1999 cum
569 1960 656 1999 aliis
700 1961 866 1999 Russiae
909 1960 1108 1998 mercibus
1150 1959 1271 2012 pelles
1312 1973 1501 2013 quoque,
1550 1973 1724 2012 quarum

272 2016 652 2068 pretiosissimarum
689 2023 728 2055 et
771 2015 1186 2054 numerosissimarum
1229 2014 1297 2053 illa
1343 2016 1453 2068 regio
1480 2021 1608 2052 mater
1633 2021 1723 2065 est,

274 2073 484 2123 accepisse.
542 2071 743 2110 paenulas
772 2078 905 2110 autem
922 2070 1079 2124 pellitas
1107 2070 1241 2120 fuisse,
1267 2070 1374 2109 clare
1402 2076 1567 2122 apparet
1593 2083 1639 2107 ex
1656 2082 1730 2119 eo,

273 2127 383 2178 quod
408 2127 615 2180 penulcztus
644 2126 748 2165 idem
778 2133 898 2178 atque
920 2126 1080 2181 pellitus
1107 2125 1172 2164 vel
1193 2126 1349 2180 pellitio
1375 2124 1558 2179 duplata-5
1583 2131 1726 2176 notat;

273 2194 317 2219 v.
349 2181 417 2219 Du
438 2181 573 2234 Gange
601 2195 643 2220 v.
688 2181 915 2220 Penulacus.
979 2181 1035 2219 Et
1063 2195 1159 2219 sane
1191 2182 1340 2235 penula
1367 2179 1469 2219 nihil
1498 2178 1606 2218 aliud
1634 2185 1723 2229 est,

274 2250 397 2289 quam
420 2236 602 2291 pellula3
632 2236 754 2283 πέλος
782 2243 821 2274 et
848 2235 974 2282 πέλας
1005 2243 1064 2275 est
1086 2237 1222 2290 pellis3
1250 2250 1327 2289 pro
1349 2236 1504 2290 pellula
1537 2234 1729 2272 dixerunt.

275 2291 463 2344 deinceps
486 2292 635 2346 penula
654 2322 665 2339 ,
696 2299 742 2330 ut
767 2292 894 2330 ovilla
927 2305 999 2343 pro
1029 2292 1151 2330 ovina
1181 2298 1220 2330 et
1248 2291 1325 2330 alia
1355 2290 1463 2345 talia.
1519 2288 1598 2328 Sed
1625 2289 1721 2327 satis

275 2346 325 2384 de
352 2346 480 2385 forma
523 2348 801 2400 scaramangii.
854 2347 1074 2385 Videamus
1117 2361 1223 2385 nunc
1269 2347 1319 2385 de
1348 2343 1602 2399 etymologia.
1659 2342 1723 2382 Ut

277 2401 377 2440 solet
408 2404 450 2440 in
478 2402 658 2441 obscuris
687 2402 862 2454 antiquis
887 2402 1020 2447 rebus,
1056 2403 1192 2441 variae
1216 2402 1468 2441 coniecturae
1494 2398 1570 2438 hac
1597 2397 1647 2436 de
1677 2411 1723 2437 re

275 2456 471 2495 subnatae
506 2458 687 2507 animum
713 2458 754 2496 in
783 2457 941 2496 diversa
968 2457 1251 2496 distraxerunt.
1312 2457 1424 2507 Quas
1450 2452 1726 2507 proferamne,

277 2524 327 2548 an
356 2516 554 2564 premam,
583 2527 727 2566 anceps
756 2511 917 2555 haereo.
975 2513 1183 2551 Proferam
1224 2519 1359 2550 tamen
1385 2523 1507 2548 unam
1533 2507 1727 2546 alteram-

276 2578 351 2615 ve,
392 2581 495 2618 quae
523 2567 686 2621 aliquali
715 2569 800 2607 veri
829 2567 958 2620 specie
986 2581 1027 2606 se
1055 2566 1347 2606 commendent.
1405 2563 1631 2603 Videbatur
1655 2562 1725 2617 igi-

275 2638 344 2668 tur
372 2632 587 2685 aliquando
616 2648 693 2673 vox
722 2633 919 2672 Arabicae
947 2635 1111 2686 originis
1146 2647 1246 2682 esse,
1277 2629 1510 2670 deducenda
1541 2643 1564 2668 a
1597 2625 1731 2693 22⁴⁰ss

276 2686 412 2737 longus
431 2716 442 2736 ,
465 2690 666 2740 prolixus
723 2689 811 2728 Hoc
839 2704 956 2729 sensu
1001 2703 1139 2729 vocem
1175 2687 1370 2728 rariorem
1409 2685 1530 2725 habet
1568 2684 1685 2724 Gerir
1704 2713 1724 2736 ,

277 2743 396 2793 poeta
414 2742 559 2782 saeculi
593 2743 750 2783 octavi:
