1884 3132
204 141 278 184 An
309 142 604 187 CONSTANT.
652 144 847 187 Pomm.
886 146 960 186 m:
998 146 1179 188 cuum.
1217 148 1314 188 Lm.
1352 149 1406 188 11.
1445 128 1558 184 623

122 259 305 296 annum,
337 255 406 287 aut
436 255 542 287 certe
567 247 712 301 oppido
738 261 854 295 raro,
883 250 943 295 (ut
971 249 1022 288 ad
1050 250 1235 289 balneum
1257 281 1270 298 ‚
1314 249 1421 303 quod
1449 250 1558 291 haud

117 300 336 355 ·vulgarem
365 305 665 342 sanctimoniam
698 301 904 342 utentibus
931 304 1120 355 adderet,
1161 314 1200 344 et
1241 305 1559 346 benedictionem

124 359 503 410 prosperitatemque
530 357 743 411 largiretur
760 385 772 405 ‚
812 366 1056 411 quapropter
1097 362 1214 399 etiam
1242 360 1347 399 infra
1386 375 1429 413 p.
1462 361 1555 401 320.

122 412 180 449 A.
200 411 242 450 6.
261 407 309 450 τὸ
342 406 458 463 ἅγιον
482 412 647 462 λοῦσμα
674 411 896 464 appellatur
911 414 938 463 ,)
965 413 1143 453 adibant.
1203 415 1323 464 Quod
1351 415 1383 453 si
1412 415 1525 455 fieret
1541 447 1552 465 ‚

125 465 366 517 quibuscum
385 467 622 505 ceremoniis
651 466 762 504 fieret
781 494 794 515 ‚
833 465 899 505 hic
937 471 1159 520 exponitur.
1220 470 1283 509 De
1309 469 1452 509 balneo
1480 472 1556 511 isto

123 519 403 559 Blachernensi
443 520 527 560 vid.
542 549 555 571 ,
586 523 618 559 si
655 522 757 558 tanti
796 528 869 570 est,
890 523 1012 575 inepti
1041 523 1223 563 Graeculi
1258 532 1526 564 commentum
1540 556 1554 577 ‚

120 574 231 628 quod
257 575 406 614 habent
431 582 549 614 notae
578 574 791 614 Alemanni
817 576 868 614 ad
895 577 1135 629 Procopium
1153 594 1193 632 p.
1207 578 1277 618 83.
1309 579 1411 618 Nam
1440 595 1556 634 prae-

120 636 193 668 ter·
213 630 335 682 ipsius
365 631 423 668 rei
455 629 738 668 absurditatem
768 631 951 683 impingit
978 632 1097 671 homo
1126 648 1285 687 quoque
1310 635 1353 672 in
1382 634 1555 675 chrono-

122 682 268 737 logicas
294 685 480 723 rationes.
534 684 726 723 Balneum
753 684 854 724 illud
881 686 1170 728 Blachernense
1208 689 1277 727 diu
1317 696 1407 742 post
1434 691 1553 730 Iusti-

122 751 221 777 num
247 738 323 778 fuit
350 739 571 779 conditum.

201 793 296 847 319.
318 794 364 832 B.
388 793 429 833 8.
449 793 565 847 [553‚
586 793 649 848 2.]
679 792 725 833 τὸ
756 792 836 834 α’πὸ
868 797 1163 850 ταωνοπτέρων
1190 791 1390 850 (familior.
1444 799 1553 840 Inter

118 847 382 886 instrumenta
410 862 521 887 sacra
544 857 629 887 erat
647 863 807 905 quoque
831 849 1031 889 flabellum
1047 881 1059 901 ‚
1089 867 1111 891 e
1138 852 1325 892 tenuibus
1350 854 1552 894 membra-

117 902 203 949 nis,
237 903 331 941 item
361 903 551 953 sindone,
586 906 727 956 pennis
772 919 931 958 quoque
957 909 1166 959 pavoninis
1206 908 1383 960 factum,
1429 911 1549 960 (unde

116 953 303 1008 ῥιπίδιον
326 955 606 1008 ταωνόπτερον
633 966 674 998 et
701 956 848 1006 κύκλος
875 957 1155 1013 ταωνόπτερος
1183 962 1439 1015 appellatum)
1467 981 1549 1019 quo

112 1010 307 1050 diaconus
345 1019 415 1050 aut
454 1026 557 1051 unus
594 1013 754 1053 adstans
794 1021 863 1053 aut
891 1014 972 1054 duo
995 1015 1047 1054 ad
1073 1018 1206 1056 altaris
1240 1018 1395 1072 singula
1424 1019 1550 1061 latera

116 1065 263 1118 singuli
310 1066 507 1106 adstantes
554 1067 711 1107 diaconi
742 1083 920 1120 muscas,
950 1070 1047 1110 dum
1076 1085 1187 1111 sacra
1212 1073 1382 1122 fiebant,
1412 1074 1547 1129 abige-

114 1117 213 1158 hant
230 1150 242 1171 ‚
272 1128 341 1160 aut
372 1120 467 1160 alias
496 1121 697 1174 pulverem
727 1124 777 1163 de
805 1126 927 1163 sacris
948 1126 1106 1180 endytis
1151 1127 1419 1167 decutiebam.
1452 1131 1548 1170 Cle-

113 1187 226 1214 mens
253 1175 420 1215 Constit.
452 1177 634 1230 Apostol.
665 1178 780 1218 VIII.
819 1193 913 1218 12.:
946 1176 1020 1218 δύο
1058 1177 1240 1220 διάκονοι
1266 1182 1310 1231 ἐξ
1336 1178 1546 1238 ἑκατέρων

109 1227 196 1267 τῶν
234 1231 375 1282 μερῶν
419 1231 493 1270 τοῦ
535 1233 840 1286 θυσιαστηρίου
877 1235 1166 1286 κατεχέτωσαν
1205 1237 1250 1284 ἐξ
1287 1235 1453 1287 ὑμένων
1479 1242 1546 1278 λε·

114 1283 227 1322 πτῶν
256 1282 466 1336 ᾆιπίὸιον,
494 1280 521 1338 ἢ
549 1284 693 1339 πτερὸν
719 1288 875 1333 ταῶνος
893 1317 904 1338 ,
945 1283 972 1340 ἢ
1002 1286 1181 1342 ὀθόνης,
1215 1285 1240 1345 ᾗ
1278 1289 1413 1344 ἠρέμα
1442 1290 1546 1332 α’πο-

115 1336 369 1387 ·σοβείτωσαν
395 1336 445 1378 τὰ
476 1338 604 1391 μικρά
634 1341 716 1381 τῶν
734 1339 968 1390 ἱπταμένων
997 1343 1128 1394 ζώων,
1161 1346 1217 1392 ὡς
1239 1340 1293 1385 ἄν
1318 1343 1375 1397 μή
1407 1347 1546 1399 ἐγχρί-

113 1404 303 1430 πτωνται
329 1391 389 1440 εἰς
412 1389 463 1432 τὰ
495 1390 689 1433 κύπελλα.
748 1396 983 1436 Pontificale
1014 1398 1181 1437 Haberti
1199 1414 1238 1451 p.
1264 1414 1276 1438 1
1291 1414 1354 1438 11.
1369 1401 1438 1441 C.:
1461 1398 1538 1442 ἄλ-

111 1445 179 1483 λοι
206 1443 282 1484 δύο
310 1447 393 1487 τῶν
422 1446 623 1488 διακόνων
652 1445 847 1500 λαβόντες
875 1446 1039 1501 ῥιπίὸια
1057 1452 1243 1492 ἵστανται
1274 1453 1317 1502 ἐξ
1344 1449 1541 1508 ἐκατέρου

111 1498 267 1551 μέρους
295 1502 368 1553 τῆς
396 1499 517 1553 ἁγίας
543 1503 748 1555 τραπέζης
774 1503 820 1543 ἐκ
851 1506 1035 1556 πλαγίων
1052 1506 1125 1545 καί
1147 1505 1382 1559 ῥιπίζουσιν
1402 1509 1542 1550 ἐπάνω

109 1551 192 1593 τῶν
219 1552 347 1606 ἁγίων
371 1554 476 1605 μετὰ
507 1554 642 1609 πάσης
669 1557 902 1609 εὐλαβείας,
933 1554 1039 1598 ὥστε
1078 1556 1137 1612 μὴ
1168 1562 1384 1613 καθῆσθαι
1409 1569 1542 1615 μυῖαν

106 1601 136 1659 ἦ
161 1622 203 1647 τι
230 1609 412 1649 τοιοῦτον
437 1609 519 1650 τῶν
549 1611 739 1659 ζωϊὸίων.
796 1615 901 1663 Quia
932 1616 1059 1667 igitur
1086 1616 1346 1669 Imperatores
1377 1633 1470 1658 cum
1496 1622 1540 1660 in

109 1663 278 1709 Graeca,
307 1672 393 1703 tum
413 1666 455 1704 in
484 1667 625 1705 Latina
646 1667 805 1706 ecclesia
824 1668 1054 1720 qualitatem
1069 1671 1327 1710 diaconorum
1346 1681 1416 1712 aut
1440 1676 1539 1715 sub-

107 1717 367 1758 diaconorum
394 1721 584 1775 gerebant
603 1736 614 1760 :
645 1731 888 1775 quapropter
916 1727 1034 1762 etiam
1055 1724 1132 1764 illis
1162 1726 1305 1766 licebat
1323 1729 1365 1767 in
1384 1730 1536 1769 Tribu-

106 1785 201 1811 nam
227 1775 399 1824 intrare,
431 1775 639 1828 epistolam
669 1777 827 1830 publice
855 1779 1080 1832 praelegere
1096 1812 1109 1830 ‚
1150 1782 1358 1821 instratum
1401 1783 1536 1826 altaris

107 1834 263 1867 mutare
290 1836 330 1867 et
355 1829 432 1868 alia
459 1830 554 1870 talia
578 1831 680 1871 laico
710 1846 791 1871 non
812 1835 1002 1885 permissa
1029 1849 1242 1888 peragere,
1271 1845 1317 1876 ut
1337 1837 1424 1883 *alio
1447 1840 1536 1880 loco

107 1881 419 1922 demonstratum
447 1885 548 1924 fuit:
579 1885 724 1926 licebat
743 1889 835 1940 ipsis
856 1902 1037 1941 quoque,
1069 1897 1108 1928 ut
1134 1899 1272 1930 nostro
1299 1892 1375 1932 hoc
1404 1907 1426 1932 e
1446 1894 1535 1936 loco

105 1943 234 1987 patet,
268 1937 468 1978 flabellum
503 1948 662 1993 tenere,
692 1956 818 1996 eoque
845 1957 998 1982 sacram
1025 1959 1201 1984 mensam
1227 1961 1424 2001 purgare3
1447 1950 1530 1990 vid.

104 1991 172 2029 Du
201 1992 335 2046 Cange
361 1990 636 2044 v.‘P1m'‹5tov‚
668 2004 707 2035 et
735 1998 785 2036 ad
814 1996 998 2037 Alexiad.
1020 2013 1109 2052 pag.
1143 2000 1263 2052 546„
1301 2002 1436 2042 vales.
1480 2006 1532 2045 ad

104 2045 308 2085 Ammian.
342 2049 521 2087 Marcell.
561 2065 603 2102 p.
637 2051 754 2105 578.‚
792 2052 1000 2092 Mabillon.
1034 2056 1074 2092 in
1103 2056 1244 2094 Museo
1273 2056 1410 2097 Italico
1438 2074 1531 2113 pag.

103 2099 276 2138 XLVII.
333 2101 601 2143 Emendemus
629 2106 702 2144 hac
730 2109 934 2146 occasione
964 2108 1095 2147 locum
1116 2110 1315 2150 Anastasii
1342 2113 1384 2151 in
1409 2111 1532 2153 Nico-

102 2153 176 2207 lao.
191 2155 224 2192 I.
246 2169 286 2207 p.
312 2170 403 2195 210.
425 2172 436 2196 ε
482 2169 519 2197 et
542 2161 691 2213 rz'pzklia
720 2162 796 2200 duo
827 2162 902 2215 [sic
929 2161 1005 2216 leg.
1027 2178 1100 2216 pro
1128 2165 1288 2218 vulgato
1315 2177 1353 2206 et
1382 2170 1532 2223 rapidae

102 2208 262 2263 duobus]
291 2211 333 2248 in
357 2220 448 2265 typo
484 2228 668 2253 mvomcm
700 2215 760 2269 [id
786 2224 842 2255 est
884 2217 987 2269 picta
1001 2250 1011 2267 ,
1049 2226 1096 2257 ut
1126 2221 1274 2259 caudae
1307 2236 1531 2274 pavoninae

101 2264 227 2302 instar
259 2264 450 2303 referrent
509 2283 594 2306 cum
629 2273 740 2308 scutis
770 2272 826 2325 [id
855 2279 912 2310 est
956 2273 1104 2312 tabulis
1126 2303 1137 2323 ‚
1171 2278 1328 2316 tesseris
1367 2281 1528 2331 pretiosi

99 2318 250 2357 metalli
281 2320 482 2370 quadratis
511 2329 580 2360 aut
606 2323 894 2378 rhombo'ideis]
923 2336 959 2364 et
983 2328 1148 2366 diversis
1169 2330 1365 2384 lapidibus
1380 2336 1528 2386 pretio*

99 2373 167 2410 sis.
224 2374 291 2412 Ab
320 2374 381 2412 his
407 2374 572 2414 flabellis
600 2385 693 2416 nata
719 2393 801 2418 esse
817 2409 827 2428 ‚
855 2381 999 2432 quibus
1019 2382 1251 2423 domicellae
1270 2393 1426 2426 nostrae
1442 2402 1525 2428 sese

99 2435 242 2478 parant
267 2436 307 2467 et
338 2429 480 2467 ludunt
497 2459 507 2479 ,
537 2429 677 2483 liquet.
738 2434 948 2472 Habebant
978 2437 1239 2489 Imperatores
1259 2441 1525 2483 Graeci'assi-

100 2482 242 2520 dentes·
263 2484 335 2521 sibi
364 2484 650 2524 dormientibus
671 2489 821 2539 puellas
841 2518 852 2536 ,
899 2503 1000 2542 quae
1042 2500 1205 2531 ventum
1249 2496 1443 2547 agitarent
1483 2505 1523 2536 et

99 2547 252 2575 muscas
286 2538 516 2591 abigerent,
557 2541 664 2592 quod
692 2555 738 2580 ex
768 2543 958 2582 Alexiade
983 2559 1074 2611 pag.
1098 2547 1191 2598 254.
1213 2548 1256 2587 C.
1275 2558 1412 2603 patet:
1450 2548 1524 2602 τήν

98 2588 316 2653 παιδίσιξην
326 2591 580 2643 θεασάμενον
593 2607 668 2646 την
691 2593 761 2635 τὸν
777 2596 882 2648 α’έρα
898 2595 1261 2651 α’ναρριπίζουσαν
1289 2602 1361 2644 καί
1373 2603 1524 2659 πόρ’(ἷω

1406 2657 1416 2670 ,

101 2650 172 2679 ποι
189 2656 282 2690 τους
301 2643 499 2694 κώνωπας
520 2645 820 2702 ἅπωθουμένην
838 2651 914 2691 τοῦ
938 2654 1020 2692 τῶν
1048 2655 1252 2704 βασιλέων
1274 2672 1450 2709 χρωτος.

182 2697 311 2739 <C.3.
332 2700 522 2756 [555‚8.]
554 2702 809 2758 μητατώριο.
869 2707 926 2747 Ita
968 2707 1095 2749 solent
1136 2713 1229 2751 novi
1264 2713 1408 2755 Graeci
1449 2730 1520 2769 pro
