1884 3132
275 137 382 209 542
563 160 636 204 10.
677 159 783 205 1Ac.
825 164 1019 205 msssxn
1058 163 1432 209 COMMENTARH

272 259 459 303 vocabuli
486 263 642 313 casula,
692 264 997 318 frequentissimi
1039 267 1080 305 in
1108 265 1221 306 libris
1255 268 1408 307 Latinis
1446 267 1568 308 medii
1593 271 1705 321 aevi,

268 318 380 358 >unde
408 318 459 357 ad
485 333 558 357 nos
586 333 744 373 quoque
773 322 882 359 venit
900 328 939 360 et
970 321 1011 359 in
1038 325 1136 360 voce
1163 321 1318 375 plebeia
1349 324 1554 376 Caseelgen
1580 324 1711 366 adhuc

271 381 462 427 superest.
491 374 633 427 Neque
661 376 801 414 Graeci
839 389 883 414 ea
913 375 1220 427 abstinuerunt3
1255 375 1574 426 ἑπικούτζουλον
1600 380 1731 419 indi-·

272 429 364 468 dem
393 436 463 469 est.
498 429 551 468 V.
582 431 650 469 Du
687 430 819 485 Cange
864 431 906 470 h.
943 445 984 471 v.
1041 433 1114 472 Est
1149 434 1272 486 igitur
1307 432 1504 472 Arabicae
1531 435 1708 488 originis,

271 486 390 552 ‘5205
425 503 483 535 est
513 503 636 548 tegere
657 526 669 548 ‚
701 499 853 552 operire
868 526 879 544 ,
916 487 1036 557 )l..w·5
1080 497 1301 553 operculum
1316 528 1328 550 ‚
1370 496 1512 551 σκέπη.
1579 499 1711 540 Venio

271 565 380 590 nunc
413 551 464 590 ad
488 550 670 603 χιτῶνας
699 549 910 604 σχιστούς.
970 553 1023 591 Ηί
1070 555 1270 592 contrario
1298 552 1427 607 palliis
1453 553 1573 594 modo
1597 562 1713 596 erant

272 606 364 649 fissi.
393 607 497 645 Nam
525 614 570 646 ut
598 605 810 660 palliorum
838 607 974 647 fissura
1002 607 1054 646 ab
1075 611 1156 647 imo
1183 623 1341 648 sursum
1368 609 1627 660 ascendebat,
1655 611 1712 651 sic

273 661 537 701 descendebat
556 662 763 702 chitonum
780 664 947 702 scissura
976 677 999 701 a
1028 677 1182 703 summo
1221 662 1325 703 collo
1353 664 1539 703 deorsum
1571 678 1712 706 versus

271 724 408 770 pectus
449 725 488 756 ct
534 716 705 757 lumbos.
775 718 837 757 Ut
864 717 1076 771 palliorum
1102 719 1268 758 scissura
1296 719 1347 758 ad
1374 718 1479 758 latus
1507 727 1713 760 externum

272 787 437 811 crurum
468 773 733 826 procedebat5
764 774 819 813 sic
848 774 1060 813 chitonum·
1081 773 1316 813 decurrebat
1343 788 1461 827 super
1487 782 1646 828 pectore
1673 782 1713 815 et

274 828 410 867 dorso.
470 828 531 867 Ut
565 827 684 881 pallia
729 829 926 882 quaedam
957 826 1180 879 δι’σχιστα,
1220 828 1282 868 bis
1329 829 1416 868 fissa
1434 859 1444 878 ‚
1494 829 1712 882 quadrata,

271 881 605 938 quadrangularia
634 892 758 933 erant,
790 885 856 937 (ea
883 885 988 923 enim
1015 886 1149 923 omnia
1186 883 1291 923 idem
1314 883 1485 938 valent‚)
1516 885 1713 938 quaedam

273 954 369 979 vero
397 936 675 993 τετράσχιστα
723 946 762 978 et
798 938 1094 992 octangularia:
1161 939 1216 977 sic
1257 939 1376 978 etiam
1404 946 1516 978 erant
1544 939 1709 993 quidam

273 994 451 1034 chitones
489 991 692 1046 δι’σχιστοι
743 1000 782 1033 et
824 992 1182 1048 quadi-angulares,
1224 992 1290 1032 alii
1335 991 1625 1047 τετράσχιστοι
1671 1002 1712 1035 et

274 1049 566 1104 oetangularcs.
623 1049 847 1102 Utriusque
887 1051 1039 1103 generis
1082 1050 1226 1102 figuras
1255 1049 1550 1102 perfrequentes
1577 1049 1714 1089 videre

275 1114 334 1146 est
362 1107 403 1144 in
432 1103 865 1158 MenologioBasiliano
883 1135 894 1153 ‚
926 1103 1030 1143 illius
1058 1104 1222 1157 quidem
1247 1103 1277 1143 l.
1307 1118 1342 1143 c.
1375 1104 1426 1142 T.
1455 1104 1490 1142 1.
1517 1119 1558 1157 p.
1594 1105 1708 1156 113„

275 1162 344 1200 ubi
372 1168 452 1199 tres
480 1162 780 1212 conspiciuntur
808 1167 1002 1214 martyres
1023 1189 1032 1207 ‚
1063 1173 1234 1213 quorum
1273 1159 1544 1212 unusquisque
1571 1158 1632 1198 bis
1646 1159 1712 1199 fis-

274 1230 319 1255 so
347 1215 506 1254 chitone
532 1215 694 1254 indutus
723 1222 810 1267 est3
839 1213 957 1253 huius
983 1221 1116 1253 autem
1144 1213 1175 1253 l.
1196 1229 1232 1253 c.
1249 1214 1297 1254 T.
1318 1215 1351 1253 Ι.
1377 1228 1420 1267 p.
1445 1213 1534 1265 134.
1565 1221 1605 1252 et
1626 1228 1713 1268 172.

275 1271 423 1310 Confer
467 1269 539 1308 has
577 1271 765 1324 imagines
802 1285 892 1308 cum
933 1269 1021 1308 loco
1058 1268 1234 1308 Pollucis
1275 1269 1370 1308 Vll.
1414 1282 1538 1322 segm.
1566 1267 1659 1320 54:
1690 1263 1713 1307 ὅ

276 1321 446 1378 σχιστὸς
470 1321 603 1375 χιτών
631 1321 780 1379 περόνῃ
809 1320 913 1363 κατὰ
936 1320 1035 1371 τούς
1050 1317 1190 1373 ὤμους
1218 1322 1386 1376 διῆρτο,
1416 1330 1456 1362 et
1467 1321 1594 1372 facile,
1615 1323 1714 1378 quid

277 1388 416 1421 auctor
445 1379 513 1418 ille
540 1380 614 1418 sibi
642 1380 753 1430 velit⁷
783 1379 990 1433 intelliges.
1051 1379 1154 1418 Hinc
1173 1381 1291 1418 etiam
1320 1380 1462 1432 exponi
1488 1380 1634 1432 poterit
1653 1393 1716 1418 veo

277 1444 390 1476 xatus
418 1435 672 1489 Theophanis
700 1434 810 1474 locus
822 1450 863 1487 p.
888 1449 980 1488 207.
1003 1434 1055 1472 A.
1078 1434 1138 1482 6.,
1170 1430 1273 1473 κατὰ
1311 1433 1383 1485 τῆς
1409 1429 1586 1486 γαστρὸς
1612 1429 1717 1486 ἐφό-

279 1505 345 1545 ρει
373 1491 435 1541 (de
464 1504 555 1544 rege
573 1490 756 1529 Arabum
784 1490 938 1530 Aretha
958 1489 1148 1543 loquitur)
1177 1484 1329 1540 σχιστὰ
1360 1487 1431 1527 διὰ
1447 1486 1714 1541 μαργαριτῶν

279 1544 431 1596 τιμίων
452 1575 464 1596 ‚
491 1546 648 1598 gerebat
674 1548 715 1584 in
740 1555 872 1584 ventre
900 1546 1016 1584 scissa
1054 1560 1139 1583 cum
1175 1544 1397 1596 margaritis
1426 1544 1563 1596 magni
1575 1544 1710 1597 pretii.

281 1601 545 1655 Chlamydem
584 1601 734 1640 dixerat
772 1608 887 1640 antea
925 1615 1056 1654 regem
1083 1614 1166 1639 non
1208 1598 1419 1653 habuisse,
1461 1594 1618 1649 γυμνὸς
1646 1591 1714 1649 ἧν.

280 1656 337 1696 At
362 1664 499 1696 ventre
515 1685 526 1706 ‚
557 1656 597 1694 id
625 1665 682 1696 est
708 1657 869 1696 thorace
884 1686 895 1707 ,
925 1655 1086 1710 gerebat
1114 1655 1315 1695 chironem
1341 1655 1502 1692 scissum
1517 1681 1529 1702 ‚
1558 1666 1717 1705 marga-

281 1713 368 1751 ritis
398 1726 486 1750 oras
518 1712 745 1751 fissurarum
768 1711 1094 1765 praetexentibus.
1153 1709 1294 1749 Talem
1321 1710 1499 1747 tunicam
1527 1705 1719 1746 intellexit

281 1781 441 1822 quoque
469 1768 625 1807 Nicetas
653 1768 866 1807 Choniates
896 1767 1114 1806 Andronic.
1148 1766 1201 1805 ΙΙ.
1238 1763 1280 1804 6.
1303 1778 1345 1817 p.
1373 1762 1475 1826 ¹75:⁷
1502 1761 1574 1827 ubi
1602 1775 1717 1800 man-

282 1824 396 1876 cipiis
423 1830 463 1862 et
489 1821 560 1862 vili
589 1821 696 1876 plebi
735 1822 876 1862 tribuit
931 1818 1169 1873 οἶμπεχόνην
1215 1818 1275 1865 εἰς
1309 1821 1480 1869 γλουτον
1507 1829 1716 1870 αμφισχι-

283 1877 337 1930 ὃῆ
366 1878 699 1930 καταβαίνουσαν
713 1908 726 1930 ,
754 1887 913 1926 vestem,
933 1891 1031 1932 quae
1055 1877 1210 1929 gemina
1232 1875 1415 1912 instructa
1430 1872 1576 1927 fissura
1590 1901 1602 1919 ‚
1627 1879 1717 1910 ante

282 1942 322 1972 et
347 1942 450 1972 retro
470 1963 481 1985 7
512 1948 627 1987 usque
647 1933 704 1972 ad
731 1943 838 1972 nates
871 1933 1081 1987 pertingit,
1118 1928 1295 1983 (qualem
1322 1928 1403 1966 sere
1428 1934 1608 1967 veterum
1628 1923 1718 1965 Bel-

284 2002 424 2042 garum
452 1989 507 2027 ait
534 1989 651 2027 fuisse
677 1988 822 2028 Strabo
852 1989 927 2027 IV.
952 2002 994 2040 p.
1018 1987 1127 2026 500.:
1158 1982 1447 2037 σαγηφοροῦσι
1475 1981 1520 2022 δὲ
1551 1979 1624 2020 καὶ
1647 1992 1717 2019 κο-

284 2043 542 2097 μοτροφοῦσι
587 2041 660 2082 καί
696 2041 910 2095 ἅναξυρῖσι
939 2041 1124 2094 χρῶνται
1159 2037 1503 2092 περιτεταμέναις,
1535 2035 1613 2090 [ad
1641 2035 1718 2098 ,1ὲῖ

285 2112 398 2137 mora
430 2107 535 2137 arcte
567 2096 898 2151 adhaerentibus]
930 2095 1024 2135 α’ντί
1065 2093 1111 2133 δὲ
1149 2089 1338 2145 χιτώνων
1377 2090 1534 2145 [quales
1575 2091 1718 2129 Graem

286 2153 475 2192 Straboni
504 2152 686 2207 aequales
716 2152 905 2207 gerebant
928 2153 969 2190 in
999 2156 1160 2203 pectore
1187 2148 1287 2187 etin
1315 2146 1433 2186 dorso
1460 2144 1605 2185 solidos
1631 2157 1718 2182 ma-

285 2209 464 2262 nicisque
491 2208 679 2262 desectos,
708 2214 851 2261 gerunt
879 2205 975 2245 alios
1001 2202 1217 2257 chitones,]
1242 2197 1516 2255 χειριδωτούς
1542 2198 1719 2258 maevi-1⁰¹⁶

285 2260 416 2316 μέχρι
456 2261 626 2302 αἰδοίων
663 2262 737 2302 καί
775 2262 959 2314 γλουτῶν
975 2265 1002 2311 ,)
1030 2266 1126 2307 aut,
1164 2260 1197 2297 si
1223 2258 1278 2296 sic
1308 2255 1422 2295 malis
1449 2255 1628 2314 Nicetam
1654 2263 1718 2312 m-

286 2319 517 2371 terpretmi,
547 2327 688 2356 vestem
722 2318 885 2356 talarem
901 2346 918 2367 ,A
934 2317 1043 2354 'cuius
1067 2315 1222 2367 gemina
1242 2312 1391 2368 fissura
1418 2309 1588 2368 [postica
1612 2301 1718 2366 ⁵⁰.¹¹¹‘

288 2373 370 2424 cet]
400 2385 442 2409 us
470 2387 516 2410 ue
542 2373 600 2412 ad
619 2382 725 2412 nates
755 2373 968 2426 pertingit,
1007 2372 1161 2411 antica,
1191 2374 1237 2403 ut
1264 2376 1334 2415 par
1362 2368 1445 2408 est,
1476 2359 1527 2398 ad
1555 2371 1719 2411 inguina

289 2425 431 2464 descen
461 2433 566 2463 ente.
622 2421 911 2474 Ἐπιλωρικιάς
937 2423 1111 2474 appellat
1126 2418 1198 2457 has
1227 2424 1353 2456 vestes
1379 2416 1539 2454 Tzetzes
1565 2413 1616 2451 ad
1638 2412 1720 2450 He-

289 2480 391 2518 siodi
429 2493 574 2532 opera:
613 2474 746 2529 χιτών
781 2473 853 2516 καὶ
891 2476 1050 2529 φᾶρος,
1096 2474 1177 2522 ait,
1216 2470 1308 2511 ἐστί
1341 2469 1386 2509 ’τό
1433 2465 1720 2517 ὃιεσχισμένον

291 2530 460 2581 ἱμάτιον
481 2564 490 2581 ‚
523 2529 547 2570 ὃ
574 2532 780 2582 καλοῦμεν
811 2529 1091 2583 ἐπιλωρίκιον,
1128 2526 1336 2581 diploides.
1373 2523 1611 2583 Anonymus
1639 2519 1722 2559 Pa-

291 2586 446 2625 duanus
476 2587 581 2640 apud
618 2588 767 2625 Murat.
793 2586 845 2624 T.
892 2586 948 2623 II.
979 2585 1078 2623 Ant.
1113 2581 1205 2620 Ital.
1249 2595 1289 2632 p.
1311 2577 1430 2618 διδ-τ
1476 2575 1662 2638 ιιξίεναῖαε
1693 2589 1722 2613 α

293 2641 475 2680 lateribus
517 2642 644 2681 scindi
662 2641 895 2693 faciebant,
934 2648 970 2678 et
1007 2637 1202 2692 diploides
1231 2629 1303 2687 [τοὶ
1334 2631 1593 2691 ἐπιθωραιξια
1612 2658 1624 2680 ,
1654 2643 1723 2692 pe-

295 2694 457 2734 ctoralia
473 2695 508 2748 ‚]
537 2710 590 2734 ex
630 2697 817 2734 anteriori
859 2702 975 2748 parte
987 2708 1002 2741 ,·
1030 2693 1177 2731 tunicas
1204 2690 1320 2727 eciam
1367 2699 1393 2723 a
1427 2684 1721 2746 laterzbuspcts-

296 2763 357 2787 sas
396 2758 432 2788 et
463 2763 489 2787 a
521 2759 635 2801 parce
697 2750 898 2789 anteriori.
969 2745 1117 2798 Quaeri
1157 2746 1235 2783 iam
1272 2746 1400 2794 posset
1413 2767 1426 2792 ,
1458 2737 1724 2778 habuermtne
