1832 3126
833 39 868 80 ο

300 129 405 187 128
604 147 678 188 ιο.
720 145 825 189 1Ac.
865 148 1063 189 REISKH
1099 147 1479 192 COMMENTARH

354 248 475 291 15.A.
498 262 537 303 7.
561 246 654 301 [²4³
676 246 739 302 5.]
769 247 853 286 τῶν
882 247 943 288 δὲ.
999 249 1058 287 Μ.
1086 248 1171 288 τῶν
1195 262 1255 288 τε.

402 305 455 343 A.
477 303 519 342 8.
545 302 638 357 [24,
657 303 719 356 6.]
746 299 847 349 τούς
876 300 1039 343 ὸώδεκα
1063 302 1423 358 χρυσοῦφάντυυς
1447 304 1624 361 λώρους.
1678 306 1740 348 Ut

287 362 334 402 {in
360 359 460 399 festo
490 359 698 397 Paschatis
725 358 938 398 duodecim
966 360 1124 412 patricii
1147 359 1256 399 loros
1281 361 1515 414 gestabant,
1555 363 1607 402 ad
1635 363 1738 402 refe-

286 415 457 456 rendam
486 415 700 467 imaginem
725 414 938 453 duodecim
969 415 1259 468 diseipulorum
1287 416 1464 466 Christi,
1507 420 1622 458 cuius
1648 433 1740 472 per-

288 485 429 510 sonam
467 469 691 523 Imperator
720 470 964 521 sustinebat,
1009 471 1350 524 quemadmodum
1381 487 1403 512 e
1434 473 1567 513 Nostri
1596 475 1646 513 L.
1680 474 1738 513 11.

106 524 380 580 Ed.L.4¹cap.
405 527 477 575 4ο.
515 533 694 565 constat:
736 526 793 564 ita
818 539 864 564 ex
893 525 970 566 hoe
1005 525 1094 565 loco
1122 527 1339 578 discimus,
1384 527 1486 568 festo
1512 530 1738 569 Nativitatis

291 582 444 620 Christi
478 583 521 620 in
554 580 645 619 aula
677 581 898 634 Byzantina
937 581 1159 620 exhibitum
1196 583 1316 622 fuisse
1346 582 1518 624 eundem
1549 586 1736 624 mimum.

290 637 468 676 Multum
493 635 695 690 thymelae
721 636 942 675 admixtum
967 645 1052 676 erat
1080 645 1177 676 tune
1198 641 1389 692 temporis
1417 640 1545 679 cultui
1571 639 1736 689 divino,

290 700 330 732 et
355 693 544 733 videntur
571 692 646 745 ipsi
669 691 729 730 illi
758 692 1009 742 sacerdotes,
1046 694 1115 746 qui
1139 693 1260 732 hodie
1292 693 1530 748 thymelicos
1557 709 1740 735 commu-

289 749 411 787 nione
445 748 767 787 Christianorum
788 749 903 787 vivos
925 755 1187 801 mortuosque
1214 757 1376 799 arcent,
1407 765 1454 789 eo
1481 758 1663 805 tempore
1693 752 1738 790 in

290 804 386 857 ipsis
415 804 546 858 adytis
568 817 662 842 suae
687 803 891 856 religionis
919 803 1102 842 dramata
1132 805 1282 857 egisse,
1311 818 1487 858 quorum
1516 821 1590 846 nos
1619 806 1742 846 hodie

288 860 428 913 pudet.
487 859 765 912 Recogitemus
794 858 916 897 modo
953 858 1098 897 festum
1122 859 1339 899 stultorum
1355 889 1368 910 ‚
1408 861 1556 901 festum
1588 861 1742 914 palma-

291 930 408 965 rum,
448 914 595 954 festum
626 916 833 954 asinorum
851 944 862 962 ‚
903 914 954 953 de
978 914 1125 968 quibus
1157 916 1226 954 Du
1248 915 1383 970 Gange
1409 916 1543 956 Gloss.
1572 917 1664 957 Lat.
1694 931 1737 958 v.

291 971 465 1011 Festum.

403 1026 459 1066 A.
483 1041 577 1082 pen.
599 1024 691 1081 [alb
716 1024 803 1080 ῐι.]
854 1026 914 1081 τῷ
959 1021 1152 1077 στόματι,
1229 1026 1451 1067 Rarissime
1491 1026 1593 1067 alias
1645 1041 1744 1068 con·-

270 1095 448 1126 ⁴cessum
467 1112 479 1134 ‚
529 1090 577 1121 ut
613 1096 799 1136 proceres
839 1082 1103 1136 Imperatoris
1139 1081 1292 1123 labium
1338 1081 1639 1133 oscularentur,
1686 1083 1742 1123 ob

292 1140 599 1177 sanctimoniam
626 1138 714 1176 festi
732 1166 744 1187 ‚
790 1137 843 1176 ob
879 1153 1003 1191 quam
1030 1139 1254 1191 Imperator
1279 1152 1365 1178 sese
1393 1137 1658 1187 humiliabat,
1702 1146 1744 1178 et

291 1207 478 1247 proceres
505 1208 599 1233 suos
633 1193 708 1232 sibi
735 1194 934 1246 aequabat
965 1201 1004 1233 et
1030 1207 1105 1247 pro
1132 1194 1322 1234 fratribus
1350 1195 1616 1248 agnoscebat,
1647 1208 1746 1234 con—

292 1249 526 1288 cedebatur.
583 1250 750 1288 Veteres
788 1249 952 1302 quidem
1004 1250 1269 1303 Imperatores
1311 1250 1484 1290 Romani
1535 1249 1743 1301 solebant,

292 1307 479 1358 quamvis
516 1319 600 1344 non
640 1318 802 1355 omnes,
856 1312 1039 1343 senatum
1055 1334 1067 1355 ‚
1115 1312 1155 1344 et
1190 1312 1283 1344 ante
1321 1319 1460 1345 omnes
1498 1305 1745 1360 praefectum

292 1362 496 1414 praetorio
521 1359 692 1400 osculari
710 1390 720 1408 ‚
750 1367 798 1398 ut
819 1374 841 1399 e
866 1360 1011 1414 Seript.
1039 1361 1145 1400 Hist.
1175 1360 1284 1414 Aug.
1318 1361 1370 1399 T.
1399 1361 1434 1399 I.
1470 1375 1513 1415 p.
1539 1375 1635 1416 297.
1654 1375 1745 1401 con-

293 1423 388 1455 stat.
445 1416 696 1455 Procedente
731 1423 867 1454 autem
903 1423 1086 1470 tempore
1120 1430 1203 1455 non
1230 1415 1397 1466 licebat,
1446 1417 1523 1456 nisi
1549 1417 1601 1456 ad
1635 1430 1748 1456 sum-—

293 1485 407 1510 mum
438 1472 618 1511 dextram
642 1471 864 1510 mamillam
899 1472 1072 1511 osculari
1089 1500 1101 1522 ,
1131 1479 1201 1511 aut
1236 1485 1379 1525 genam
1397 1500 1409 1522 ‚
1437 1473 1471 1510 si
1498 1473 1591 1526 quis
1620 1473 1748 1512 maxi-

294 1541 386 1566 mae
415 1527 620 1580 dignitatis
646 1533 762 1567 esset.
821 1527 1059 1568 Patriarcha
1088 1535 1224 1566 tamen
1255 1534 1295 1566 et
1323 1528 1549 1580 Imperator
1578 1526 1655 1567 sibi
1684 1529 1749 1567 in·-

294 1584 427 1622 vicem
457 1582 574 1622 labiis
602 1581 739 1622 oscula
765 1581 969 1636 figebant,
1007 1583 1118 1637 quod
1148 1583 1215 1622 hic
1244 1582 1360 1622 illum
1387 1597 1463 1636 pro
1485 1590 1600 1637 patre
1625 1584 1747 1638 spiri-

292 1637 392 1677 tuali
410 1669 422 1689 ‚
465 1646 504 1678 et
536 1638 604 1677 ille
639 1638 749 1677 hunc
780 1653 855 1692 pro
891 1639 974 1678 filio
1003 1646 1251 1693 agnosceret.
1313 1638 1415 1678 Tale
1453 1637 1638 1679 osculum
1686 1639 1750 1678 la-

293 1694 446 1733 bratum
485 1694 777 1748 appellabatur.
818 1694 982 1734 Glossae
1008 1709 1018 1734 :
1051 1696 1285 1745 Labratum,
1319 1693 1485 1747 φίλημα
1515 1690 1750 1745 βασιλικὸν,

294 1746 552 1789 ἅσπαστικὸν
594 1746 817 1801 βασιλέως.
872 1750 1091 1790 Salmasius
1126 1758 1262 1790 tamen
1293 1749 1346 1788 ad
1375 1749 1463 1788 Scr.
1509 1749 1564 1788 H.
1605 1747 1660 1788 A.
1693 1749 1748 1788 T.

294 1804 348 1843 ΙΙ.
378 1820 420 1858 p.
443 1804 540 1845 686.
579 1805 696 1844 aliter
728 1807 905 1859 exponit.
962 1806 1060 1845 Vid.
1095 1805 1255 1845 Selden.
1286 1805 1371 1844 Tit.
1398 1805 1508 1844 Hon.
1541 1805 1576 1843 1.
1604 1818 1650 1858 p.
1679 1802 1749 1844 53.

294 1874 384 1914 sqq.
405 1891 416 1908 ‚
452 1860 523 1900 ubi
552 1860 688 1900 multis
712 1861 762 1900 de
785 1861 922 1900 osculo
945 1861 1260 1914 Imperatoribus
1289 1860 1384 1899 dato
1409 1866 1450 1899 et
1479 1859 1531 1898 ab
1559 1860 1657 1913 ipsis
1682 1872 1752 1899 ac-

295 1923 412 1970 cepto
437 1917 534 1970 agit.
591 1915 719 1971 *[Les
747 1918 869 1956 Pairs
898 1918 1044 1957 baisent
1069 1918 1106 1955 le
1136 1931 1225 1968 roy.
1265 1915 1479 1954 Ceremon.
1502 1910 1553 1954 de
1573 1916 1746 1955 France.

296 1971 350 2010 T.
382 1973 417 2010 Ι.
445 1986 487 2024 p.
515 1969 634 2026 28.]*
692 1972 842 2026 Nempe
874 1987 1012 2012 recens
1035 1979 1286 2011 coronatum.
1346 1970 1556 2010 Arnoldus
1589 1970 1750 2010 Lubec-

296 2028 424 2066 censis
453 2028 504 2066 ΙΙ.
541 2026 602 2066 15.
625 2043 636 2066 :
666 2027 744 2067 Est
775 2028 970 2083 quaedam
993 2028 1228 2067 detestabilis
1250 2027 1483 2066 consuetudo
1506 2027 1593 2079 regi
1621 2025 1751 2066 Grae·-

296 2096 430 2121 corum
444 2112 456 2132 ,
483 2091 526 2122 ut
554 2083 726 2122 osculum
751 2085 994 2123 salutationis
1023 2084 1128 2122 nulli
1153 2082 1316 2136 (flerat,
1358 2082 1430 2121 sed
1457 2083 1672 2138 quicunque
1674 2082 1750 2134 sa-

296 2139 395 2176 ciem
433 2139 514 2177 eius
560 2138 696 2177 videre
734 2148 926 2188 meretur,
980 2139 1207 2178 incurvatus
1247 2152 1375 2192 genua
1416 2139 1498 2177 eius
1540 2137 1749 2177 osculatur.

301 2193 423 2247 Quod
452 2193 655 2233 Conradus
684 2209 760 2232 rex
788 2194 836 2233 ob
866 2196 1051 2233 honorem
1088 2195 1248 2249 imperii
1279 2195 1438 2233 omnino
1471 2192 1750 2232 detestabatur.

298 2248 362 2287 De
392 2250 514 2288 variis
554 2250 842 2303 Imperatorem
876 2250 1082 2289 osculandi
1121 2249 1252 2289 modis
1281 2249 1343 2303 egi
1373 2263 1535 2304 quoque
1570 2247 1623 2287 ad
1655 2261 1750 2302 pag.

300 2316 324 2342 2
356 2318 397 2344 o.
426 2305 480 2343 D.
505 2303 544 2343 5.
1456 2335 1459 2338 Δ

328 2303 354 2355 4
412 2359 459 2398 Β.
484 2374 526 2414 9.
546 2358 637 2413 [⁰24⁷
666 2359 751 2414 18.]
778 2358 1084 2412 χρυσοτὰβλων
1113 2358 1339 2412 χλανίδων.
1395 2359 1458 2398 De
1482 2358 1641 2409 tamis,
1681 2370 1753 2396 seu

299 2421 504 2466 praetexta
532 2416 593 2468 egi
613 2415 664 2453 ad
696 2431 737 2468 p.
759 2415 853 2455 255.
887 2416 934 2455 B.
959 2431 1000 2470 9.
1061 2415 1275 2455 Chlanidcs
1303 2417 1435 2455 aureis
1464 2412 1614 2453 tabulis
1637 2426 1754 2466 prae-

300 2475 430 2507 textae
455 2470 522 2508 hic
546 2470 749 2510 dicuntur.
787 2471 919 2510 Erant
939 2472 1047 2510 enim
1065 2470 1192 2522 aliae,
1222 2486 1326 2525 quae
1343 2483 1594 2525 purpureas,
1626 2467 1754 2518 aliae,

298 2538 406 2577 quae
433 2526 707 2614 segmentinaZ
726 2526 922 2566 haberent
945 2525 1128 2576 tabulas,
1160 2541 1229 2566 seu
1257 2533 1494 2581 praetextas.
1554 2525 1603 2563 In
1633 2537 1755 2563 mem·

301 2624 441 2664 branis
471 2634 530 2665 est
556 2628 699 2677 χλανι.
755 2629 894 2681 Quum
920 2629 1043 2682 igitur
1068 2636 1255 2668 accentus
1283 2643 1403 2683 super
1429 2641 1446 2666 ι
1473 2626 1576 2666 desit
1594 2656 1606 2678 ,
1635 2625 1678 2665 id
1694 2638 1755 2664 ar-

302 2688 495 2776 gumento
541 2682 642 2720 mihi
675 2691 733 2723 est
749 2715 760 2732 ,
803 2681 1033 2736 χλανιδίων
1078 2684 1293 2738 legendum
1334 2698 1432 2724 esse.
1493 2683 1542 2720 In
1573 2681 1755 2722 lectioni-

333 2750 380 2775 us
405 2736 539 2778 dubiis
570 2740 697 2777 nostri
725 2739 873 2780 codicis
905 2740 1058 2794 respexi
1089 2746 1245 2793 semper
1275 2740 1327 2779 ad
1356 2745 1569 2779 accentum
1582 2744 1602 2792 ,’
1642 2737 1756 2778 cuius
