1884 3132
308 123 416 180 588
615 141 686 182 10.
728 141 831 183 1Αο.
871 143 1066 183 nmsxn
1107 141 1510 184 COMMENTARH'

302 243 363 284 πίε
390 246 494 296 cycli
503 260 518 294 ,·
562 260 703 285 verum
729 246 943 286 dictionem
965 261 1109 287 corona
1135 246 1240 293 cycli
1265 248 1346 286 iam
1372 254 1553 301 tempore
1581 248 1737 288 Pollio-

303 303 364 339 nis
406 301 524 339 fuisse
552 302 737 340 usitatam
780 302 938 341 difficile
965 303 1137 355 probatu
1166 309 1281 341 esset.
1339 303 1497 341 Interea
1518 317 1611 353 ¹non
1637 304 1741 343 diffi-

304 364 409 406 teor,
441 355 602 395 difficile
630 372 792 410 quoqne
820 365 1014 410 conceptu
1039 372 1146 404 esse,
1177 359 1246 409 qui
1282 359 1405 411 possit
1442 357 1569 397 hostis
1612 359 1741 398 victus

303 412 446 449 victori
486 426 672 450 coronam
717 414 881 451 civicam
925 414 1035 451 dare.
1091 414 1285 461 Quamvis
1329 414 1436 451 enim
1479 412 1604 452 hostis
1642 416 1754 454 civis'

303 474 426 516 esset,
462 481 542 520 quo
587 475 744 506 servato
771 470 899 506 victor
938 482 1125 507 coronam
1155 468 1323 506 civicam
1353 467 1610 519 merebatur,
1639 476 1742 508 atta—

303 536 396 560 men
436 521 607 575 populus
651 523 855 561 Romanus
892 524 1062 562 debebat
1100 524 1265 562 civicam
1293 523 1418 573 dare,
1460 537 1543 562 non
1587 530 1743 576 poterat

302 578 448 618 victus.
506 578 730 631 Expediant
757 578 865 617 hunc
894 579 1045 617 nodum
1075 578 1284 616 doctiores.

413 633 468 672 A.
511 647 573 671 12.
599 633 728 687 [501‚
767 632 841 686 16]
872 629 1034 684 ἔλαβον.
1095 634 1294 671 Convenit
1335 647 1428 672 cum
1454 633 1531 671 hoc
1558 630 1741 684 exemplo

305 686 407 727 illud
436 687 635 727 Antonini
663 689 725 727 Pii
754 689 860 742 apud
889 690 1086 742 Spartian.
1115 690 1166 727 T.
1189 689 1220 726 l.
1251 688 1335 729 Ser.
1366 689 1418 732 H,
1441 688 1492 726 A.
1526 701 1567 740 p.
1609 687 1703 727 256.
1725 701 1738 726 :

304 758 443 782 aarum
470 746 716 783 coronarium
731 774 741 794 ,
769 744 876 799 quod
905 746 1126 799 adoptionis
1176 758 1268 782 suae
1305 758 1422 782 causa
1458 744 1629 781 oblatam
1646 743 1749 793 sue-

305 808 391 848 rac,
433 799 585 837 Italicis
628 807 746 838 totam
761 830 770 846 ‚
815 800 982 838 mediam
1014 799 1324 854 provincialibus
1341 829 1350 846 ‚
1401 798 1590 836 reddidit.
1650 797 1746 836 Vid.

304 867 424 906 supra
452 868 493 908 p.
512 853 606 893 286.
627 855 674 893 C.
699 855 739 894 3.
769 854 897 908 [Olim
927 870 1012 892 mos
1042 861 1126 893 erat
1146 854 1251 892 dona
1280 853 1342 892 vel
1372 855 1492 892 etiam
1520 853 1673 891 tributa
1700 853 1742 891 in

306 909 462 948 coronis
490 912 621 948 aureis
651 909 858 948 offerendi.
917 910 1057 962 Neque
1089 909 1400 948 contemnendae
1428 915 1542 947 erant
1570 921 1743 946 coronae

306 964 418 1004 tales.
471 965 691 1017 Procop1us
721 965 879 1006 Gothic.
899 965 930 1002 Ι.
950 980 991 1017 p.
1015 979 1102 1017 ¹72·
1126 972 1260 1014 antcp.
1284 963 1344 1002 ed.
1371 963 1543 1002 Hoesch.
1576 969 1731 1012 narrat,

305 1019 473 1058 Petrum
501 1020 736 1072 Magistrum
768 1023 822 1058 ita
852 1022 1049 1073 pepigisse
1079 1034 1171 1058 cum
1199 1019 1434 1067 Theodato,
1466 1032 1559 1071 rege
1589 1016 1745 1055 Gotho-

305 1089 397 1112 rum
436 1075 477 1113 in
515 1074 654 1125 Italia,
699 1082 744 1113 ut
784 1075 848 1114 hic
893 1075 1105 1128 sponderet
1134 1081 1290 1127 praeter
1318 1072 1495 1112 Siciliam
1523 1073 1747 1111 Iustiniano

306 1129 519 1182 quotannis
548 1144 589 1169 se
615 1132 829 1169 missurum
858 1143 1048 1169 coronam
1078 1144 1240 1168 auream
1269 1127 1468 1167 valentem
1498 1128 1589 1166 500.
1623 1126 1744 1166 libras

306 1186 410 1224 aui-i.
463 1185 541 1224 Sed
567 1200 617 1224 an
647 1186 908 1239 Imperatores
953 1186 1093 1224 Graeci
1122 1185 1282 1238 regibus
1311 1185 1456 1222 exteris
1484 1196 1645 1236 quoque
1675 1195 1745 1220 co-

305 1254 445 1291 ronas,
475 1248 515 1279 et
539 1241 699 1294 quidem
733 1255 813 1279 non
846 1235 1106 1294 στεφάνους,
1136 1240 1204 1279 sed
1231 1246 1465 1288 stemmata,
1503 1238 1636 1291 qualia
1668 1237 1744 1289 ipsi

306 1295 519 1349 gerebant,
551 1294 610 1342 εἰς
639 1294 880 1348 φιλοτιμίας
898 1293 1086 1334 ἐπίδοσιν
1104 1295 1338 1334 donabant?
1366 1293 1608 1332 Asseverant
1628 1292 1743 1330 Hun-

307 1352 422 1404 gari,
453 1353 521 1405 qui
550 1351 662 1404 regni
691 1352 753 1390 sui
792 1364 981 1389 coronam
1013 1364 1054 1389 se
1083 1352 1195 1389 aiunt
1220 1364 1244 1388 a
1272 1349 1433 1388 CPtano
1459 1348 1635 1401 quodam
1665 1347 1745 1385 Im-

308 1414 492 1459 peratore
522 1407 563 1444 in
595 1407 818 1459 praemium
846 1407 1022 1459 praestiti
1051 1405 1169 1444 officii
1198 1406 1424 1458 accepisse3
1472 1403 1553 1442 vid.
1583 1400 1748 1441 Gabriel

309 1462 360 1500 de
389 1463 503 1500 quta
534 1461 715 1509 Hornad,
742 1462 860 1500 lnitia
889 1461 1128 1500 christianae
1156 1460 1357 1514 religionis
1401 1461 1504 1498 inter
1533 1458 1748 1511 Hungaros

310 1516 448 1557 eccles.
478 1517 621 1556 orient.
653 1524 816 1556 asserta.
869 1516 945 1556 Ex·
972 1514 1176 1568 Addend]

417 1572 464 1611 B.
491 1587 530 1627 7.
556 1572 670 1626 [502,
693 1571 754 1626 2.]
785 1570 1017 1623 κατέβησαν
1045 1572 1127 1610 τῶν
1157 1569 1307 1610 ἵππων.
1365 1569 1532 1607 Veteres
1566 1566 1744 1620 Impera-

307 1635 414 1666 tores
452 1628 622 1666 Romani
668 1627 890 1666 reverentia
922 1627 1042 1665 Urbis
1069 1628 1220 1665 Romae
1250 1632 1342 1663 ante
1381 1625 1466 1662 eius
1510 1629 1645 1675 portas
1672 1621 1743 1660 de-

309 1683 567 1722 scendebant.
628 1683 860 1736 Xiphilinus
889 1682 939 1720 de
967 1682 1113 1720 Severo
1144 1697 1185 1735 p.
1212 1678 1325 1730 1242.
1346 1679 1463 1717 init.:
1501 1676 1560 1723 εἰς
1582 1670 1747 1728 Ῥώμην

308 1736 422 1792 ἐσῄει
447 1737 576 1789 μέχρι
603 1736 680 1786 μὲν
708 1738 792 1777 τῶν
820 1737 962 1776 πυλῶν
993 1735 1066 1776 ἐπί
1087 1750 1130 1775 τε
1158 1735 1233 1775 τοῦ
1262 1732 1389 1772 ἵππου
1421 1729 1496 1772 καί
1521 1730 1566 1770 ἐν
1595 1729 1747 1794 ε”σθῆτι

309 1789 457 1847 ἱππικῇ
500 1789 662 1843 ἐλθών,
707 1791 900 1833 ἐντεῦθεν
940 1792 986 1831 δὲ
1025 1786 1100 1843 τήν
1140 1805 1184 1830 τε
1214 1784 1423 1840 πολιτικὴν
1466 1784 1750 1836 ἄλλαξαμενος

309 1847 383 1887 καί
407 1847 603 1900 βαδίσας.

417 1904 465 1942 Β.
488 1917 547 1943 11.
567 1904 679 1958 [5o2,
703 1901 760 1956 5.]
792 1901 836 1941 ἐν
868 1892 918 1957 ᾦ.
974 1900 1061 1939 Non
1091 1901 1185 1939 satis
1212 1906 1395 1938 accurate
1422 1898 1567 1936 Latina
1586 1895 1651 1934 hic
1668 1892 1748 1933 loci

309 1960 352 1997 in
380 1960 452 1998 isto
477 1960 635 2013 templo.
690 1955 703 1969 ³
733 1973 754 1997 ν
796 1951 831 2013 ᾧ
870 1962 984 1995 notat
1011 1970 1085 2011 quo
1122 1964 1291 2009 tempore
1316 1963 1385 1993 aut
1414 1954 1498 1991 loco
1515 1983 1525 1998 ,
1555 1949 1712 2004 quando
1735 1978 1747 1997 ‚

309 2014 378 2053 ubi
409 2013 474 2053 vel
510 2015 589 2064 ihi,
629 2013 737 2069 quod
770 2013 864 2051 dum
884 2011 970 2066 fit,
1014 2010 1078 2049 vel
1106 2011 1177 2048 Ιιοε
1211 2010 1339 2048 modo.
1391 2005 1458 2047 Ἐν
1487 2000 1526 2062 ᾤ’
1553 2020 1600 2045 eo
1629 2018 1748 2044 sensu

311 2083 427 2122 saepe
464 2076 633 2122 usurpat
675 2067 964 2121 Thucydide5‚
1010 2074 1054 2104 ut
1100 2080 1139 2117 p.
1174 2064 1264 2104 118.
1295 2079 1363 2118 77.
1386 2093 1398 2112 ,
1426 2062 1498 2100 ubi
1528 2075 1609 2100 non
1639 2064 1759 2098 recte·

311 2125 530 2177 interpres3
560 2124 648 2170 vult
675 2124 781 2163 enim
820 2123 972 2161 dicere:
1014 2119 1175 2173 dg'fficile
1204 2129 1258 2158 esc
1291 2118 1451 2158 modum
1484 2118 1526 2156 in
1578 2113 1747 2154 dicendo

311 2189 438 2218 tenere
452 2180 509 2218 ibi
524 2210 536 2229 ,
559 2180 626 2218 uhi
656 2180 723 2218 vel
741 2178 994 2217 adumbratae
1014 2185 1161 2214 tantum
1187 2175 1317 2214 verbis
1342 2173 1504 2212 veritati
1515 2170 1629 2237 stifdffi
1651 2181 1745 2207 con-

312 2236 446 2273 ciliari
472 2248 588 2287 aegre
610 2244 759 2287 potest,
800 2229 984 2283 χαλεπὸν
1020 2228 1066 2269 τὸ
1093 2229 1272 2283 μετρίως
1312 2227 1440 2267 εἰπεῖν
1468 2225 1513 2266 ἐν
1541 2239 1573 2279 ῳ
1601 2222 1660 2277 (id
1688 2229 1748 2284 est

313 2288 524 2339 ἐνταῦθα,
554 2284 669 2336 ὅπου)
697 2285 819 2338 μόλις
846 2283 917 2326 καί
944 2285 968 2339 ἡ
1009 2282 1175 2338 δόκησις
1211 2284 1284 2336 τῆς
1323 2280 1522 2335 α’ληθειάς
1548 2278 1746 2330 βεβαιου-

313 2358 394 2385 ται.
448 2344 543 2385 Vid.
571 2344 738 2382 Aristid.
772 2343 874 2381 ¹111.
896 2355 935 2394 p.
965 2342 1054 2394 1¹4·
1076 2356 1114 2394 7.
1131 2371 1141 2387 ‚
1186 2341 1385 2392 Diogenes
1413 2338 1543 2375 Laert.
1573 2347 1614 2386 p.
1651 2330 1747 2394 597.

315 2400 348 2452 ᾗ.
379 2398 466 2450 104.
486 2414 547 2453 7.,
580 2400 661 2437 Dio
690 2399 846 2438 Cassius
874 2413 915 2450 p.
951 2396 1044 2451 287.
1083 2395 1152 2447 64.
1183 2402 1222 2433 et
1259 2394 1327 2433 alii
1354 2391 1480 2431 multi.
1536 2387 1607 2426 Est
1635 2400 1745 2448 enim

315 2454 548 2507 pervulgata
586 2455 721 2493 dictio.
783 2453 900 2492 Conf.
933 2453 1072 2506 Viger.
1102 2451 1152 2489 de
1189 2449 1397 2488 idiotismis
1426 2446 1472 2483 L.
1505 2443 1579 2482 Gr.
1609 2455 1747 2503 novis-

315 2511 436 2547 simae
464 2510 559 2548 edit.
590 2524 627 2562 p.
663 2508 755 2557 468,
812 2509 963 2547 Dicunt
990 2519 1150 2561 quoque
1173 2503 1216 2544 ἐν
1246 2498 1328 2550 οἷς,
1377 2501 1407 2540 δῖ
1437 2503 1646 2562 praecessit
1675 2502 1747 2559 auf

315 2566 492 2615 sequitur
534 2564 712 2617 pluralis.
768 2565 827 2602 Ita
863 2570 967 2602 certe
995 2564 1038 2603 έν
1064 2556 1124 2607 οἷς
1163 2574 1237 2613 pro
1282 2559 1348 2596 ubi
1375 2567 1498 2606 accipl
1526 2558 1653 2606 potest
1671 2581 1682 2602 ‚
1713 2565 1746 2590 st

315 2620 401 2670 quis
432 2619 552 2669 velit,
583 2634 625 2671 p.
644 2621 735 2658 520.
756 2620 802 2657 B.
825 2633 866 2671 9.

424 2673 477 2711 D.
498 2674 538 2711 6.
562 2674 673 2727 [502.
696 2673 790 2727 21]v
812 2667 1213 2723 βεστιομιλιαρήσια.
1267 2664 1363 2703 Vld·
1386 2676 1503 2724 §upra
1522 2661 1571 2724 qd
1589 2676 1630 2714 P·
1649 2660 1743 2713 267·

317 2725 388 2778 A.‚
421 2727 489 2765 ubi
518 2728 567 2765 de
598 2729 761 2767 vocibus
790 2728 840 2766 ad
868 2728 974 2766 hunc
1004 2724 1167 2763 modum
1196 2720 1422 2773 compositis
1453 2717 1503 2756 ab
1534 2722 1749 2769 interprete
