1884 3132
269 180 382 236 326
579 198 653 239 10.
695 197 801 241 1Ac.
840 200 1035 242 RmsKn
1072 199 1450 244 coMMmAnn

268 305 406 359 quinos
432 316 570 342 aureos
596 305 740 343 scenici
764 306 1009 360 acciperent,
1052 306 1110 344 ita
1149 314 1293 354 tamen,
1333 314 1377 345 ut
1409 305 1535 345 nullus
1581 307 1710 348 editor

264 360 396 397 decem
423 373 559 397 aurcos
584 360 852 411 egrederetur.-
886 360 1070 415 idemque
1099 368 1216 400 antea
1250 363 1332 400 iam
1357 360 1578 410 obtinebat,
1610 370 1658 401 ut
1683 375 1706 402 e

265 414 455 452 Suetonio
484 421 662 462 constat,
695 417 765 468 qui
792 415 843 454 de
875 415 1004 454 Galba
1037 423 1175 455 narrat
1192 446 1203 464 ‚
1252 431 1345 455 eum
1372 417 1580 456 choraulae
1609 419 1707 456 mire

260 469 439 523 placenti
461 469 644 508 denarios
673 472 840 526 quinque
867 471 1031 509 donasse
1047 501 1057 518 ‚
1096 472 1276 525 prolatos
1305 486 1425 510 manu
1463 485 1534 510 sua
1568 486 1590 510 e
1627 486 1707 527 pe-

264 524 474 562 culiaribus
500 525 636 563 loculis
653 527 753 564 suis:
785 526 855 564 ubi
868 525 944 565 loci
955 526 1116 565 videtur
1138 526 1322 565 denarius·
1345 527 1451 565 idem
1468 526 1707 580 significare,

267 578 377 631 quod
395 578 581 632 deinceps
608 581 869 633 significavit,
899 596 1041 634 nempe
1070 596 1240 621 numum
1277 595 1466 631 aureum,
1515 588 1562 620 ut
1615 582 1711 622 dra-

264 633 382 672 chma
402 648 571 672 numum
593 643 837 688 argenteum.
873 637 953 676 Sed
971 637 1214 676 diminutum
1242 637 1429 690 deinceps
1444 636 1523 675 hoc
1536 638 1711 690 pretium

266 689 342 727 fuit
371 689 474 728 forte
505 697 595 742 post
620 690 895 732 Alexandrum
926 692 1145 742 Severum,
1176 707 1294 747 quem
1316 691 1570 746 Lampridius
1596 693 1646 731 Τ.
1673 693 1708 731 Ι.

266 744 412 797 Script.
447 745 553 784 Hist.
590 745 697 799 Aug.
728 761 770 800 p.
813 749 909 802 939.
955 749 1012 786 ait
1045 750 1207 787 scenicis
1240 762 1438 803 nunquam
1473 756 1674 800 argentum
1692 777 1706 796 ,

265 801 342 838 vioe
364 802 595 854 pecuniam,
631 800 728 856 [hoc
763 810 822 841 est
856 801 1007 854 κέρμα,
1033 805 1233 842 minutum
1251 802 1350 857 aes,]
1374 803 1600 842 donavisse.

376 855 420 895 B.
444 855 481 895 6.
513 855 632 910 [521,
662 856 739 910 10.]
770 853 838 896 τὸν
871 857 1061 900 πλοῦτον.
1118 859 1164 896 In
1194 859 1330 897 codice
1357 865 1415 897 est
1434 853 1483 896 τὰ
1514 856 1709 906 πλοῦτος,
1773 883 1778 887 -

267 909 374 961 quod
422 924 503 949 non
553 911 851 964 reprobandum
898 920 981 963 est3
1026 920 1071 952 ut
1117 908 1139 950 ὅ
1180 911 1336 964 σκότος,
1377 908 1550 961 σκότου,
1589 919 1628 952 et
1664 910 1711 952 τὸ

267 960 441 1015 σκότος,
472 961 645 1012 σκότους
677 975 716 1006 et
741 967 837 1007 talia
870 969 1094 1007 innumera.

377 1019 424 1059 C.
446 1019 488 1059 8.
521 1020 636 1075 βυ,
665 1021 722 1076 1.]
753 1021 970 1066 ἀπέλθετε.
1029 1024 1089 1062 Μ.
1112 1021 1336 1063 otu-§wara
1394 1021 1449 1061 Et
1469 1022 1526 1061 sic
1549 1035 1713 1076 quoque

266 1089 309 1129 p.
345 1088 432 1128 ¹9¹·
462 1075 509 1115 C.
547 1089 609 1114 11.
639 1084 678 1115 et
714 1091 802 1131 192.
838 1077 884 1116 B.
918 1079 958 1118 5.

374 1130 428 1167 D.
453 1129 489 1169 6.
523 1130 634 1184 [322‚
659 1130 722 1185 7.]
756 1127 1012 1180 δεδόξασται.
1069 1133 1216 1173 Putem
1249 1140 1339 1186 post
1370 1133 1410 1172 h.
1442 1146 1484 1173 v.
1513 1139 1710 1186 punctum

266 1183 414 1223 debere
451 1184 654 1224 collocari.
713 1187 856 1226 Gloria
892 1189 943 1226 sit
974 1187 1071 1236 deo,
1123 1190 1219 1243 quia
1251 1189 1465 1241 gloriosas,
1501 1187 1629 1242 gloria
1667 1193 1708 1225 et

266 1239 538 1279 laudabilibus
566 1241 752 1281 omnibus
787 1242 949 1281 dotibus
975 1243 1179 1296 praeditus
1211 1250 1281 1284 est.
1354 1242 1493 1282 Gloria
1533 1243 1584 1281 sit
1634 1241 1712 1280 deo

269 1294 327 1347 (id
352 1295 472 1334 tacite
501 1296 772 1348 repetendum)
801 1299 879 1336 soli
909 1300 1079 1338 creatori
1109 1306 1186 1337 etc.

378 1350 432 1389 D.
450 1350 522 1388 ult.
553 1350 671 1404 [322‚
699 1351 776 1405 11.]
809 1346 925 1395 ἄλλο,
992 1354 1039 1392 In
1076 1354 1213 1392 codiee
1260 1358 1300 1391 et
1339 1350 1405 1390 hic
1441 1359 1482 1394 et
1522 1351 1710 1404 deinceps

272 1411 358 1444 erat
394 1397 509 1456 ἄλλο]
547 1406 655 1459 quod
690 1407 851 1446 videtur
889 1408 1064 1448 indicare
1093 1402 1217 1455 ἄλλος
1246 1406 1323 1459 legi
1354 1406 1526 1458 debere,
1569 1406 1710 1445 subin-

268 1459 428 1499 tellecto
453 1456 632 1513 κράκτης
647 1491 658 1511 ,
687 1470 756 1501 aut
779 1462 933 1514 δῆμος,
964 1471 1034 1503 aut
1061 1457 1204 1512 ὕμνος.
1263 1464 1468 1515 Quorsum
1488 1462 1596 1501 enim
1614 1461 1715 1501 alias

272 1515 431 1568 signum
459 1516 684 1569 compendii
716 1518 758 1556 in
791 1532 889 1557 voce
918 1520 1102 1572 integra?

358 1569 446 1611 188.
475 1570 525 1610 A.
548 1585 588 1610 2.
634 1571 751 1626 [322,
786 1571 863 1627 13.]
901 1567 922 1612 ὃ
962 1574 1092 1614 δεῖνα.
1159 1573 1205 1613 In
1247 1573 1305 1612 M.
1343 1585 1418 1625 pro
1458 1571 1522 1610 his
1554 1570 1714 1611 duabus

270 1642 438 1684 vocibus
476 1650 535 1681 est
574 1643 670 1683 Δαδ
680 1674 691 1695 ,
736 1644 776 1683 id
820 1652 879 1683 est
907 1641 1052 1695 Δαβίὃ
1092 1644 1157 1684 vel
1199 1642 1366 1684 Δαουίδ
1379 1673 1390 1692 ,
1437 1642 1640 1697 Davidem
1677 1650 1716 1681 te

273 1699 476 1745 habemas,
505 1699 668 1747 dilecte,
701 1713 771 1738 seu
799 1699 999 1738 Davidem
1031 1714 1187 1739 novum
1221 1701 1263 1738 in
1295 1705 1336 1737 te
1366 1697 1574 1737 habemus.

380 1752 432 1792 A.
452 1752 604 1806 penult.
634 1753 749 1809 [322,
769 1754 854 1809 2o.]
883 1752 908 1806 ἦ
929 1754 1119 1795 εὕθυνιά.
1173 1757 1234 1794 Μ.
1253 1752 1447 1806 εὐθηνία,
1474 1751 1717 1792 abundantia

270 1818 308 1849 et
340 1809 474 1848 vilitas
503 1823 700 1848 annonae.

380 1863 436 1902 A.
456 1863 528 1902 ult.
564 1863 681 1918 [322‚
705 1864 789 1919 αα]
818 1861 913 1911 τούς
944 1864 1153 1916 βενέτους.
1212 1864 1272 1903 Μ.
1301 1864 1389 1908 τοῖς
1407 1861 1604 1912 βενὲτοις.

383 1919 430 1957 Β.
454 1919 493 1960 5.
525 1919 634 1973 [323,
657 1918 725 1987 4.]
749 1917 917 1965 πόλεως.
978 1919 1193 1958 Inserenda
1218 1925 1307 1972 post
1325 1917 1369 1956 h.
1393 1931 1436 1956 v.
1459 1931 1482 1955 e
1506 1918 1566 1956 M.
1592 1915 1714 1956 haec:

273 1971 297 2012 δ
326 1971 434 2019 λαός·
483 1975 577 2027 νικᾷ
611 1971 637 2026 ἤ
671 1988 806 2021 πιστις
831 1974 904 2026 τῆς
941 1969 1114 2020 πόλεως.

382 2030 427 2068 Β.
448 2043 489 2083 9.
523 2028 636 2083 [325.
664 2029 723 2084 8.]
756 2025 838 2078 dns)
872 2026 1076 2081 οὕρανῶν.
1137 2028 1244 2079 Quia
1278 2027 1401 2066 dictio
1430 2026 1529 2066 haec
1561 2027 1716 2080 integra

274 2084 404 2138 posita
441 2098 524 2122 non
562 2091 647 2134 est,
695 2092 804 2123 certo
842 2083 998 2123 definiri
1036 2084 1197 2137 nequit,
1246 2090 1404 2122 rectene
1451 2081 1549 2122 haec
1590 2081 1716 2121 verba

283 2139 484 2188 habeant,
514 2153 565 2178 an
604 2139 679 2192 legi
710 2140 851 2178 debeat
889 2133 968 2177 ἆπὸ
1005 2137 1185 2191 ἐχθρῶν.
1688 2189 1714 2199 .-

39 2204 103 2238 Ῑζα,
130 2205 166 2238 1λ
203 2209 266 2241 103
371 2193 458 2235 188.
489 2194 531 2236 Β.
549 2193 621 2235 ult.
653 2194 768 2248 [323‚
800 2195 876 2246 10.]
906 2193 981 2232 ov’x
1011 2192 1154 2243 ἒᾶμαι.
1216 2191 1290 2231 Est
1333 2205 1379 2230 ex
1399 2198 1522 2230 'more
1560 2189 1716 2246 libram

279 2249 386 2288 idem
420 2256 539 2302 atque
575 2247 648 2287 οὐκ
677 2249 728 2303 ἑᾷ
758 2262 835 2299 με,
869 2263 947 2288 non
981 2249 1074 2287 sinit
1103 2262 1164 2287 me
1193 2256 1340 2295 tacere,
1370 2247 1524 2285 etiamsi
1554 2245 1711 2292 vellem,

276 2305 498 2343 hamanitas
528 2318 680 2343 morum
712 2313 878 2342 tuorum.
937 2303 1030 2342 Vid.
1060 2303 1111 2342 ad
1142 2318 1182 2356 p.
1219 2302 1307 2342 185.
1337 2302 1382 2340 C.
1409 2300 1451 2340 6.
1479 2307 1519 2339 et
1553 2313 1642 2353 ¹91.
1669 2298 1714 2340 C.

277 2357 316 2400 8.
346 2366 386 2398 et
425 2373 447 2397 e
479 2361 681 2398 contrario
712 2358 832 2412 paulo
863 2366 953 2412 post
990 2358 1035 2399 C.
1077 2358 1116 2397 6.
1152 2365 1192 2397 et
1233 2373 1272 2412 p.
1320 2355 1410 2410 189.
1442 2356 1493 2395 D.
1529 2361 1717 2406 antepen.

278 2410 360 2463 ὁρᾶ
398 2426 443 2451 τε
482 2421 540 2452 est
574 2416 766 2467 scriptum
795 2428 868 2468 pro
895 2410 1059 2466 ὁρᾶται,
1087 2415 1256 2469 respicit,
1287 2419 1327 2451 et
1358 2424 1448 2464 pag.
1477 2423 1570 2462 2-17.
1597 2409 1642 2447 Β.
1675 2408 1714 2450 3.

280 2464 434 2519 χάρισε
474 2483 547 2521 pro
574 2467 768 2522 χάρισαι.
1684 2518 1693 2526 .

394 2523 437 2562 C.
462 2537 498 2563 2.
541 2524 654 2578 [323‚
680 2523 756 2577 12.]
798 2518 1085 2567 uarevavu'wv,
1150 2519 1403 2575 separandae
1441 2530 1558 2558 voces
1602 2517 1718 2556 colli·-

279 2583 450 2629 quatae,
493 2579 571 2617 sic:
621 2580 709 2617 κατ’
755 2576 950 2619 ἐναντίων
990 2591 1067 2618 σου
1087 2608 1100 2630 ‚
1138 2578 1283 2630 filices
1323 2587 1518 2613 armorum
1562 2581 1716 2613 tuorum

282 2646 467 2669 successus
504 2643 639 2671 contra
673 2635 793 2673 hostes
822 2643 920 2672 tuos.

392 2686 437 2723 C.
459 2686 497 2727 6.
529 2687 644 2740 [323‚
672 2687 748 2741 15.]
781 2685 918 2738 ὁρᾶτε.
977 2687 1148 2726 Mutavit
1180 2699 1253 2738 pro
1282 2697 1394 2722 more
1422 2697 1494 2722 suo
1529 2682 1716 2722 librarius

283 2754 328 2778 αι
365 2754 457 2778 eum
490 2753 526 2778 ε.
583 2742 686 2780 Nam
709 2743 870 2782 deberet
903 2749 1040 2780 nostro
1072 2740 1267 2780 scribendi
1290 2753 1400 2777 more
1435 2736 1587 2789 ὁρᾶται
1614 2751 1711 2783 esse,

283 2802 325 2834 ct
366 2802 568 2848 praeterea
610 2810 654 2834 ex
698 2811 772 2836 usu
823 2797 932 2851 vulgi
974 2799 1146 2849 positum
1198 2795 1271 2833 suit
1309 2794 1374 2832 hic
1418 2792 1594 2833 medium
1640 2805 1715 2845 pro
