1826 3126
213 220 288 263 An
327 217 624 261 consrm.
662 217 859 258 ponpa.
898 217 970 258 m:
1008 215 1190 258 cmm.
1231 216 1333 257 mx.
1375 219 1411 258 1.
1470 216 1535 272 ¹¹7

95 321 163 362 die
178 322 432 362 assumtionis
458 319 525 359 vel
554 319 794 358 ascensionis
821 317 971 356 Christi
994 319 1037 356 in
1060 317 1215 357 coelum
1240 312 1292 357 ad
1313 317 1444 372 Pegas
1462 331 1535 358 seu

91 377 269 427 Fontes,
298 377 397 416 festo
426 375 679 414 Pentecostes
706 373 758 411 ad
788 373 832 411 S.
859 374 1064 423 Mocium,
1094 373 1193 413 festo
1217 373 1261 413 S.
1290 373 1452 427 Georgii
1480 373 1534 412 ad

92 431 357 486 Magnauram
381 437 458 470 etc.
516 429 603 468 Hae
629 429 899 481 processiones
926 435 1039 466 erant
1062 429 1220 481 typicae
1233 458 1246 478 ,
1275 442 1345 467 seu
1372 429 1470 467 fixae
1493 434 1535 467 et

89 500 138 526 ex
154 488 397 540 praescripta
423 484 594 524 formula
609 481 881 522 ceremonialis
897 484 1013 521 certis
1041 484 1122 521 suis
1149 483 1290 522 diebus
1317 482 1502 537 alligatae
1517 513 1531 534 ,

93 549 141 580 ut
169 554 252 581 non
278 547 411 595 posset
426 540 650 592 Imperator
667 537 876 576 commode
891 537 1000 575 domi
1024 551 1186 576 manere
1204 567 1215 587 ,
1243 545 1313 576 aut
1338 538 1418 577 alio
1444 539 1532 589 ire,

87 610 214 650 quam
238 595 528 649 praescriptum
545 600 660 633 esset.
718 592 822 631 Aliis
848 593 956 631 enim
986 592 1127 631 diebus
1154 592 1366 632 dominicis
1393 607 1533 632 mane-

89 651 190 691 bant
205 651 468 704 Imperatores
486 650 591 687 intra
617 647 811 701 palatium
824 677 835 698 ,
866 654 905 686 et
932 647 1238 700 frequentabant
1264 647 1412 688 aulicas
1441 662 1534 688 suas

86 705 427 759 eodesias‚·quas
450 705 556 743 inter
582 704 818 757 praecipuae
835 710 949 741 erant
979 700 1002 754 ἡ
1030 702 1108 741 τοῦ
1135 700 1303 750 Κυρίου
1332 708 1372 742 et
1403 698 1430 755 ἦ
1457 703 1534 767 τῆς

89 757 295 800 Θεοτόκου
334 759 425 798 τοῦ
441 755 602 811 Φάρου.
659 759 765 797 Hinc
790 757 1029 810 intelligitur
1044 786 1057 807 ,
1095 770 1221 810 quare
1251 752 1327 803 τὰς
1352 770 1534 804 τυπικας

17 835 22 839 ·
85 809 351 868 προελεύσεις
380 814 523 853 dixerit
551 813 756 852 Cedrenus
785 828 827 866 p.
854 812 950 852 635.
983 813 1039 866 D.
1094 811 1305 864 μηδέποτε
1349 811 1395 852 ἐν
1435 816 1532 858 ταῖς

87 871 279 915 τυπικαῖς
305 865 413 922 πρὸς
437 867 543 908 θέαν
569 868 654 907 τῶν
691 867 823 907 θείων
861 868 977 906 ναῶν
1013 862 1284 919 προελεύσεσι
1310 862 1428 913 κενὸς
1458 865 1534 907 καί

87 919 275 977 ἄκαρπος
297 915 440 977 ὤφθη.
495 924 678 962 Manavit
705 923 772 962 hie
799 924 901 962 ritus
927 937 950 962 e
966 936 1078 962 more
1094 929 1277 961 veterum
1306 922 1532 975 Imperato-

86 991 181 1018 rum
206 979 480 1018 Romanorum
498 980 616 1018 certis
643 978 784 1018 diebus
810 979 862 1017 ad
891 979 1028 1017 Iovem
1046 976 1345 1031 Capitolinum,
1374 976 1463 1016 aliis
1478 977 1532 1017 ad

85 1034 207 1073 aedes
233 1034 436 1074 Victoriae
468 1035 513 1072 in
542 1034 680 1073 castris
709 1033 973 1083 suburbanis,
1005 1032 1093 1072 aliis
1118 1032 1197 1072 alio
1225 1032 1468 1086 procedendi
1492 1039 1534 1072 et

85 1089 334 1128 sacrificandi
348 1119 362 1142 ,
408 1089 459 1129 de
492 1102 574 1143 quo
613 1103 660 1130 ex
695 1089 925 1129 Herodiano
959 1095 999 1129 et
1030 1087 1228 1128 similibus
1267 1087 1531 1142 scriptoribus

87 1151 262 1184 constat.

88 1213 91 1215 ·
199 1199 319 1240 Russi
332 1229 345 1251 ,
374 1199 444 1254 qui
469 1212 597 1254 paene
626 1212 765 1239 omnes
791 1198 928 1239 civiles
956 1213 1168 1254 sacrosque
1197 1205 1237 1239 et
1253 1198 1403 1239 aulicos
1418 1199 1532 1238 ritus

87 1267 112 1292 a
142 1255 306 1294 Graecis
331 1262 626 1306 assumserunt,
655 1256 826 1295 eundem
851 1270 978 1309 paene
1001 1256 1184 1295 ordinem
1206 1262 1346 1294 tenent
1377 1256 1418 1294 in
1449 1255 1533 1294 suis

88 1310 210 1348 sacris
238 1310 586 1363 processionibus3
629 1325 800 1364 quarum
826 1325 953 1350 unum
982 1312 1182 1364 specimen
1201 1325 1223 1349 e
1238 1310 1343 1349 libro
1362 1309 1534 1362 Anglice

88 1365 238 1417 scripto
270 1372 311 1405 et
340 1367 384 1404 in
415 1367 598 1405 versione
628 1366 786 1420 Belgica
801 1396 812 1418 ,
853 1381 932 1420 qua
965 1374 1083 1416 utor,
1128 1365 1244 1405 Statu
1282 1379 1365 1404 van
1407 1366 1535 1404 Groot

88 1419 287 1459 Russland
308 1421 500 1474 inscripto
535 1421 768 1473 depromam
783 1451 794 1471 ,
843 1437 923 1475 quo
954 1421 1042 1461 loco
1075 1434 1158 1460 non
1193 1428 1324 1474 potest
1358 1420 1534 1459 inveniri

88 1472 192 1513 nlius
211 1504 223 1524 ‚
252 1477 323 1528 qui
337 1490 423 1515 rem
439 1484 688 1529 praesentem
705 1477 829 1530 magis
852 1477 1039 1516 illustret.
1097 1477 1386 1515 Commentarii
1403 1476 1534 1515 vicem

89 1535 292 1580 praestare
323 1538 451 1583 potest
482 1531 534 1569 ad
564 1531 642 1570 hoc
677 1539 797 1584 caput
814 1532 976 1581 Nostri,
1007 1539 1047 1571 et
1080 1533 1215 1570 omnia
1247 1532 1331 1570 eius
1362 1530 1431 1568 illa
1447 1559 1459 1579 ,
1488 1531 1533 1568 in

91 1583 237 1635 quibus
279 1587 550 1636 processiones
582 1600 715 1624 sacrae
749 1586 1043 1625 describuntur.
1101 1587 1239 1635 Quum
1271 1585 1390 1637 pauci
1423 1585 1504 1623 sint
1518 1614 1530 1634 ‚

90 1638 160 1690 qui
193 1637 350 1691 Belgiee
383 1639 552 1677 calleant
566 1667 577 1689 ,
616 1653 774 1678 necesse
806 1647 864 1678 est
879 1669 891 1690 ,
931 1639 1088 1680 lectoris
1120 1641 1163 1678 in
1197 1641 1366 1693 gratiam
1398 1638 1534 1678 locum

88 1691 288 1745 prolixum
321 1694 499 1747 quidem,
525 1700 567 1732 at
593 1696 779 1732 eximium
804 1694 926 1733 latine
953 1697 1071 1734 verti.
1128 1696 1294 1747 Legitur
1327 1694 1424 1733 dicti
1440 1693 1536 1733 libri

86 1760 132 1800 p.
153 1746 233 1786 355
249 1770 302 1776 —
321 1748 416 1788 361.
472 1749 577 1787 Nam
595 1749 811 1802 Anglicum
837 1751 1119 1803 primigenium
1136 1749 1382 1803 exemplum,
1410 1763 1436 1788 a
1450 1763 1535 1803 quo

89 1801 271 1854 Belgicus
297 1803 422 1842 sactus
451 1803 527 1841 fuit
550 1803 620 1842 ille
647 1804 749 1843 liber
767 1812 928 1844 auctore
957 1805 1012 1843 A.
1032 1805 1232 1844 Moubach
1247 1834 1259 1854 ,
1290 1805 1342 1843 ad
1366 1819 1534 1845 manum

93 1869 177 1895 nou
210 1864 285 1896 est.
343 1857 479 1898 Verba
511 1860 634 1911 igitur
667 1861 751 1898 eius
781 1859 879 1899 haec
914 1867 1032 1899 sunt:
1080 1878 1097 1895 n
1109 1859 1446 1913 Quandoquidem
1481 1860 1533 1900 de

88 1912 389 1967 sancczficatione
415 1928 442 1951 α
468 1928 607 1952 uarum
641 1914 762 1968 [sesto
793 1916 874 1954 τῶν
902 1910 1056 1968 φώτων
1071 1945 1083 1964 ,
1114 1915 1164 1953 de
1189 1928 1269 1968 quo
1294 1915 1379 1953 vid.
1400 1915 1532 1967 Caput

89 1965 229 2006 Nostri
247 1967 316 2006 26.
343 1969 392 2006 L.
411 1967 440 2006 l.
494 1970 537 2006 in
563 1970 833 2022 superioribus
862 1972 1107 2008 mentionem
1136 1970 1235 2018 feci,
1265 1983 1368 2023 quae
1393 1971 1531 2023 peragi

89 2020 226 2060 multis
253 2035 345 2061 cum
363 2025 596 2062 ceremoniis
614 2025 715 2063 solet
729 2055 740 2075 ,
772 2040 854 2064 non
879 2025 1143 2064 iniucundum
1173 2026 1249 2063 erit
1274 2026 1364 2063 meo
1392 2024 1533 2065 lectori

54 2091 57 2092 ⁷
92 2089 157 2114 eas
189 2085 391 2116 enarratas
423 2078 568 2130 legere.
633 2081 776 2119 Fiebat
808 2081 907 2119 haec
941 2093 1136 2132 aquarum
1174 2080 1430 2119 sanctificatio
1462 2093 1531 2119 ex-

90 2137 155 2169 tra
184 2132 352 2183 urbem,
398 2134 669 2185 Moscoviam,
715 2149 834 2188 super
869 2134 1033 2174 flumine
1067 2136 1331 2188 cognomine3
1373 2136 1416 2173 in
1448 2148 1532 2188 quo

89 2184 215 2241 glacie
246 2189 373 2226 excisa
408 2201 553 2241 magna
594 2190 639 2228 fit
669 2190 841 2229 fenestra
874 2191 1069 2243 quadrata
1085 2219 1096 2239 ,
1129 2190 1313 2229 cancellis
1344 2203 1531 2242 praemu-

89 2241 175 2278 nita
189 2262 210 2270 -
228 2262 248 2270 —
277 2242 394 2281 Circa
439 2242 512 2282 hos
553 2245 700 2297 gradus
744 2245 922 2284 tribunal
965 2246 1131 2298 erigitur
1148 2274 1160 2295 ,
1212 2246 1356 2298 pannis
1397 2246 1531 2285 rubris

90 2294 304 2334 instratum
318 2325 330 2346 ‚
379 2298 485 2335 intra
516 2300 625 2351 quod
658 2306 744 2338 erat
772 2301 1026 2338 metatoriam
1045 2329 1057 2349 ,
1106 2301 1148 2338 in
1189 2314 1269 2353 quo
1310 2301 1534 2353 Imperator

91 2359 184 2388 cum
209 2352 432 2404 praecipuis
458 2352 694 2393 clericorum
727 2355 928 2394 manebat.
987 2356 1244 2394 Motatorium
1283 2355 1360 2394 hoc
1403 2355 1529 2396 habe-

90 2402 161 2442 bat
203 2413 374 2458 quatuor
406 2414 539 2458 portas
581 2409 633 2447 ad
673 2410 839 2448 modum
884 2425 1048 2449 arcuum
1088 2410 1286 2463 apsidatas
1327 2425 1420 2450 cum
1461 2425 1530 2450 su-

92 2460 360 2512 perimpositis
392 2461 506 2501 mahs
536 2465 681 2503 aureis.
720 2464 826 2518 [vid.
847 2480 951 2518 quae
986 2465 1088 2503 inii-a
1124 2480 1167 2518 p.
1189 2465 1284 2516 242.
1301 2465 1344 2505 6.
1372 2466 1423 2505 de
1454 2479 1530 2519 po-

90 2515 168 2552 mis
198 2517 342 2555 ·aureis
385 2518 599 2557 carruchae
630 2519 847 2572 imperialis
886 2519 1091 2573 dicimus]
1148 2520 1325 2560 Cancelli
1362 2521 1529 2560 lacunae

90 2568 133 2605 in
150 2567 318 2620 glaciato
346 2570 509 2610 flumine
534 2573 660 2612 factae
686 2577 884 2626 praetenti
912 2574 1186 2627 sesquipedem
1221 2575 1292 2614 alti
1324 2582 1364 2615 et
1392 2590 1527 2628 panno

90 2622 214 2662 rubro
240 2626 389 2676 pariter
413 2627 570 2666 instrati
598 2636 727 2667 erant.
785 2629 853 2668 Ad
886 2644 1023 2668 eorum
1062 2637 1233 2683 quatuor
1258 2631 1424 2684 angulos
1454 2637 1528 2670 sta-

92 2675 191 2715 bant
220 2678 429 2719 columnae
443 2703 464 2710 ·
481 2704 503 2710 —
519 2683 720 2734 apsidatae
736 2713 748 2734 ,
796 2691 842 2722 ut
872 2685 1089 2723 formarent
1124 2685 1315 2725 thronum
1350 2693 1420 2724 aut
1452 2687 1526 2723 tri-

92 2729 216 2771 bunal
231 2762 243 2783 ,
287 2735 392 2773 intra
435 2737 544 2788 quod
584 2744 675 2776 octo
718 2740 867 2777 vitreae
912 2739 1112 2792 lampades
1151 2741 1336 2780 ardentes
1376 2739 1527 2794 pende·

93 2783 206 2824 bant.
272 2787 340 2827 Ab
386 2803 467 2828 uno
513 2805 652 2831 eorum
694 2791 817 2832 latere
865 2793 1048 2833 descendi
1087 2802 1243 2849 poterat
1292 2797 1335 2835 in
1381 2807 1528 2848 aquam

144 2854 405 2892 Constantinus
425 2861 599 2905 Porphyr.
630 2862 705 2895 Vol.
729 2863 777 2896 ΙΙ.
970 2905 973 2907 ,
1242 2878 1262 2899 ²
