1832 3126
189 194 265 236 AD
301 190 598 236 CONSTANT.
639 188 838 232 PORPH.
876 189 949 230 DE
986 186 1170 230 cmm.
1210 187 1310 228 Lm.
1348 188 1383 226 1.
1441 186 1499 223 11
1519 188 1539 222 1

219 295 345 334 Forte
373 293 636 332 mutatorium
669 289 900 344 simpliciter
924 290 979 328 sic
1014 289 1168 328 dictum
1194 295 1280 327 erat
1311 288 1352 327 in
1380 286 1519 342 Cyclio
1533 319 1544 333 ,

110 364 181 390 seu
209 350 365 389 minore
394 347 546 387 concha
577 346 735 399 Apsidis
766 353 806 384 et
834 344 1026 393 australi,
1063 351 1184 397 atque
1207 344 1250 382 id
1277 343 1548 382 sacerdotibus

108 405 318 459 proprium
333 419 354 454 ς,
379 403 489 443 aliud
523 401 777 441 metatorium
805 407 940 439 autem
973 399 1233 451 Imperatori,
1264 406 1333 438 aut
1354 406 1394 437 et
1414 412 1547 452 proce-

108 461 222 499 ribus
256 459 464 514 proprium
501 471 621 510 supra
655 456 906 494 Nartheccm.
964 455 1056 504 Qua
1092 455 1143 492 de
1174 469 1218 493 re
1250 454 1432 493 viderint.
1460 453 1545 493 alii.

109 515 262 554 Debuit
290 513 546 554 Metatorium
571 510 772 564 duplicem
798 510 951 549 aditum
979 509 1187 558 liabuisse3
1217 524 1344 547 unum
1372 509 1548 548 orienta-

109 569 214 618 lem,
253 583 276 608 e
301 567 463 622 Cycno,
492 581 564 621 per
591 581 711 620 quem
739 565 901 604 veniens
927 579 950 604 e
974 564 1158 603 Tribuna
1184 565 1406 617 Imperator
1423 572 1547 604 trans-

106 625 228 665 misso
254 623 391 677 Cyclio
413 622 587 661 intrabat
605 637 617 672 3
646 621 817 660 alterum
842 618 1125 659 occidentalem
1144 648 1156 667 ‚
1184 633 1256 671 per
1275 635 1394 673 quem
1414 635 1437 659 e
1454 620 1548 659 Nar-

105 680 224 720 thcce
253 686 294 718 et
321 678 406 716 Nao
432 678 596 716 veniens
631 676 820 715 intrabat.
877 676 994 714 Patet
1034 689 1079 713 ex
1117 674 1299 713 Cedreno
1340 676 1380 714 in
1412 677 1547 714 Leone

105 733 368 788 Philosopho:
400 728 470 771 διὰ
497 730 654 783 ταύτην
684 724 760 770 οὖν
783 726 859 783 τήν
879 729 1020 769 αἰτίαν
1044 724 1066 767 ὃ
1092 725 1356 781 πατριάρχης
1387 730 1446 776 εἰς
1469 727 1547 782 τήν

104 788 324 841 ἐκκλησίαν
363 785 630 838 εἰσέρχεσθαι
675 782 830 826 ἐκώλυε
857 782 930 825 τὸν
965 783 1153 835 βασιλέα.
1198 780 1326 823 ’Όθεν
1365 781 1435 823 διὰ
1470 785 1546 823 τοῦ

107 844 246 891 δεξιοῦ
270 841 428 896 μέρους
452 837 649 893 διήρχετο
674 840 734 887 εἰς
758 837 805 879 τὸ
838 836 1147 891 Μητατώριον,
1194 839 1367 878 devitata
1396 841 1432 878 T
1434 841 1544 878 ribu-

104 912 183 946 na,
214 912 340 952 eaque
367 911 450 936 non
473 897 639 936 calcata.
696 897 742 935 ln
765 896 979 934 Metatorio
995 893 1208 933 'celebrata
1229 895 1348 934 fuisse
1372 895 1425 933 ab
1441 897 1540 948 Imp.

103 955 291 994 convivia
323 967 415 992 cum
442 953 698 1005 proceribus,
739 966 761 991 e
781 951 936 990 Codino
963 957 1098 1004 patet,
1139 952 1207 1004 qui
1237 953 1492 989 metatoriam
1518 966 1541 989 a

106 1009 328 1048 Iustiniano
361 1008 572 1047 excitatum
606 1007 773 1057 scribit,
811 1004 878 1046 ἵνα
903 1005 1035 1045 ἐκεῖσε
1070 1004 1290 1060 παραμένῃ
1327 1003 1431 1056 μετιὶ
1461 1005 1548 1044 τῶν

104 1059 322 1116 ἀρχόντων
349 1060 485 1102 αὕτοῦ
513 1059 588 1102 καί
625 1058 822 1109 πολλάκις
855 1057 991 1115 ἐσθίῃ.
1047 1060 1151 1099 Vide
1193 1075 1295 1114 quae
1332 1062 1461 1100 dicam
1491 1061 1544 1099 ad

108 1119 254 1158 Crama
269 1133 311 1172 p.
339 1132 402 1158 11.
433 1125 472 1158 et
493 1118 544 1157 ad
565 1133 607 1171 p.
632 1117 701 1168 40.
734 1118 789 1156 D.
820 1130 882 1155 ῐο.
900 1147 911 1163 ‚
945 1116 1015 1154 ubi
1039 1116 1295 1166 monstrabo,
1321 1117 1399 1155 tria
1423 1116 1546 1156 fuisse

104 1173 148 1212 in
176 1173 338 1213 ecclesia
364 1173 570 1222 cubicula,
602 1172 739 1212 usibus
767 1173 1022 1225 Imperatoris
1053 1171 1183 1210 dicata
1201 1202 1212 1219 ‚
1255 1172 1440 1225 contigua
1458 1202 1469 1217 ‚
1503 1179 1543 1210 et

104 1236 315 1282 propterea
347 1242 463 1284 saepe
492 1229 596 1268 inter
625 1243 667 1267 se
696 1227 888 1267 confusa:
941 1228 973 1276 ι)
999 1226 1244 1273 triclinium,
1287 1227 1328 1265 in
1353 1241 1435 1281 quo
1461 1228 1542 1265 Im-

102 1291 265 1336 perator
300 1298 394 1324 cum
438 1283 664 1338 patriarcha
704 1290 744 1322 et
781 1282 1012 1336 proceribus
1043 1283 1335 1322 convivabatur
1350 1313 1362 1330 ‚
1411 1296 1434 1320 e
1459 1297 1543 1335 quo

102 1347 244 1379 euntes
269 1353 409 1379 versus
446 1341 640 1379 orientem
675 1339 879 1377 intrabant
906 1339 945 1376 in
976 1338 1013 1386 2)
1043 1338 1297 1378 metatorium
1313 1368 1325 1388 ‚
1364 1337 1435 1376 ubi
1460 1339 1543 1376 Im—

102 1402 303 1446 per-atores
346 1395 546 1434 vacabant
578 1402 648 1434 aut
679 1394 927 1432 meditationi
960 1392 1183 1440 solitariae,
1229 1400 1300 1431 aut
1325 1393 1541 1431 audiebant

102 1449 338 1488 didascalias
364 1450 545 1502 publicas
572 1465 618 1489 ex
646 1449 817 1488 ambone
847 1450 1032 1488 recitatas
1047 1479 1057 1496 ‚
1104 1456 1174 1487 aut
1208 1447 1370 1487 lectioni
1409 1462 1544 1486 sacro-

102 1517 195 1542 rum
219 1503 416 1543 librorum
442 1519 558 1544 aures
589 1504 753 1543 dabant.
810 1505 872 1543 Ex
903 1502 980 1542 hoc
1008 1503 1180 1556 denique
1202 1503 1371 1542 ulterius
1402 1517 1542 1541 versus

103 1559 300 1597 orientem
332 1559 584 1611 procedendo
620 1559 753 1597 ibatur
790 1560 827 1608 5)
859 1559 899 1596 in
934 1559 1151 1596 Coetonem
1165 1589 1176 1603 .
1222 1558 1293 1596 ubi
1331 1557 1540 1610 probabile

102 1620 187 1660 est,
223 1614 508 1667 Imperatorem
537 1615 724 1653 vestitum
749 1621 818 1652 aut
843 1619 1028 1665 paratum
1061 1612 1182 1651 fuisse
1198 1643 1208 1659 ‚
1239 1620 1308 1650 aut
1329 1613 1448 1650 etiam
1471 1627 1542 1650 cu-

102 1667 241 1716 basse,
281 1670 315 1708 si
351 1669 512 1721 quando
542 1670 584 1707 in
616 1668 795 1708 Ecclesia
832 1674 1098 1721 pernoctaret.
1155 1668 1215 1706 Ex
1253 1667 1331 1706 hoc
1363 1668 1540 1707 Coetone

100 1723 265 1776 patebat
298 1725 426 1763 exitus
457 1731 566 1763 extra
591 1723 819 1773 ecclesiam,
860 1730 900 1761 et
933 1723 1035 1762 alius
1067 1737 1227 1776 quoque
1256 1723 1296 1760 in
1325 1722 1506 1776 Cyclium
1524 1753 1537 1773 ,

99 1792 173 1817 seu
202 1779 398 1818 concham
428 1779 642 1818 australem
659 1808 670 1828 ‚
700 1779 776 1818 sub
803 1793 883 1832 qua
913 1785 998 1816 erat
1030 1779 1150 1816 etiam
1171 1778 1346 1817 sacristia
1377 1777 1439 1817 vel
1459 1778 1541 1817 dia-

100 1834 289 1872 oonicum
304 1865 316 1881 ‚
346 1849 452 1888 pone
470 1849 593 1887 quam
618 1834 855 1872 decurrebat
873 1833 1038 1872 Coeton.
1094 1834 1295 1872 Metatorii
1319 1840 1451 1872 autem
1471 1848 1539 1872 no·

100 1889 224 1936 mine,
247 1890 449 1929 interdum
473 1891 593 1928 etiam
617 1890 818 1937 Coetonis‚
846 1888 1255 1941 comprehendebatur
1282 1895 1412 1926 totum
1437 1889 1538 1928 illud

100 1943 379 1983 cubiculorum
417 1944 682 1998 imperialium
721 1952 891 1998 systema
921 1944 1153 1983 cohaerens.
1210 1944 1270 1982 lta
1299 1943 1540 1996 Anonymus

101 1998 416 2039 combefisianus
447 2001 666 2040 Coetonem
704 1999 917 2053 pulchrum
951 2014 974 2037 a
1001 2000 1221 2038 Iustiniano
1242 2000 1284 2036 in
1312 1998 1354 2036 S.
1385 1998 1537 2051 Sophia

99 2054 332 2106 conditum,
361 2063 408 2094 ut
432 2056 488 2095 ibi
515 2056 708 2094 dormiret
724 2086 734 2102 ‚
768 2057 824 2094 ait
847 2054 1103 2093 Metatorium
1130 2054 1182 2092 ab
1209 2055 1294 2106 ipso
1319 2053 1441 2092 fuisse
1465 2068 1539 2107 ap-

99 2107 320 2160 pellatum:
349 2109 518 2150 ἐκάλεσε
548 2111 594 2150 δὲ
621 2107 695 2149 καί
712 2105 1013 2161 Μετατώριον,
1043 2104 1141 2159 ὅπερ
1169 2108 1299 2147 ἐκεῖσε
1321 2103 1533 2160 ἀνήγειρε,

99 2163 277 2204 κοιτῶνα
300 2163 457 2217 ὡραῖον
484 2161 737 2219 διάχρυσον,
779 2164 847 2205 ἵνα
879 2160 1224 2219 εἰσπορευομένου
1254 2160 1383 2202 αὐτοῦ
1412 2162 1456 2202 ἐν
1479 2163 1539 2218 τῷ

99 2217 189 2273 ναῷ
219 2217 350 2259 ἐκεῖσε
379 2216 579 2274 καθεύσῃ.

210 2274 257 2312 Β.
275 2273 316 2314 8.
341 2274 431 2329 [[6,
458 2275 543 2329 10.]
571 2275 675 2314 θεοῦ
696 2274 974 2329 ἐμφέρονται,
1005 2273 1273 2324 εἰσέρχονται.
1317 2274 1375 2311 Μ.
1403 2271 1535 2323 θεοῦ,

99 2325 355 2382 ἓμφέρονται
394 2326 467 2368 καί
496 2331 767 2382 είσέρχονται.
824 2332 869 2369 In
899 2329 1006 2369 θεοῦ
1040 2329 1349 2381 subintelligitur
1385 2324 1535 2378 ἔιέστις

98 2383 142 2421 ἰη
178 2398 258 2438 qua
288 2386 458 2438 imagine
493 2386 622 2424 insunt
649 2400 779 2425 omnes
804 2386 1104 2438 significationes
1133 2385 1328 2438 passionis
1362 2383 1532 2429 Christi,

99 2438 249 2489 omnia,
269 2453 373 2492 quae
398 2440 555 2479 diversa
581 2455 724 2494 genera
741 2432 968 2494 passion‘um
987 2439 1133 2477 Christi
1151 2439 1384 2491 designant3
1413 2437 1536 2491 ἐμφέ-

98 2504 246 2543 ρονται
271 2495 443 2546 irgsbmnt
463 2510 557 2544 sese,
577 2510 720 2550 nempe
740 2497 909 2545 domini,
936 2495 975 2534 id
997 2501 1055 2533 est
1083 2491 1255 2545 ὁρμῶσι,
1285 2493 1535 2546 προχωροῦ-

99 2558 145 2584 σι
158 2575 171 2597 ,
196 2559 364 2602 pergunt
387 2559 425 2588 et
455 2552 615 2590 intrant.

208 2603 256 2641 Β.
271 2619 314 2657 9.
335 2604 426 2658 [16,
455 2605 538 2659 11.]
570 2602 620 2644 roi
642 2600 741 2657 ἅγια
763 2605 892 2656 δῶρα.
951 2604 1015 2643 Sic
1042 2602 1264 2656 appellatur
1285 2605 1530 2652 eucharistia,

99 2658 213 2706 panis
234 2666 274 2697 et
294 2660 434 2698 vinum
456 2660 725 2699 benedictum.
784 2659 1024 2713 Simpliciter
1054 2672 1215 2712 quoque
1243 2657 1362 2709 δῶρα
1390 2659 1533 2698 dicun-

98 2715 184 2760 tur,
210 2719 256 2751 ut
272 2728 312 2766 p.
338 2715 408 2766 47.
423 2716 470 2753 B.
494 2729 554 2767 2.‚
582 2716 676 2755 item
699 2712 747 2754 τὸ
770 2714 904 2765 ’τίμιον
928 2713 1063 2765 δῶρον
1087 2728 1128 2766 p.
1154 2715 1222 2752 53.
1249 2714 1445 2753 init.Vid.
1464 2715 1532 2752 Du

101 2763 234 2818 Gange
255 2768 385 2810 Gloss.
408 2771 482 2809 Gr.
504 2770 547 2810 h.
577 2785 618 2810 v.
649 2778 689 2810 et
716 2772 807 2809 Lat.
838 2784 879 2808 v.
913 2769 1072 2808 Donum
1094 2776 1134 2808 et
1152 2769 1312 2808 Munus.
