1884 3132
183 145 259 189 An
286 145 584 190 cons‘rm.
612 149 810 190 Pomm.
838 147 910 188 DE
956 146 1137 190 cnam.
1179 149 1276 188 Lm.
1317 148 1369 187 n.
1441 129 1551 203 705

112 257 334 290 mnu-entur
349 281 361 301 ‚
398 250 641 305 incipiebant
674 264 812 291 versus
839 250 959 289 finem
987 249 1222 290 Novembris
1250 259 1288 290 et
1315 251 1549 292 desinebant

110 305 244 344 medio
293 306 375 345 fere
412 307 639 346 Decembri.
713 307 871 344 Cei-tius
912 305 1043 344 adhuc
1086 305 1235 358 epocha
1263 305 1333 345 illa
1359 308 1546 346 constitui

114 366 245 412 potest
277 374 321 399 ex
349 362 491 412 insigni
526 359 613 399 loco
628 360 744 398 Vitae
772 360 814 398 S.
845 360 1034 412 Stephani
1079 360 1267 409 iunioris,
1296 360 1367 399 ubi
1399 362 1547 402 dicitur

107 413 177 452 ille
204 422 384 454 mortuus
401 415 518 454 fuisse
533 414 634 466 μηνί
651 414 870 467 Νοεμβρίῳ
885 413 998 460 εἰκάς
1022 408 1166 465 ὀγδόη,
1183 414 1226 453 ἐν
1254 406 1286 469 ᾦ
1307 412 1351 453 τὸ
1368 419 1545 466 στοιχεῖ-

111 480 157 507 ον
170 467 244 507 τοῦ
257 469 295 507 Ε
310 465 423 519 παρὰ
447 470 527 508 τῶν
546 467 855 520 φιλοδαιμόιων
875 464 1178 518 ἐκπομπεύεται
1204 470 1540 518 βρουμαλιστῶν,

110 537 239 562 mense
258 522 474 563 Novembri
488 554 500 572 ‚
533 524 599 562 die
626 521 862 570 XXVIII„
905 536 980 577 quo
1029 532 1101 561 tem
1130 537 1197 562 ore
1238 524 1289 561 ab
1323 525 1544 563 amantibus

107 577 342 618 daemonum
370 577 432 631 [id
459 585 517 617 est
554 578 764 631 gentilibus
784 606 794 623 ‚
823 575 1056 630 idololatris]
1091 538 1323 616 aumalistis
1348 580 1479 618 lietera
1499 579 1543 619 E

108 633 262 670 solenni
293 646 382 670 cum
406 647 556 687 pompa
599 633 824 671 celebmtur.
893 632 934 670 Si
976 646 1070 685 ergo
1098 634 1139 670 in
1167 633 1273 671 diem
1302 633 1542 674 Novembris

112 685 180 725 28.
210 685 341 725 littera
371 687 406 725 E
434 689 573 726 incidit
613 701 680 726 seu
709 700 897 725 numerus
924 687 991 733 V„
1022 701 1178 725 neccsse
1195 694 1269 736 est,
1300 695 1346 726 ut
1372 688 1413 726 in
1434 689 1543 728 diem

112 740 350 780 Novembris
375 741 528 780 XXIV.
561 743 716 780 initium
747 740 991 779 Brumalium
1020 742 1223 792 inciderit,
1253 748 1293 780 et
1317 745 1350 781 si
1378 757 1450 795 pei·
1469 744 1538 783 25.

110 803 182 834 aut
209 794 273 846 24.
313 797 541 835 continuata
586 797 653 836 illa
691 795 851 835 fuerunt
873 826 884 843 ,
925 810 1082 834 necesse
1122 803 1179 835 est
1202 826 1213 846 ‚
1244 804 1288 835 ut
1314 797 1378 835 die
1406 798 1541 841 XVII.

111 857 182 889 aut
207 850 361 889 XVIII.
393 851 623 890 Decembris
664 851 862 890 desierint.
929 850 1148 890 Conficitur
1177 865 1220 890 ex
1250 851 1325 890 hoc
1356 852 1472 891 Vitae
1499 854 1540 895 S.

109 904 301 957 Stephani
329 905 438 955 loco,
469 906 632 959 singulis
661 905 901 943 brumalium
940 906 1080 943 diebus
1121 906 1295 958 singulas
1323 906 1540 960 Alphabeti

111 959 252 998 Graeci
278 959 429 999 litteras
456 961 594 999 ordine
621 960 672 999 ab
700 961 813 998 initio
842 960 934 998 inde
947 960 1160 1012 A'lphabeti
1188 960 1239 999 ad
1267 961 1385 1000 {inem
1413 976 1541 1016 usque

107 1015 300 1053 continuo
326 1015 444 1054 fuisse
471 1017 699 1067 imputatas.
728 1015 806 1053 Sed
826 1014 969 1053 clarius
982 1016 1022 1053 id
1051 1023 1158 1067 patet
1185 1030 1230 1053 ex
1260 1015 1348 1054 loco
1364 1016 1540 1056 Alexan-

109 1067 216 1107 drini
242 1067 427 1108 Chronici
455 1085 493 1123 p.
517 1070 630 1120 268„
659 1070 728 1107 ubi
756 1071 937 1122 quamvis
963 1084 1065 1122 quae
1093 1071 1142 1109 de
1170 1070 1342 1109 Romulo
1372 1079 1536 1120 narrat,

108 1135 204 1162 vera
231 1137 312 1162 non
340 1125 443 1174 sint,
470 1132 510 1164 et
537 1125 688 1177 reliqua
716 1125 800 1163 eius
833 1125 1000 1163 obscura
1029 1126 1107 1163 sint
1126 1155 1137 1172 ,
1170 1127 1268 1163 mire
1299 1133 1432 1164 tamen
1453 1141 1540 1165 rem

109 1185 286 1216 nostram
315 1178 510 1218 illustrat:
540 1176 687 1219 τούτου
700 1179 832 1218 ἕνεκεν
860 1177 882 1217 ὅ
906 1177 1066 1228 Ῥῶμος
1093 1178 1307 1230 ἐπενόησεν
1336 1178 1386 1219 τὰ
1411 1182 1539 1231 βρου-

106 1227 240 1282 μάλια
268 1233 479 1287 [Romulus
506 1248 587 1272 non
615 1233 827 1284 brumalia,
856 1233 924 1272 sed
953 1234 1178 1272 Ruminalia
1218 1233 1399 1288 instituit]
1429 1235 1556 1288 εἴρῃ--

106 1282 215 1333 κώς,
247 1301 380 1340 φησι,
428 1283 651 1339 ἀναγκαῖον
680 1283 786 1327 εἶναι
823 1285 894 1327 τὸν
922 1286 1022 1326 κατὰ
1069 1285 1213 1340 καιρὸν
1257 1288 1435 1338 βασιλέα
1463 1291 1540 1342 τὴν

109 1334 262 1383 ἑαυτοῦ
288 1339 514 1392 σύγκλητον
542 1342 680 1381 πᾶσαν
708 1341 780 1380 καί
820 1339 955 1387 πάσας
984 1339 1058 1388 τὰς
1086 1339 1203 1381 ἔνδον
1231 1344 1307 1380 τοῦ
1335 1343 1538 1383 παλατιόυ

107 1387 237 1440 οὔσας
273 1394 489 1445 στρατείας
531 1394 586 1443 ὥς
617 1393 787 1445 ἑντᾴιως
815 1395 858 1434 ἐν
886 1396 942 1450 τῷ
969 1397 1099 1451 καιρῷ
1124 1396 1196 1435 τοῦ
1223 1397 1440 1447 χειμῶνος,
1472 1395 1540 1438 ὅτε

106 1444 157 1487 τὰ
186 1446 389 1499 πολεμικὰ
424 1447 583 1489 ἔνδοσιν
620 1446 729 1500 ἔχει.
794 1447 865 1488 καί
893 1446 1041 1500 ἤρξατο
1086 1448 1273 1502 πρώτους
1300 1455 1440 1490 καλεῖν
1467 1453 1542 1493 καί

108 1502 276 1556 τρέφειν
302 1499 398 1549 τοὺς
426 1501 507 1542 ἀπὸ
538 1504 613 1543 τοῦ
640 1502 675 1542 α’
709 1501 879 1555 ἔχοντας
905 1497 1037 1553 ὄνομα
1055 1534 1066 1554 ,
1094 1505 1164 1543 καί
1191 1501 1335 1543 λοιπὸν
1365 1503 1539 1546 α’κολού-

107 1556 198 1603 &mg
224 1557 300 1603 ἓως
327 1556 402 1596 τοῦ
429 1555 489 1608 ω’,
518 1556 714 1604 κελεύσας
741 1557 814 1597 καί
839 1555 915 1611 τήν
942 1553 1094 1598 ἑαυτοῦ
1121 1555 1348 1610 σύγκλητον
1373 1561 1539 1612 θρέψαι

108 1611 168 1666 τῷ
194 1605 306 1666 αὖτςῦ
331 1609 543 1663 σχήματι.
600 1610 672 1652 καί
698 1609 885 1664 ἔθρεψαν
913 1612 982 1651 καὶ
1010 1609 1135 1652 αὐτοὶ
1159 1610 1230 1653 τὸν
1258 1609 1381 1665 ὄχλον
1405 1612 1542 1655 ἅπαν-

107 1678 160 1704 τα
188 1664 355 1712 ἕκαστος
370 1664 427 1713 ὥς
455 1663 660 1717 ἐβούλετο.
690 1664 728 1706 οἱ
764 1664 839 1707 οὖν
875 1663 1050 1706 ἑκάστου
1086 1667 1274 1719 α’ριθμοῦ
1311 1667 1540 1722 πανδουροί

100 1715 194 1757 ,α’πὸ
220 1715 399 1772 ἑσπέρας
439 1720 499 1767 εἰς
532 1719 629 1768 τούς
671 1719 807 1769 οἴκους
837 1719 1027 1768 ἀπιόντες
1054 1722 1136 1761 τῶν
1164 1719 1420 1774 καλούντων,
1465 1721 1539 1771 οὓς

109 1765 262 1825 ἤθελον
289 1774 350 1813 ἐπ’
380 1772 535 1830 α’ρίστῳ
562 1775 621 1822 εἰς
643 1773 717 1828 τὴν
744 1772 857 1829 ἑξῆς,
889 1770 1044 1829 ηἰῖλουν
1072 1773 1176 1828 πρὸς
1213 1774 1260 1816 τὸ
1303 1779 1459 1829 γνῶναι
1497 1779 1539 1819 ἐι

109 1831 219 1866 κεῖσε
246 1823 310 1867 ὅτι
326 1828 420 1881 παρ’
440 1824 552 1884 αὐτῷ
579 1830 798 1883 τρέφονται
827 1825 986 1883 αὔριον.
1044 1829 1116 1871 καὶ
1151 1832 1332 1883 κατέσχε,
1362 1830 1408 1871 τὸ
1439 1829 1539 1880 ἔθος

101 1881 193 1922 ,τῶν
217 1882 482 1934 βρουμαλι’ων
520 1881 635 1935 παρὰ
665 1886 716 1938 τῇ
737 1882 964 1935 “Ρωμαι’ων
1002 1885 1187 1942 πολιτείᾳ
1225 1887 1302 1933 ἕως
1337 1887 1414 1926 τοῦ
1444 1890 1535 1928 νῦν.

109 1933 180 1973 Sui
221 1937 395 1987 saeculi,
434 1952 515 1977 non
543 1938 727 1987 Romuli,
760 1943 939 1979 instituta
980 1941 1141 1980 tradidit
1168 1949 1306 1980 auctor
1334 1942 1538 1982 Chronici.

107 1988 152 2027 Si
178 1997 284 2029 recte
311 1999 507 2043 postrema
534 1995 670 2047 capio,
699 1995 935 2048 significant,
964 1996 1214 2048 panduristas
1251 2010 1322 2035 seu
1358 1997 1540 2036 tibicines

109 2045 303 2096 cuiusque
317 2046 491 2087 cohortis
506 2049 546 2087 in
576 2050 692 2088 aedes
721 2051 820 2099 eius,
849 2051 918 2103 qui
948 2051 1044 2090 alios
1072 2053 1115 2089 in
1142 2050 1310 2089 alterum
1340 2052 1445 2090 diem
1464 2066 1541 2090 vo-

103 2111 204 2137 care
232 2098 348 2138 vellet
367 2129 379 2150 ,
407 2103 482 2141 sub
517 2117 723 2156 vesperam
750 2105 827 2143 diei
852 2107 1081 2144 convivium
1108 2106 1397 2144 instituendum
1424 2120 1540 2158 prae—

103 2152 287 2193 ,cedentis
314 2155 451 2203 abire,
504 2164 543 2195 et
583 2159 753 2211 acceptis
792 2161 1062 2198 vocandorum
1095 2161 1320 2198 nominibus
1351 2157 1461 2199 abire
1487 2159 1541 2199 ad

108 2207 278 2246 vocandi
306 2210 495 2262 cuiusque
523 2212 637 2250 aedes
657 2242 668 2261 ,
710 2221 980 2267 concentuque
1006 2215 1194 2252 tibiarum
1223 2217 1374 2252 musico
1403 2215 1460 2253 illi
1485 2216 1541 2253 si·-

101 2261 296 2313 -gnificare
325 2265 596 2312 consuevisse,
634 2266 756 2306 altero
786 2271 964 2320 proximo
993 2269 1056 2307 die
1083 2270 1156 2320 ipsi
1185 2269 1293 2320 apud
1322 2265 1394 2306 τὸν
1421 2269 1539 2308 δἐἷνα

108 2315 353 2368 epulandum
381 2332 474 2357 esse.
532 2319 768 2359 Conferatur
794 2322 902 2361 locus
942 2323 1010 2360 des
1029 2324 1284 2361 verc'inderten
1311 2321 1543 2362 Russlandes

110 2381 154 2421 p.
187 2371 269 2424 59.,
299 2386 417 2424 quem
455 2387 576 2425 supra
603 2375 653 2412 ad
682 2389 722 2427 p.
748 2389 864 2426 222,
904 2377 974 2414 ubi
1002 2377 1051 2415 de
1079 2376 1184 2415 ludis
1215 2377 1393 2415 Gothicis
1422 2377 1503 2416 dixi
1528 2406 1542 2427 ,

105 2423 239 2463 attuli.
294 2425 497 2479 Reliquias
515 2426 600 2466 illas
628 2443 709 2467 esse
737 2438 915 2469 veterum
942 2430 1228 2478 Saturnalium,
1259 2431 1374 2482 faci-le
1402 2428 1542 2484 liquet,

110 2483 152 2516 et
178 2478 321 2519 hilaria
348 2480 417 2519 illa
443 2495 525 2519 non
552 2489 634 2520 tam
647 2482 831 2532 Romulo,
862 2498 982 2537 quam
1012 2485 1083 2536 ipsi
1110 2497 1243 2523 rerum
1270 2493 1308 2524 et
1334 2483 1545 2526 hominum

112 2538 281 2573 naturae
309 2535 431 2574 tribui
473 2535 633 2574 debent.
692 2539 880 2576 Homines
926 2538 1150 2576 litterarum
1178 2539 1295 2578 rudes
1329 2547 1367 2578 et
1405 2539 1545 2594 longas

113 2583 302 2627 hibernas
328 2597 462 2628 noctes
490 2589 626 2628 fallere
668 2591 939 2644 voluptatibus
966 2593 1133 2632 eruditis
1160 2595 1377 2633 nescientes
1404 2602 1545 2648 torpo-

106 2652 233 2692 reque
260 2649 300 2681 et
331 2643 479 2682 desidia
506 2644 685 2684 videntes
713 2648 750 2684 vi
781 2660 890 2684 orem
930 2649 1108 2699 corporis
1136 2648 1293 2698 minui,
1321 2648 1540 2702 epulando,

111 2692 315 2747 saltando,
346 2698 512 2737 iocando
527 2729 537 2746 ,
567 2699 733 2753 ridendo
756 2661 896 2754 {ongass
923 2715 1106 2754 vesperas
1133 2702 1332 2743 ducebant
1357 2704 1543 2744 brevian-

165 2779 426 2816 Constantinus
446 2785 619 2830 Porphyr.
652 2787 727 2819 Vol.
752 2786 799 2819 ΙΙ.
1237 2787 1281 2832 45
