1884 3132
333 129 445 197 204
642 144 715 185 ιο.
758 142 864 185 mc.
905 144 1099 184 amsxn
1139 122 1516 188 communit

334 247 536 290 coloribus
564 244 879 285 maculositatem
897 275 908 296 ‚
948 246 1370 295 nonuniformitatem,
1413 243 1487 300 τὴν
1514 245 1778 303 ποικιλότητα

334 300 480 346 eoloris
508 309 622 341 notat
637 305 655 341 ‘?
715 295 948 355 ὁίρόὸινος,
984 315 1161 356 sparsum
1189 303 1352 341 maculis
1378 304 1510 353 roseis,
1550 299 1779 357 χρυσόκλα-

334 361 421 412 βον,
450 359 577 397 aureis
604 358 730 396 clavis
757 365 957 405 ornatum,
991 355 1055 396 vcl
1082 372 1200 397 aureo
1228 359 1358 397 clavo.
1415 358 1456 398 Si
1483 373 1624 412 nempe
1643 359 1782 401 clavus

334 429 407 469 pro
436 414 555 466 longa
589 413 665 452 lata
694 414 827 452 taenia
863 427 1065 466 purpurea
1102 412 1168 451 vel
1196 428 1318 452 aurea
1346 420 1542 453 sumatur.
1599 415 1678 454 Sed
1704 430 1782 468 pu-

334 478 424 510 tant
454 470 528 508 viri
569 469 677 508 docti
707 469 842 508 clavos
873 469 994 507 fuisse
1034 468 1187 518 nodos,
1229 468 1434 520 cii-cellos,
1475 469 1622 524 quibus
1652 479 1786 511 vestes

338 533 447 566 arcte
468 524 519 563 ad
542 539 688 578 corpus
711 524 1015 578 adstringuntur
1036 554 1046 572 ,
1077 525 1356 572 continentur,
1387 525 1570 580 Kniipfi,
1601 526 1670 565 des
1698 528 1784 567 bou-

334 591 435 621 tons.
492 580 659 620 Veteres
691 588 862 634 gestasse
895 578 994 618 tales
1026 580 1067 617 in
1094 581 1269 618 vestibus
1292 581 1444 631 nodos,
1484 580 1618 621 saltim
1650 575 1785 622 minu-

337 644 402 676 tae
426 637 543 676 sortis
568 636 764 685 homines,
795 643 840 674 ut
868 635 1026 682 milites,
1060 636 1306 688 apparitores
1330 644 1425 687 etc.‚
1446 644 1612 690 apparet
1637 651 1683 677 ex
1704 639 1786 678 Me·
1850 626 1856 635 ’

338 693 500 746 nologio
533 691 730 731 Basiliano
762 693 813 730 T.
844 691 895 729 II.
925 706 965 744 p.
1001 689 1089 742 145.
1121 692 1243 730 Goar.
1282 692 1334 730 ad
1360 691 1600 745 Theophan.
1625 707 1666 746 p.
1688 708 1783 748 207.

336 749 391 789 A.
418 763 459 803 7.
517 746 687 796 κλαβιόν
717 748 1003 800 interpretatur
1036 747 1198 786 circulus
1227 754 1266 786 et
1290 748 1358 786 Du
1383 747 1516 802 Gange
1547 750 1788 814 χρυσοκλα..

337 799 537 857 βαρικόν,
566 803 733 842 circellis
761 804 889 841 aureis
922 811 1103 841 ornacum
1119 831 1132 851 ‚
1167 804 1179 853 (
1193 801 1326 842 Gloss.
1356 804 1430 842 Gr.
1457 817 1500 843 v.
1527 801 1631 855 ’.Ληρ
1649 835 1662 855 ,
1689 818 1785 858 pag.

337 860 406 900 53.
427 861 452 910 ,)
497 860 605 897 Goar
630 866 764 897 autem
793 859 844 897 ad
872 858 1016 897 Codin.
1037 872 1129 912 pag.
1156 858 1225 908 45.
1257 860 1299 897 in
1320 860 1498 913 mar-gine
1519 860 1642 899 vertit
1669 874 1788 915 opere

332 915 506 971 phrygio
535 929 632 953 auro
660 915 799 953 ductili
828 916 992 969 pictum.
1034 914 1150 952 Conf.
1181 914 1286 953 idem
1311 929 1353 967 p.
1381 913 1449 970 47.
1478 929 1521 954 n.
1547 915 1589 954 5.
1615 922 1655 954 et
1671 916 1790 955 initio

339 971 479 1024 capitis
508 968 549 1021 4.
576 985 618 1022 p.
644 971 710 1010 50.
743 965 958 1015 κλαηωτός
986 970 1115 1022 (quod
1144 970 1249 1008 idem
1271 978 1393 1022 atque
1417 966 1658 1021 κλαβωτὸς)
1693 985 1787 1011 ver-

341 1028 391 1066 tit
408 1025 494 1077 filis
520 1026 652 1063 set-icis
680 1040 776 1064 auro
806 1027 911 1064 tectis
939 1034 1081 1064 temtus.
1140 1024 1180 1079 *[
1194 1026 1288 1064 Vid.
1321 1027 1388 1064 Du
1423 1026 1575 1065 Fresne
1601 1025 1652 1067 ad
1675 1027 1788 1066 loin-

339 1071 428 1122 vill.
457 1096 500 1134 p.
524 1078 671 1134 295.]*
730 1081 885 1119 Verum
917 1095 998 1119 non
1021 1082 1286 1120 meminerant
1316 1082 1394 1120 viri
1423 1081 1561 1131 docti,
1591 1081 1692 1135 quid
1705 1080 1789 1121 cla-

341 1151 419 1177 vus
447 1143 564 1176 esset.
595 1137 671 1175 Est
694 1150 836 1189 nempe
867 1135 971 1187 lata,
1002 1151 1072 1175 seu
1096 1136 1249 1190 lignum
1273 1137 1437 1190 longum
1454 1167 1465 1184 ,
1496 1136 1670 1190 gracile,
1705 1151 1788 1177 non

340 1192 560 1232 admodum
593 1191 720 1230 latum
738 1222 748 1238 ,
790 1191 859 1230 sed
885 1206 957 1244 per
984 1194 1119 1230 omnia
1156 1193 1333 1231 ciusdem
1362 1193 1551 1231 crassitiei
1584 1199 1623 1231 et
1651 1191 1791 1232 latitu-

340 1248 464 1287 dinis.
521 1246 643 1286 Unde
670 1247 749 1285 lata
775 1247 909 1286 taenia
932 1261 1133 1300 purpurea
1158 1249 1316 1286 tunicae
1339 1255 1542 1301 praetexta
1572 1248 1707 1287 clavus
1728 1248 1790 1287 ‘di-

341 1311 407 1343 cta
446 1303 537 1342 fuit.
596 1303 724 1341 Docte
760 1303 870 1341 vocis
911 1303 1239 1357 significationem
1275 1305 1455 1357 exposuit
1486 1302 1702 1342 Salmasius
1737 1303 1789 1342 ad

341 1359 430 1398 Ser.
461 1359 514 1397 H.
547 1358 656 1411 Aug.
689 1360 740 1397 T.
763 1359 796 1396 I.
825 1373 916 1412 pag.
949 1373 1043 1412 279.
1075 1373 1162 1412 sqq.
1181 1389 1192 1409 ‚
1236 1359 1306 1397 ubi
1337 1359 1474 1412 docuit
1501 1358 1599 1412 quid
1625 1359 1788 1408 clavus,

341 1415 441 1472 quid
469 1429 598 1453 cursus
626 1415 840 1453 clavularis
856 1444 868 1464 ,
897 1414 995 1468 quid
1018 1415 1199 1469 plaustra
1227 1415 1450 1454 clavcdaria
1479 1414 1660 1454 fuissent.

453 1471 499 1508 B.
521 1470 598 1508 ult.
621 1469 708 1523 [99‚
735 1469 816 1523 15.]
844 1468 1086 1521 χειμευτοῦ.
1115 1470 1409 1523 Exponendum
1434 1469 1534 1508 mihi
1559 1483 1688 1523 quum
1707 1483 1797 1509 esse

341 1527 513 1565 sentiam
541 1526 591 1563 de
614 1539 657 1563 re
677 1526 850 1564 obscura
868 1556 878 1572 ,
911 1532 950 1564 et
980 1526 1231 1578 attingendas
1253 1533 1357 1565 artes
1377 1525 1477 1566 mihi
1499 1539 1664 1579 prorsus
1683 1526 1793 1579 igno,-

342 1589 404 1621 tas
421 1611 432 1631 ,
462 1583 667 1634 picturam
688 1595 831 1634 nempe
866 1581 973 1620 illam
989 1611 1000 1631 ,
1030 1595 1134 1634 quae
1165 1581 1385 1620 smaltitum
1412 1580 1476 1620 vel
1503 1582 1625 1620 email
1651 1579 1790 1634 appel-

341 1635 476 1684 latur,
507 1638 669 1676 veniam
699 1638 832 1676 statim
854 1637 895 1675 in
917 1637 1096 1690 ingressu
1125 1637 1244 1676 huius
1265 1637 1544 1690 disputationis
1566 1636 1791 1689 deprecor,

344 1695 378 1732 si
405 1693 456 1732 de
485 1692 606 1731 rebus
633 1693 916 1746 incompertis,
947 1700 994 1732 ut
1024 1707 1166 1731 coecus
1182 1722 1195 1742 ,
1222 1693 1332 1747 quod
1357 1693 1399 1731 in
1425 1691 1642 1746 proverbio
1659 1693 1789 1742 aiunt,

342 1748 396 1788 dc
423 1748 624 1787 coloribus
655 1748 832 1801 disputo.
890 1749 1088 1788 scribitur
1115 1748 1236 1787 modo
1263 1744 1513 1800 χειμευτὸν,
1552 1747 1690 1789 moda
1707 1761 1792 1798 χυ-

344 1801 528 1855 μευτὸν,
575 1811 793 1857 utrumque
833 1811 954 1843 recte.
1013 1805 1113 1843 Nam
1155 1805 1188 1843 si
1224 1799 1387 1855 χειμών
1431 1804 1578 1842 dicitur
1610 1817 1634 1841 a
1675 1801 1790 1854 χέω,

344 1867 477 1913 potest
500 1874 661 1912 quoque
687 1863 818 1911 χεῖμα
847 1860 999 1899 dictum
1017 1860 1160 1907 fuisse,
1192 1859 1376 1912 quamvis
1405 1857 1588 1909 κέχυμαι
1607 1858 1794 1911 frequen·

344 1922 454 1953 tetur
481 1916 523 1953 in
553 1914 691 1963 libris,
735 1915 843 1954 unde
867 1911 1092 1967 χυμευτόν.
1147 1916 1202 1953 Et
1230 1928 1324 1953 sane
1355 1911 1470 1968 χήρᾳ
1501 1910 1793 1965 περιχειμὲνον

345 1968 449 2023 εὕνῇ
489 1972 584 2023 (pro
616 1970 951 2022 περικεχειμὲνον
989 1970 1054 2011 vel
1088 1968 1434 2022 περικεχυμένον)
1472 1969 1571 2008 dixit
1610 1967 1796 2014 Herodes

346 2025 509 2064 Atticus
546 2028 588 2065 in
629 2026 890 2065 Dedicatione
935 2034 1089 2065 statuae
1121 2024 1296 2079 Regillae
1336 2038 1440 2064 vers.
1477 2039 1568 2076 12.,
1608 2024 1680 2073 ubi
1709 2037 1792 2063 non

349 2095 451 2134 opus
479 2089 564 2120 erat
591 2081 784 2120 salmasio
813 2095 1006 2135 reponere
1038 2079 1334 2130 περικειζιιενον.
1391 2079 1496 2119 Nam
1522 2079 1792 2133 περιχεῖσθαι

348 2136 460 2191 εῧνῇ,
498 2152 578 2176 sese
613 2137 921 2189 circhficndet‘e
942 2137 1138 2189 stragulis,
1172 2135 1340 2175 verbum
1369 2137 1410 2173 in
1439 2150 1486 2174 ea
1513 2150 1557 2174 re
1581 2134 1791 2188 proprium

348 2199 422 2231 est.
479 2193 575 2231 Vid.
607 2192 756 2231 Athen.
790 2207 831 2245 p.
850 2191 947 2243 484.
969 2194 1015 2231 Β.
1048 2186 1269 2230 ἀναπαύου
1293 2190 1452 2242 μικραῖς
1473 2184 1789 2242 περιχεάμενος.

349 2247 548 2286 Dixerunt
587 2256 741 2287 veteres
776 2247 896 2299 χῦμα
938 2262 1019 2286 non
1058 2254 1216 2285 tantum
1259 2246 1455 2299 liquidum
1497 2243 1675 2300 aliquid,
1722 2244 1793 2283 sed

349 2305 471 2341 etiam
510 2317 679 2342 massam
714 2302 908 2352 solidam,
949 2304 1061 2342 cuius
1092 2302 1318 2355 superficies
1347 2302 1592 2355 aequabilis,
1637 2299 1791 2344 nitida,

352 2358 464 2396 velut
491 2361 642 2397 vitrum
671 2366 742 2398 aut
768 2358 910 2412 glacies
939 2366 1054 2398 esset.
1113 2358 1175 2396 Ita
1201 2357 1420 2410 Sophocles
1440 2357 1548 2410 apud
1573 2354 1791 2395 stobaeum

351 2413 394 2451 in
422 2413 583 2467 Eclogis
611 2415 813 2454 Grotianis
841 2429 882 2467 p.
913 2415 1006 2454 263.
1040 2409 1182 2466 χυμὸν
1221 2412 1394 2466 appellat
1434 2426 1577 2468 aquam
1611 2410 1792 2463 congela-

351 2476 460 2517 tam,
506 2477 706 2508 accretum
735 2471 868 2523 digitis
895 2470 1032 2523 glaciei
1062 2468 1234 2507 frustum
1256 2498 1266 2518 ‚
1306 2472 1483 2507 amorem
1542 2466 1654 2506 laciei
1683 2479 1794 2504 com-

353 2537 515 2575 parans.
575 2526 755 2564 Dubium
783 2527 928 2579 igitur,
956 2519 1169 2578 χυμευτὸν
1196 2525 1298 2562 sitne
1326 2523 1394 2574 id,
1423 2536 1504 2576 quo
1561 2521 1692 2560 Latini
1716 2535 1794 2560 me·

355 2578 423 2616 dio
451 2592 550 2618 aevo
561 2582 691 2630 fies-ile
720 2581 997 2635 appellabant,
1040 2579 1082 2618 id
1111 2586 1192 2628 est,
1222 2593 1303 2617 non
1333 2593 1473 2632 cusum
1501 2576 1645 2616 malleo
1673 2575 1793 2615 didu-

353 2640 546 2686 ctumque
574 2637 646 2686 vi,
685 2637 753 2676 sed
782 2651 826 2676 ex
865 2637 1045 2676 fervente
1078 2634 1231 2688 liquido
1266 2633 1426 2673 metallo
1463 2647 1545 2672 una
1571 2631 1726 2671 fusione
1753 2631 1795 2673 in

357 2687 532 2727 debitam
561 2689 731 2730 formam
760 2699 974 2743 coactum3
1005 2702 1059 2730 an·
1081 2691 1132 2730 sit
1155 2690 1346 2739 eiusmodi
1375 2689 1635 2741 compositio,
1663 2685 1794 2741 qualis

357 2751 467 2796 erat,
495 2745 660 2786 testibus
687 2747 916 2787 auctoribus
934 2779 945 2796 ‚
988 2746 1056 2787 illa
1085 2759 1222 2786 mensa
1249 2759 1359 2785 sacra
1375 2774 1387 2797 ‚
1434 2759 1457 2784 a
1487 2745 1706 2787 Iustiniauo
1731 2735 1794 2786 M.
