1884 3132
341 119 452 193 876
653 137 725 178 ιο.
768 137 870 179 1Ac.
911 139 1102 179 RmsKn
1139 134 1514 180 comm-:mnu

341 243 478 282 stolam
502 271 512 287 ‚
554 250 717 295 portans
752 240 895 285 libram
917 241 1222 293 evangeliorum,
1254 251 1292 282 et
1319 257 1406 282 cum
1429 257 1474 282 eo
1501 243 1571 298 qui
1599 238 1772 282 dicturus

341 307 397 337 est
421 297 621 352 epistolam
649 296 842 335 Graecam
857 325 870 345 ,
905 305 1044 350 etpost
1077 310 1141 334 eos
1160 297 1230 350 qai
1255 297 1418 336 lecttmcs
1442 305 1500 337 est
1527 296 1768 350 evangelium

346 352 540 391 Graecum
555 380 567 401 ‚
595 350 770 389 Diaconi
789 350 1020 389 Cardinales
1043 359 1250 405 sequantur
1274 352 1411 392 ordine
1427 360 1494 392 suo
1509 381 1520 400 ,
1548 353 1649 391 inter
1674 364 1771 406 quos

344 409 412 446 ille
453 416 507 446 est
525 435 538 456 ‚
589 406 658 460 qui
693 406 864 443 dicturus
902 414 957 444 est
993 406 1252 458 evangelium.
1314 406 1424 460 *[De
1465 420 1580 461 prosa
1621 407 1774 445 Graeca

345 477 478 502 coram
506 460 689 514 pontifice
715 461 895 498 Romano
923 474 1014 498 cum
1043 461 1140 502 ΧΗ.
1159 460 1436 500 cardinalibus
1461 469 1655 515 tanquam
1681 474 1776 500 cum

347 518 445 556 XlI.
477 515 680 569 Apostolis
707 514 964 553 accumbente
990 514 1197 554 decantata
1222 530 1262 558 v,
1291 517 1395 556 Ord.
1424 517 1595 559 Roman.
1622 530 1663 569 p.
1690 515 1780 567 187.

344 572 583 626 Rothomagi
600 583 735 610 versus
746 570 910 609 ultimus
919 569 1079 609 litaniae
1098 571 1272 610 Graecus
1289 579 1360 615 est.
1377 571 1551 611 Moleon.
1573 586 1614 626 p.
1634 568 1774 624 545.]*

349 628 441 681 Ipso
470 628 672 680 superiore
700 640 829 674 anno,
862 639 996 664 mense
1018 626 1125 663 Maio
1143 633 1239 678 puta
1268 625 1323 665 A.
1358 627 1503 680 1752.‚
1534 625 1776 665 nuntiabant

348 682 530 736 publicae
557 679 735 720 novellae
753 711 764 730 ‚
792 681 978 724 Parisiis.
1009 681 1049 718 ni
1076 680 1193 720 fallor
1215 710 1227 731 ‚
1255 681 1308 720 ab
1335 680 1403 720 illa
1429 683 1612 721 societate
1633 711 1645 732 ‚
1674 693 1778 734 quae

350 740 528 790 captivos
558 736 803 775 Christianos
833 750 855 773 a
883 737 1020 789 piratis
1049 735 1228 775 Turcicis
1258 736 1416 775 redimit
1436 765 1448 786 ‚
1478 738 1637 776 missam
1654 735 1779 774 Grae-

351 807 439 832 cam
477 793 597 831 fuisse
625 791 861 830 celebratam
877 820 888 841 ‚
927 791 1027 829 forte
1054 804 1099 828 ex
1139 797 1273 830 vetere
1300 792 1494 835 instituto.
1548 791 1782 831 Sermonem

353 850 549 887 Graecum
591 847 741 885 Romae
781 845 910 884 adhue
949 845 1104 884 saeculo
1141 846 1217 885 XI.
1242 848 1282 884 in
1311 860 1388 885 usu
1409 876 1420 892 ‚
1451 853 1521 886 aut
1546 846 1677 900 potius
1708 858 1785 898 pro

332 902 515 941 ,illorum
551 909 777 954 temporum
805 901 983 939 Gothicis
1025 907 1066 939 et
1092 902 1267 940 onerosis
1297 901 1499 950 moribus,
1527 903 1596 955 qui
1625 899 1784 939 affecta-

354 959 504 997 tionem
531 965 570 995 et
597 955 809 995 ridiculum
836 956 1000 994 mimum
1028 963 1148 1008 atque
1176 956 1319 995 fastum
1357 955 1476 996 rebus
1519 958 1562 995 in
1599 955 1784 994 omnibus

354 1012 629 1052 monstrabant
645 1039 658 1061 ,
686 1013 874 1049 iactatum
901 1009 1019 1049 fuisse
1041 1040 1052 1060 ‚
1088 1017 1253 1063 apparet
1273 1024 1318 1049 ex
1335 1010 1472 1050 tabula
1490 1011 1651 1050 xvssl.
1681 1012 1779 1048 tomi

354 1070 475 1122 primi
523 1068 874 1105 Monumentorum
908 1072 1159 1104 vetustorum
1187 1065 1385 1118 Ciampini
1421 1080 1462 1118 p.
1483 1065 1549 1107 35.
1578 1061 1750 1103 exhibita
1770 1092 1784 1112 ‚

356 1137 460 1177 quae
504 1122 712 1174 imaginem
751 1121 852 1159 sistit
887 1133 1101 1159 aenearum
1146 1118 1352 1159 valvarum
1384 1119 1568 1159 ecclesiae
1594 1119 1640 1159 S.
1669 1117 1785 1159 Pauli

358 1185 470 1217 extra
498 1190 631 1215 muros
665 1175 807 1225 Urbis,
847 1175 888 1213 in
919 1174 1064 1213 multas
1092 1189 1202 1214 areas
1227 1173 1435 1228 parallelas
1464 1174 1682 1214 divisarum
1703 1203 1714 1221 ‚
1746 1181 1788 1213 et

359 1232 596 1286 imaginibus
623 1231 861 1270 Sanctorum
887 1229 1141 1282 histori1sque
1167 1229 1347 1276 himinis,
1372 1229 1463 1269 rudi
1480 1229 1589 1268 caelo
1605 1228 1787 1282 designa-

359 1290 410 1328 tis
428 1317 440 1337 ‚
478 1285 800 1338 inscriptionibus
838 1284 1010 1338 denique
1050 1284 1228 1338 plurimis
1269 1285 1430 1325 Graecis
1450 1315 1462 1337 ‚
1500 1283 1569 1324 sed
1597 1284 1791 1337 adspersis

359 1357 520 1397 quoque
547 1342 723 1386 Latinis,
755 1342 877 1378 immo
910 1347 950 1378 et
988 1339 1165 1380 Arabica
1203 1354 1285 1379 una
1322 1347 1362 1380 et
1402 1339 1526 1380 altera
1552 1338 1786 1378 obsitarum.

360 1401 455 1450 Quo
485 1398 524 1436 in
555 1403 698 1449 ectypo
715 1394 961 1448 idiographia
989 1395 1142 1434 Graeca
1172 1395 1283 1434 istius
1310 1395 1396 1434 aevi
1426 1408 1518 1434 cum
1544 1393 1791 1448 idiographia

362 1461 589 1493 nostrarum
617 1450 939 1489 membranarum
967 1451 1146 1502 apprime
1165 1447 1404 1489 conveniens
1422 1450 1623 1489 observari
1648 1455 1792 1502 potest.

363 1509 541 1548 Mixtura
569 1506 710 1545 Graeci
738 1512 777 1545 et
815 1505 946 1544 Latini
974 1507 1179 1544 sermonis>
1197 1512 1363 1559 apparet
1398 1507 1440 1544 in
1478 1505 1595 1544 huius
1631 1501 1795 1543 tabulae

365 1591 456 1618 area
487 1577 553 1627 54.
571 1607 583 1627 ,
613 1577 682 1615 ubi
713 1571 733 1613 ὃ
755 1569 870 1627 ἅγιος
887 1573 1084 1623 Μώυσις,
1108 1582 1147 1614 et
1163 1589 1253 1614 area
1277 1576 1362 1627 35„
1394 1572 1465 1614 ubi
1493 1567 1514 1612 ὅ
1545 1569 1663 1627 ἅγιος
1680 1561 1796 1626 Zet-(3,

365 1634 408 1673 id
435 1640 493 1672 est
523 1631 689 1681 David,
718 1630 904 1669 volumen
931 1637 1068 1668 tenens
1094 1631 1333 1683 conspicitur
1360 1644 1451 1670 cum
1480 1629 1679 1668 inexarata
1705 1643 1797 1669 sen-

364 1690 490 1728 tentia
515 1702 526 1725 :
557 1686 680 1732 Audi,
684 1686 803 1741 filia,
834 1695 871 1724 et
889 1685 980 1723 vide
1002 1694 1039 1724 et
1059 1686 1205 1723 inclina
1213 1699 1360 1724 aurem.
1379 1686 1453 1724 Est
1471 1682 1618 1722 ibidem
1636 1697 1800 1737 quoque

369 1743 415 1788 SA.
445 1743 629 1781 Ieremias
657 1755 748 1779 cum
775 1739 893 1779 titulo
919 1741 1070 1778 Graeco
1099 1747 1138 1778 et
1165 1739 1367 1778 volumine
1394 1739 1545 1777 Latinis
1567 1738 1706 1777 litteris
1732 1742 1797 1777 in-

368 1799 532 1850 scripto.
589 1796 752 1834 Possem
781 1795 846 1834 hic
875 1795 923 1834 de
953 1796 1124 1833 nummis
1151 1809 1264 1846 agere
1293 1809 1338 1832 ex
1367 1808 1447 1832 una
1490 1800 1605 1846 parte
1646 1795 1799 1833 Graece

369 1851 433 1891 vel
464 1851 584 1890 etiam
613 1850 783 1889 Arabice
801 1879 811 1899 ‚
848 1863 892 1888 ex
921 1849 1044 1888 altera
1071 1849 1211 1887 Latine
1239 1850 1451 1901 inscriptis.
1506 1847 1583 1887 Sed
1611 1847 1731 1887 redeo
1747 1847 1802 1887 ad

370 1912 647 1960 argumentum
689 1919 834 1944 meum.
894 1905 1046 1942 Latinis
1077 1905 1210 1956 itaque
1253 1902 1396 1942 licebat
1433 1903 1624 1956 episcopis
1673 1902 1801 1941 CPlin

372 1960 622 2001 venientibus
664 1960 825 2013 publice
865 1959 999 2012 lingua
1043 1973 1113 1997 sua
1154 1961 1194 1996 in
1233 1958 1403 1997 ecclesiis
1441 1958 1605 1996 Graecis
1643 1958 1802 1996 missam

371 2015 585 2056 celebrare.
615 2015 868 2053 Marcellinus
897 2014 1034 2052 Comes
1064 2020 1215 2061 narrat,
1246 2013 1434 2051 Ioannem
1459 2013 1684 2051 Romanum
1701 2025 1806 2064 pon-

373 2071 536 2118 tificem,
573 2069 687 2108 Anno
705 2068 797 2109 525.
815 2068 939 2107 CPlin
969 2069 1118 2107 venisse
1143 2070 1323 2120 miroque
1349 2067 1501 2106 honore
1530 2081 1555 2105 a
1582 2066 1806 2106 Iustmiano

374 2125 478 2176 Imp.
518 2131 721 2177 exceptum
754 2124 893 2170 fuisse,
937 2131 974 2162 et
1010 2123 1194 2161 dextrum
1237 2124 1381 2161 dextro
1413 2121 1593 2160 insedisse
1624 2122 1805 2160 ecclesiae

375 2179 473 2216 solio
487 2207 498 2223 ‚
526 2179 706 2232 diemque
733 2179 1017 2216 resurrectionis
1037 2177 1191 2216 domini
1204 2179 1325 2216 nostri
1336 2178 1457 2230 plena
1490 2189 1584 2215 voce
1623 2176 1807 2214 Romana

372 2233 553 2288 precibus
579 2234 801 2271 celebrasse.
859 2233 919 2270 Ita
951 2246 1110 2285 quoque
1138 2232 1303 2270 Ioannes
1322 2232 1524 2270 Diaconus
1545 2230 1585 2268 in
1604 2229 1810 2269 Chronico

378 2287 639 2339 Neapolitano
667 2302 708 2340 p.
728 2286 819 2326 506.
846 2287 980 2332 refert,
1013 2286 1160 2340 legatos
1188 2287 1355 2325 Romani
1391 2284 1598 2323 Pontificis
1626 2291 1809 2323 sanctum

379 2341 554 2380 officium
593 2342 646 2380 in·
685 2341 844 2380 ecclesia
876 2342 1038 2380 CPtana
1074 2343 1213 2380 Latine
1254 2339 1470 2380 celebrasse
1505 2346 1544 2392 et
1572 2338 1810 2392 Imperatori

379 2397 639 2435 Constantino
680 2396 885 2448 Pogonato
932 2396 1073 2434 Latine
1120 2395 1255 2435 laudes
1296 2395 1450 2434 dixisse.
1513 2394 1640 2432 Tanta
1679 2393 1811 2445 gratia

379 2452 523 2502 legatos
564 2451 774 2489 catholicae
804 2452 915 2504 pacis
964 2451 1156 2488 subsecuta
1173 2451 1286 2501 ficit,
1316 2459 1357 2488 ut
1381 2448 1438 2487 ad
1463 2449 1652 2486 laeticiam
1668 2447 1814 2501 populi

380 2505 549 2543 Ioannes
580 2505 803 2544 Portaensis
832 2506 1039 2558 episcopus,
1064 2505 1134 2559 qai
1152 2514 1235 2542 erat
1257 2518 1354 2542 unus
1374 2517 1428 2541 eac
1448 2503 1565 2557 ipu's,
1590 2501 1812 2540 Dominica

388 2559 630 2597 octavarum
674 2558 852 2597 Paschae
890 2561 1024 2596 missas
1053 2559 1228 2613 publicas
1271 2560 1311 2597 in
1352 2557 1511 2595 ecclesia
1543 2554 1588 2592 S.
1641 2554 1814 2609 Sophiae

383 2627 518 2651 coram
542 2613 725 2667 principe
749 2622 791 2651 ec>
804 2613 1034 2666 patriarcha
1059 2613 1199 2651 Latine
1219 2613 1426 2651 celebraret
1439 2639 1451 2658 ‚
1483 2618 1522 2647 et
1553 2622 1683 2647 omnes
1709 2623 1814 2648 una-

385 2667 544 2705 nimiter
562 2669 602 2705 in
633 2667 767 2706 laudes
793 2669 978 2706 creatoris
998 2676 1035 2705 et
1054 2667 1340 2721 Imperatorum
1374 2664 1477 2703 idem
1491 2663 1643 2701 Latinis
1659 2664 1816 2702 vocibus

389 2721 663 2761 acclamarent.
717 2722 913 2774 Quamvis
940 2722 1045 2763 idem
1073 2721 1178 2761 dicat
1191 2751 1205 2774 ,
1250 2727 1319 2760 aut
1343 2718 1475 2774 potius
1500 2724 1650 2771 repetat
1676 2731 1722 2757 ex
1746 2715 1818 2757 illo
