1884 3132
257 132 376 187 666
547 151 620 193 10.
660 150 766 194 mc.
810 153 1005 194 masau
1046 152 1443 197 COMMENTARn-
1502 156 1506 157 ⁷

258 269 352 305 am,
379 254 541 302 sinistra
585 270 744 300 crucem
773 256 905 307 ferre,
948 264 988 296 et
1029 272 1072 311 p.
1097 258 1163 298 58.
1187 258 1233 297 B.
1263 273 1298 300 1.
1342 261 1446 312 gerit
1473 259 1575 313 Imp.
1606 275 1703 302 ane·-

261 311 452 349 xicacmm
498 310 663 362 dextra,
701 312 921 364 scipionem
958 312 1127 353 humero
1179 314 1339 353 sinistro
1396 315 1706 356 incumbentem.

260 366 414 404 Contra
427 380 522 404 vero
552 381 592 419 p.
618 366 716 419 443.
737 368 782 406 Β.
803 367 844 406 8.
864 367 952 407 loco
981 368 1100 421 paulo
1128 376 1220 409 ante
1248 372 1370 409 citato
1396 370 1556 409 inverso
1587 371 1707 411 modo

262 420 402 459 dextra
431 436 618 470 crucem,
668 422 826 461 sinistra
853 423 1026 462 acaciam
1055 424 1170 476 gerit.
1227 425 1293 464 Sic
1321 438 1482 478 quoque
1509 425 1708 465 Constan*

261 476 372 515 tinus
400 478 455 516 M.
488 478 530 515 iu
564 477 790 531 Menologio
819 478 1015 517 Basiliano
1045 479 1097 518 T.
1123 480 1180 519 11.
1213 495 1257 534 p.
1287 494 1376 519 112.
1404 481 1583 533 pingitur
1609 481 1709 520 sini-

263 537 347 570 stra
373 546 495 570 manu
520 539 676 571 tomum
715 533 977 572 convolutum
1010 548 1166 587 gerens.
1234 536 1317 575 Leo
1345 536 1405 574 M.
1451 542 1586 574 autem
1622 537 1710 590 pri-

263 600 355 625 mus
373 616 386 638 ,
416 588 446 626 si
476 595 583 626 recte
611 588 851 639 observavi,
881 591 922 628 in
951 591 1125 628 nummis
1149 604 1304 642 eorum,
1341 589 1409 644 qui
1438 592 1612 630 acaciam
1641 597 1713 630 aut

264 641 346 680 tale
374 643 472 696 quid
501 651 645 697 gerunt
663 673 675 693 ‚
717 645 759 683 in
800 659 966 684 nummo
995 652 1139 698 quarto
1167 646 1274 699 apud
1303 646 1369 684 Du
1399 644 1596 699 Cangium
1629 645 1714 685 Fa-

267 697 354 736 mil.
389 699 486 752 Byz.
518 714 560 751 p.
583 713 651 753 77.
680 699 830 738 tamab
859 702 1006 749 antica,
1036 714 1196 753 quama
1224 702 1374 755 postica
1400 700 1587 740 volumen
1619 700 1715 740 dex-

266 759 330 791 tra
351 783 361 802 ,
403 768 563 793 crucem
597 755 756 794 sinistra
795 757 911 807 gerit.
977 755 1071 794 Pari
1109 757 1230 795 modo
1270 756 1424 797 Phocas
1468 757 1511 794 in
1549 770 1716 796 nummo

265 809 375 862 apud
401 809 467 847 Du
499 809 696 863 Cangium
726 824 752 863 p
797 823 904 864 109.,
936 810 1019 849 Leo
1047 811 1207 850 Isaurus
1235 825 1275 865 p.
1298 812 1408 860 125„
1439 811 1610 851 lsaacius
1629 811 1717 850 An-

266 863 379 916 gelus
407 879 446 917 p.
468 878 559 908 201,
635 865 786 904 Consul
827 867 870 906 in
908 865 1101 919 diptycho
1137 867 1248 920 regio
1288 867 1396 919 apud
1423 866 1491 904 Du
1519 866 1717 920 Cangium

266 919 363 958 diss.
393 919 443 958 de
470 921 645 960 nummis
683 921 765 960 tab.
800 921 833 959 1.
876 921 1093 972 scipionem
1129 921 1382 974 eburneum,
1414 935 1716 974 praecursorem

268 975 400 1013 crucis
418 1005 428 1022 ,
461 975 621 1023 dextra,
655 990 864 1029 mappam,
895 977 1008 1014 cuius
1046 977 1335 1015 succedaneum
1366 977 1498 1015 acacia
1527 976 1632 1028 fuit,
1663 977 1717 1015 si-

269 1031 394 1069 nistra
422 1038 546 1069 tenet.
604 1031 659 1070 Et
690 1033 745 1070 sic
773 1045 934 1084 quoque
963 1030 1100 1070 dextra
1127 1045 1312 1081 crucem,
1342 1033 1501 1071 sinistra
1527 1031 1718 1070 volumen

272 1092 382 1124 tenet
411 1085 696 1125 Constantinus
725 1088 861 1126 Ducas
890 1087 929 1124 in
956 1100 1122 1126 nummo
1153 1086 1261 1139 apud
1292 1087 1358 1125 Du
1388 1087 1582 1139 Cangium
1602 1087 1720 1126 Fam·

270 1155 312 1194 p.
348 1141 452 1193 159„
483 1141 892 1180 ManuelComnenus
921 1156 962 1194 p.
994 1141 1101 1191 ¹68„
1132 1141 1303 1180 Isaacius
1337 1141 1516 1194 Angelus
1544 1156 1585 1194 p.
1604 1155 1718 1191 2οι.,

272 1195 511 1235 Theodorus
541 1197 722 1236 Lascaris
750 1212 792 1250 p.
817 1196 922 1248 218.,
945 1197 1117 1236 Michae‘l
1145 1196 1407 1251 Palaeologus
1435 1211 1478 1249 p.
1500 1197 1608 1248 233„
1630 1197 1723 1236 Ma-

272 1251 367 1290 nuel
401 1251 664 1304 Palaeologus
695 1266 735 1305 p.
763 1251 857 1303 242.

381 1306 460 1345 Sed
488 1321 540 1346 ne
585 1308 703 1345 nimis
745 1307 816 1346 diu
855 1307 1035 1346 minutiis
1076 1304 1359 1347 inhaereamus
1384 1335 1397 1357 ,
1445 1306 1723 1346 demonstran-

271 1361 372 1401 dum
402 1376 510 1401 nunc
538 1369 745 1415 superest,
789 1369 943 1402 veteres
983 1376 1144 1415 quoque
1183 1364 1387 1402 Romanos
1430 1363 1473 1400 iu
1515 1360 1730 1416 publicum<

303 1417 531 1456 rocedentes
559 1418 750 1456 alterutra
780 1432 902 1456 manu
931 1416 1104 1472 aliquid,
1140 1425 1210 1456 aut
1240 1416 1491 1470 manipulum
1508 1447 1518 1464 ‚
1550 1423 1620 1454 aut
1648 1429 1722 1455 vo-

272 1432 411 1511 fumen
441 1472 795 1512 membranaceum
821 1472 976 1512 deferre
1014 1475 1277 1512 consuevisse.
1337 1472 1406 1511 Nil
1434 1471 1613 1525 profecto
1642 1471 1724 1510 fre-

274 1530 462 1582 quentius
507 1529 752 1582 conspicitur
790 1529 833 1567 in
880 1530 1046 1568 vetustis
1089 1527 1383 1575 marmoribus,
1415 1541 1536 1581 quam
1565 1527 1725 1565 sinistra

275 1598 398 1623 manu
427 1583 677 1636 manipulum
708 1591 909 1634 tenentes,
949 1584 1018 1637 qui
1047 1598 1216 1637 mappae
1246 1583 1445 1622 interdum
1473 1582 1613 1621 similis
1637 1588 1722 1630 est,

276 1639 482 1678 interdum
501 1638 607 1678 clare
643 1639 919 1678 membranam
955 1638 1214 1678 convolutam
1233 1638 1406 1677 exhibet.
1434 1637 1607 1689 Adspice
1626 1635 1728 1674 mihi

275 1694 559 1748 philosophum
587 1695 693 1748 apud
711 1695 988 1733 Montfaucon.
1011 1695 1063 1733 T.
1098 1695 1172 1732 ΙΙΙ.
1195 1693 1366 1745 ΑηῗίεῙυ.
1398 1691 1596 1745 Explicat.
1621 1691 1671 1729 T.
1695 1691 1730 1729 Ι.

281 1751 348 1803 fig.
364 1764 420 1800 2.,
437 1751 530 1788 item
550 1749 760 1788 tabulasV.
782 1750 851 1789 Vl.
870 1751 1039 1789 Lucian.
1054 1748 1213 1803 11.467.
1227 1762 1294 1802 92.
1313 1749 1358 1786 ln
1371 1762 1466 1786 arcu
1477 1745 1730 1788 Constantini

276 1807 336 1845 M.
370 1812 409 1844 et
436 1805 652 1844 Theodosii
682 1812 851 1859 uterque
881 1805 1108 1858 Imperator
1151 1811 1261 1843 tenet
1290 1801 1484 1842 rotulum.
1541 1799 1731 1854 Sculptor

276 1860 371 1899 illus
398 1860 570 1899 laminae
605 1874 774 1910 aeneae,
823 1874 927 1913 quae
980 1867 1139 1913 portam
1178 1858 1365 1897 basilicae
1392 1858 1435 1896 S.
1470 1856 1587 1896 Pauli
1619 1863 1730 1895 extra

278 1916 436 1955 Urbem
465 1917 506 1954 in
538 1916 601 1954 via
630 1917 807 1955 Ostiensi
824 1917 923 1968 tegit
941 1945 953 1965 ,
984 1928 1107 1967 quam
1139 1913 1373 1966 Ciampinus
1400 1913 1451 1952 T.
1476 1913 1508 1951 l.
1543 1913 1727 1951 Monam.

280 1972 420 2011 Vetcr.
454 1971 628 2022 exhibet,
659 1985 759 2024 opus
787 1970 935 2010 saeculi
963 1971 1055 2018 XL,
1088 1984 1133 2008 ex
1163 1969 1384 2008 imitatione
1410 1967 1556 2006 veteris
1584 1968 1735 2015 moris,

283 2042 335 2066 an
363 2027 424 2065 sui
457 2041 619 2079 quoque
643 2026 773 2066 adhuc
801 2025 980 2064 rotulum
1008 2025 1128 2064 talem
1159 2032 1320 2073 sancto,
1349 2038 1430 2062 non
1458 2022 1623 2061 memini
1652 2021 1733 2069 cui,

285 2084 327 2121 in
346 2096 490 2121 manus
502 2082 670 2130 dederit,
703 2095 782 2120 non
802 2088 924 2134 patet.
957 2081 1094 2133 Imago
1107 2079 1287 2133 diptychi
1302 2078 1459 2118 Bosiani
1476 2077 1583 2131 apud
1600 2078 1737 2116 Mont-

281 2137 444 2176 faucon.
475 2137 499 2175 l.
523 2137 552 2176 l.
584 2137 670 2175 tab.
688 2136 846 2175 XXVI.
877 2135 1204 2188 conspiciendum
1232 2135 1396 2188 praebet
1422 2135 1464 2172 in
1495 2131 1620 2171 tablio
1648 2130 1737 2184 pal-

281 2191 357 2243 lii,
390 2192 500 2245 qnod
528 2194 665 2245 regina
693 2191 821 2245 gerit,
851 2205 986 2244 regem
1003 2219 1014 2240 ,
1041 2191 1075 2229 F
1078 2191 1255 2239 ranciae‚
1285 2197 1331 2228 ut
1377 2195 1504 2242 puto,
1537 2193 1739 2241 gerentem

283 2247 325 2286 in
353 2247 492 2286 dextra
520 2246 773 2302 manipulum
802 2244 866 2286 vel
885 2259 1091 2298 mappam,
1123 2246 1166 2283 in
1195 2246 1354 2284 sinistra
1373 2244 1588 2297 scipionem
1617 2241 1737 2302 ebur-

283 2317 404 2341 neum
427 2333 437 2349 ‚
471 2303 539 2355 qui
569 2302 620 2341 ad
660 2301 830 2340 formam
859 2303 987 2340 crucis
1016 2300 1167 2339 accedit
1184 2330 1196 2351 ,
1242 2307 1282 2339 et
1310 2301 1351 2338 in
1380 2311 1537 2339 summo
1566 2296 1736 2335 fascicu-

282 2355 367 2396 lum
396 2357 540 2396 florum
569 2371 662 2396 cum
690 2358 1000 2410 superimposito
1039 2369 1159 2410 pomo
1188 2355 1377 2408 praefert.
1439 2352 1675 2404 Ciampinus
1695 2351 1739 2412 i.¹¹

283 2413 407 2451 modo
435 2412 608 2451 laudatis
647 2413 921 2451 monumentis
963 2418 1022 2451 tot
1051 2410 1211 2450 exhibet
1251 2411 1442 2463 imagines
1472 2421 1563 2446 cum
1590 2404 1741 2443 charus

283 2467 599 2506 membranaceis
628 2474 698 2506 aut
732 2468 774 2505 in
803 2466 984 2506 rotulum
1012 2465 1262 2516 convolutis,
1292 2472 1362 2504 aut
1391 2463 1442 2502 ad
1470 2463 1595 2500 instar
1625 2473 1742 2512 map-

284 2535 359 2572 pae
381 2524 620 2575 corrugatis,
650 2529 720 2560 aut
752 2523 944 2575 explicitis
971 2521 1318 2575 dependentibus,
1350 2525 1420 2557 aut
1449 2517 1623 2567 denique
1653 2528 1741 2578 am-

287 2575 417 2615 babus
443 2584 601 2616 tantum
639 2579 825 2616 extremis
866 2577 947 2616 oris
975 2575 1210 2629 complicitis
1239 2582 1279 2614 et
1317 2586 1439 2612 manu
1477 2583 1744 2622 compressis,

289 2629 444 2682 reliquo
474 2639 560 2670 toto
602 2634 692 2670 sinu
731 2632 982 2685 dependente
1001 2660 1014 2684 ,
1065 2639 1110 2670 ut
1137 2644 1263 2684 paene
1309 2629 1442 2680 pigeat
1468 2624 1556 2663 illas
1583 2622 1745 2663 tabulas

288 2684 495 2734 indicare3
539 2686 622 2724 vid.
667 2687 787 2724 Tomi
811 2688 845 2726 Ι.
887 2686 974 2725 tab.
1026 2685 1090 2726 15.
1116 2699 1184 2738 27.
1216 2685 1285 2723 32.
1307 2682 1375 2722 36.
1407 2680 1472 2734 76.
1497 2679 1550 2718 Τ.
1573 2680 1625 2718 ll.
1658 2679 1744 2717 tab.

292 2738 360 2795 45.
382 2739 450 2795 47.
477 2740 540 2779 50.
570 2741 637 2780 52.
657 2741 723 2783 55.
748 2740 815 2795 54.
874 2741 992 2782 eonf.
1019 2742 1169 2782 Murat.
1202 2738 1384 2792 Inscript.
1418 2749 1461 2791 p.
1487 2733 1602 2787 1461.
1621 2734 1742 2775 Com-
