1884 3132
343 114 454 189 594
619 131 694 173 ιο.
737 131 843 174 1Ac.
881 132 1077 173 Rssisxn
1118 132 1498 175 COMMENTARH

338 239 412 277 sini
444 239 483 275 in
522 235 709 290 Append.
740 236 791 275 ad
830 243 945 276 notas
971 238 1142 277 Graecas
1170 238 1262 276 diss.
1303 238 1336 276 1.
1357 251 1398 291 p.
1430 252 1469 292 9.
1494 237 1782 278 demonstravit

338 307 500 347 quoque
530 293 713 345 pluribus
743 292 932 345 exemplis
953 322 964 343 ‚
996 295 1115 331 etiam
1145 292 1326 332 consules
1354 294 1570 346 simplices,
1613 295 1683 346 qui
1710 307 1784 332 ne-

338 362 418 401 que
450 362 626 386 caesares
643 377 653 394 ,
685 361 816 399 neque
844 349 1005 402 augusti
1033 355 1161 386 essent
1177 378 1188 398 ‚
1220 349 1338 386 fuisse
1364 349 1542 387 dominos
1569 357 1717 387 nostros
1744 355 1784 386 et

340 399 548 448 δεσπότας
577 401 695 454 ἡμῶν
738 402 880 441 dictos.
941 403 1008 441 Du
1038 404 1173 456 Gange
1201 405 1242 441 in
1271 404 1377 442 notis
1400 403 1452 441 ad
1483 402 1715 441 Alexiadem
1742 416 1784 454 p.

340 458 435 497 285.
467 459 564 496 citat
591 458 889 510 inscriptionem
919 465 1072 496 statuae
1101 459 1315 497 Dominico
1342 456 1496 511 Sylvio‚
1526 458 1631 496 Duci
1650 458 1784 495 Vene-

337 515 486 551 tiarum
506 542 518 561 ‚
549 515 702 565 positae
730 513 782 550 ob
812 514 1022 551 victoriam
1053 513 1104 552 ab
1145 515 1231 566 ipso
1264 515 1307 551 in
1345 513 1567 552 Robertum
1596 512 1783 551 Guiscar-

338 568 436 607 dum
455 569 561 622 apud
580 567 882 621 Dyrrhachium
901 576 1072 620 partam.
1105 569 1178 608 Est
1196 575 1330 607 autem
1358 567 1458 607 haec
1488 567 1612 607 Anno
1638 566 1751 607 ποθι.
1767 580 1780 605 =

510 633 671 672 obsesso
701 634 830 687 repuli
864 634 1124 672 Guiscardum
1149 635 1284 672 Marce
1316 633 1523 672 Robertum

504 687 760 739 Dyrrachio;
783 690 874 727 hinc
895 689 1096 727 dominnm
1118 704 1178 728 me
1203 698 1320 728 vocat
1337 689 1501 743 praesul
1524 686 1684 727 Aleoezk.

337 751 463 791 Notat
493 753 560 791 Du
599 753 732 806 Cange
770 755 817 800 in
844 755 1035 807 margine,
1067 769 1166 793 voce
1195 755 1396 794 dominum
1428 752 1655 806 designari,
1684 753 1783 791 titu-

336 807 423 846 lum
451 808 649 863 Despotae
676 810 781 846 Duci
793 809 948 848 Veneto
985 811 1222 848 attributum
1263 810 1396 848 fuisse.
1457 808 1582 847 Nimis
1622 806 1786 846 illustris

339 869 426 901 erat
453 864 652 916 Despotae
679 863 819 902 titulus
837 894 848 914 ‚
878 879 997 918 quam
1029 873 1074 904 ut
1092 879 1191 903 >eum
1221 866 1484 918 Imperatores
1503 863 1643 902 Graeci
1680 861 1780 912 aliis,

336 932 410 956 suo
438 919 628 971 sanguine
659 933 740 957 nou
768 920 884 958 cretis
906 950 917 970 ,
947 922 1300 959 communicarent.
1358 920 1458 959 Vult
1478 919 1609 972 potius
1633 917 1780 966 dicere,

338 973 497 1012 Ducem
528 972 641 1012 illum
660 975 860 1013 Venetum
890 975 943 1013 ob
964 977 1192 1028 praestitam
1216 976 1411 1028 egregiam
1432 987 1594 1026 operam
1613 972 1665 1010 ab
1685 971 1783 1011 Ale-

338 1028 402 1066 xio
423 1029 644 1067 Patricium
673 1036 949 1082 nuncupatum
977 1038 1016 1069 et
1045 1029 1192 1081 κυρίου
1212 1060 1222 1077 ,
1250 1031 1418 1079 domini,
1458 1027 1576 1067 titulo
1604 1027 1783 1066 cohone-

338 1089 489 1121 statum
531 1083 668 1121 fuisse.
735 1084 881 1123 Fateor
908 1092 1041 1124 tamen
1078 1087 1206 1123 rarius
1236 1092 1307 1123 aut
1335 1085 1440 1124 forte
1467 1097 1675 1136 nunquam
1703 1081 1781 1121 hoc

338 1151 459 1176 sensu
488 1134 750 1189 κυριώνυμος
786 1142 842 1177 sic
883 1154 1107 1179 occurrere.
1164 1140 1290 1178 Notat
1330 1141 1436 1178 enim
1465 1140 1507 1176 in
1536 1152 1578 1177 se
1606 1151 1682 1176 vox
1713 1136 1782 1177 illa

339 1207 431 1231 eum
449 1223 461 1243 ,
498 1194 567 1245 qui
596 1193 672 1231 hoc
701 1193 766 1232 vel
795 1194 896 1233 illud
928 1210 1074 1234 nomen
1094 1197 1254 1248 proprie
1273 1202 1311 1234 et
1331 1208 1426 1234 vere
1445 1193 1568 1247 gerit,
1597 1199 1780 1245 respectu

339 1247 479 1287 habito
509 1248 559 1286 ad
589 1247 678 1286 illos
694 1277 705 1299 ‚
736 1251 806 1301 qui
836 1250 1051 1303 improprie
1078 1251 1118 1288 id
1146 1258 1289 1303 gerunt
1309 1279 1320 1300 ‚
1350 1257 1419 1288 aut
1447 1248 1547 1287 falso
1565 1248 1641 1287 sibi
1666 1261 1780 1286 arro-

339 1309 449 1355 gant,
485 1298 583 1347 τούς
615 1300 919 1355 οἶκυρωνύμους
947 1313 1017 1344 aut
1044 1303 1359 1355 ψευδωνύμους,
1415 1305 1477 1342 Ita
1491 1302 1598 1356 apud
1625 1301 1784 1356 Pachy-

337 1371 489 1396 merem
534 1357 632 1395 Vll.
671 1357 737 1396 28.
781 1356 918 1411 ἡμέρα
959 1360 1032 1412 τῆς
1059 1359 1225 1412 τυρίνης
1244 1355 1505 1411 κυριώνυμος
1522 1364 1688 1397 vocatur
1706 1357 1781 1396 do-

337 1413 486 1451 minica
517 1412 766 1461 Caseivorii,
808 1416 992 1467 quamvis
1037 1414 1154 1454 multi
1191 1415 1258 1453 alii
1297 1414 1380 1453 dies
1416 1428 1488 1467 per
1517 1427 1668 1451 annum
1697 1413 1782 1451 esui

337 1468 441 1506 casei
483 1466 602 1505 dicati
643 1470 746 1520 sint,
775 1470 831 1508 sic
859 1477 994 1509 tamen
1035 1471 1076 1508 in
1106 1471 1234 1523 specie
1275 1470 1396 1508 dicta.
1451 1468 1573 1521 Apud
1600 1468 1783 1507 Nicetam

338 1522 471 1561 Chon.
503 1536 540 1574 p.
567 1523 656 1560 500.
687 1524 732 1561 Β.
759 1537 820 1563 ιο.
842 1525 925 1564 dies
955 1526 1155 1564 dominica
1183 1523 1207 1578 ἡ
1239 1521 1501 1577 κυριώνυμος
1529 1521 1779 1576 appellatur,

338 1577 388 1615 de
435 1578 594 1616 domino
627 1577 749 1616 dicta.
803 1580 970 1620 Secutus
1012 1582 1170 1619 fuissem
1209 1580 1312 1618 hanc
1341 1578 1628 1631 interpretandi
1658 1579 1782 1616 ratio—

337 1646 458 1684 nem,
498 1633 531 1670 si
557 1631 655 1670 mihi
686 1636 941 1685 constitisset,
980 1636 1096 1675 fuisse
1125 1635 1320 1674 Patricios
1347 1648 1461 1673 veros
1490 1641 1529 1672 et
1557 1632 1653 1671 alios
1678 1634 1777 1671 titu-

336 1686 441 1726 lares
476 1693 661 1736 tantum,
698 1703 825 1741 quum
866 1691 1037 1743 dignitas
1075 1689 1289 1744 patricialis
1331 1703 1410 1728 non
1449 1695 1549 1728 esset
1579 1687 1779 1734 officium,

338 1743 407 1781 sed
447 1756 579 1780 merus
615 1742 778 1794 titulus,
809 1760 918 1784 mera
948 1746 1133 1799 dignitas.
1191 1743 1639 1797 Intelligunturne‚qui
1668 1755 1784 1795 prae—

337 1804 400 1836 ter
445 1797 680 1849 dignitatem
732 1800 981 1852 patricialem
1019 1801 1252 1840 muneribus
1291 1798 1431 1838 aulicis
1469 1798 1557 1838 aliis
1598 1797 1782 1836 omnibus

338 1851 568 1892 vacabant?

448 1907 502 1944 D.
525 1920 565 1960 9.
592 1906 707 1962 [5⁰7⁹
729 1908 815 1962 22.]
849 1904 975 1949 πάλιν
1002 1905 1047 1949 ἐκ
1078 1908 1279 1960 δευτέρου
1308 1917 1384 1948 etc.
1437 1906 1621 1947 Secunda
1647 1906 1782 1945 Theo-

338 1961 440 2015 phili
471 1961 661 2001 advmsus
691 1964 908 2004 Saracenos
936 1966 1153 2018 expeditio,
1184 1966 1235 2003 de
1261 1980 1340 2017 qua
1368 1964 1432 2002 hic
1460 1975 1682 2002 sermonem
1701 1974 1783 2000 esse

339 2018 405 2056 vix
434 2015 611 2055 dubitari
641 2017 758 2057 debet
776 2049 786 2068 ‚
831 2021 996 2073 contigit
1036 2035 1141 2059 anno
1167 2027 1257 2072 post
1294 2019 1404 2058 illam
1448 2018 1692 2070 superiorem
1720 2029 1780 2054 se-

338 2071 489 2121 cundo,
518 2085 573 2109 sc.
598 2071 650 2111 A.
667 2074 715 2112 C.
736 2074 852 2125 838„
872 2075 1093 2128 habuitque
1122 2089 1322 2114 successus
1345 2073 1552 2126 triumpho
1568 2077 1674 2110 certe
1698 2083 1781 2108 non

337 2127 494 2180 dignos,
517 2128 660 2165 amissa
672 2128 866 2169 Amorio:
888 2129 1068 2180 πολέμου
1079 2127 1298 2182 γενομένου
1315 2128 1506 2182 ἡττηθείς
1535 2121 1556 2164 ὃ
1583 2119 1782 2176 βασιλεύς

337 2177 467 2235 ἔφυγε
478 2180 652 2230 καῖμδϊ’
670 2179 871 2236 αἰσχύνης
888 2180 1125 2236 ὑπέστρεψε
1142 2181 1263 2235 μόλις
1283 2179 1520 2232 διασωθείς,
1534 2182 1589 2219 ait
1607 2180 1780 2233 Symeon

338 2234 579 2289 Logothetes
608 2234 760 2277 Annal.
791 2254 833 2291 p.
873 2237 969 2290 423.
1002 2239 1047 2277 C.
1108 2241 1239 2290 Quem
1270 2239 1335 2278 ille
1363 2239 1402 2278 Γ
1402 2235 1550 2276 odmen
1577 2235 1777 2284 nominat,

340 2302 416 2353 (ita
443 2299 549 2340 enim
593 2300 805 2355 legendum
838 2305 1010 2359 ugo-122,
1045 2318 1124 2344 non
1159 2305 1199 2344 Γ
1198 2301 1360 2356 ουνδεὴ,
1391 2311 1436 2342 ut
1474 2302 1605 2341 editur
1619 2299 1647 2351 ‚)
1686 2311 1780 2337 eum

336 2354 540 2395 Abulfeda
573 2355 739 2408 Aficln’n
773 2359 972 2399 Chaidsar
997 2360 1170 2413 appellat
1193 2375 1204 2411 3
1234 2374 1336 2414 quae
1365 2353 1629 2410 discrepantia
1654 2352 1778 2391 libra-

337 2412 406 2450 riis
435 2412 616 2452 debetur.
675 2413 828 2452 Parum
857 2417 963 2455 enim
992 2415 1187 2454 differunt
1217 2415 1358 2454 demtis
1385 2413 1540 2467 punctis
1567 2408 1779 2447 diacriticis

338 2474 496 2510 ΨΜ
519 2486 558 2517 et
575 2478 703 2532 20⁹⁸>
729 2479 910 2519 Giondob
932 2489 970 2519 et
1011 2481 1220 2519 Clzaidsar.
1251 2477 1510 2519 Praeferenda
1530 2482 1664 2513 tamen
1684 2486 1778 2526 pro-

339 2530 405 2569 cul
434 2533 558 2573 dubio
588 2535 706 2573 lectio
736 2535 953 2588 posterior,
982 2550 1064 2574 non
1105 2536 1193 2575 ideo
1231 2542 1416 2584 tantum,
1457 2530 1564 2584 quod
1604 2527 1777 2588 Ahulse-

341 2594 392 2633 da
409 2625 420 2645 ,
453 2588 630 2651 singulas
657 2599 809 2639 litteras
835 2601 1070 2643 nominatim
1085 2599 1238 2640 dictans
1254 2630 1264 2647 ,
1294 2598 1404 2637 velut
1431 2595 1605 2635 inculcat
1619 2589 1775 2649 )Q5,

343 2648 559 2703 Clzaiccsar,
591 2668 672 2692 nou
701 2654 815 2693 aliter
831 2685 842 2702 ,
873 2655 1082 2708 legendum
1100 2685 1111 2705 ‚
1149 2655 1216 2694 sed
1244 2654 1360 2692 etiam
1377 2680 1388 2701 ‚
1435 2651 1543 2704 quod
1579 2649 1776 2688 Chaidsar

339 2702 545 2745 Pei-smum
574 2721 722 2748 nomen
749 2717 807 2748 est
834 2710 980 2749 Persae
1008 2711 1259 2750 conveniens.
1294 2707 1506 2746 Afschinus
1524 2705 1631 2745 enim
1651 2704 1776 2743 Persa
