1832 3126
175 165 250 208 AD
286 164 584 208 CONSTANT.
614 163 813 206 PORPH.
838 164 911 204 DE
947 162 1127 205 CERIM.
1161 163 1259 205 LIB.
1296 165 1331 204 1.
1382 164 1480 220 171

56 281 212 309 mensas
240 268 426 307 habuisse
452 274 551 321 puto
569 265 756 306 Carolum
784 266 864 314 M„
890 265 941 306 de
967 265 1113 319 quibus
1135 273 1272 306 narrat
1295 265 1490 319 Eginhar-

52 324 128 363 dus
145 325 188 362 in
206 323 291 362 eius
310 324 411 362 vita.
466 322 656 362 Λιπλοῦν
682 315 1000 374 παραστάσιμον
1026 322 1159 360 τελεῖν
1189 321 1382 375 significat
1400 336 1491 361 mea

50 378 215 431 quidem
250 378 447 418 sententia
486 379 530 416 in
560 377 712 431 duplici
739 377 838 415 serie
865 375 1039 415 adstare.
1095 375 1287 416 Solebant
1318 376 1416 416 alias
1449 377 1490 416 in

51 432 296 491 quotidianis
320 432 448 487 epulis
475 445 657 486 proceres
693 429 868 470 cubiculi
895 444 1054 470 mensae
1090 432 1291 485 Imperiali
1320 432 1490 486 simplici

51 495 211 528 tantum
235 489 336 527 serie
361 488 547 538 adstare3
590 487 632 526 in
668 485 899 525 solennibus
926 499 1023 525 vero
1045 500 1118 539 per
1143 487 1228 526 dies
1254 487 1372 526 festos
1393 499 1490 527 con-

52 544 170 583 viviis
201 543 412 583 adstabant
439 543 541 582 serie
575 543 747 594 gemina.
803 540 859 580 Et
883 541 939 580 sic
971 542 1125 595 accepit
1152 557 1315 599 quoque
1343 542 1395 582 cl.
1423 544 1492 583 ln-

49 605 204 653 terpres
223 612 277 652 p.
338 597 377 650 4.
407 598 454 638 Β.
480 596 520 637 5.
547 596 664 635 Conf.
698 611 740 650 p.
774 610 862 635 ioo.
890 595 941 634 A.
976 594 1016 636 5.

162 654 216 692 D.
241 612 396 748 ΊὲΙΙζῖΞο,
417 650 504 706 ι5.]
533 648 581 690 τὸ
610 646 927 704 πενταπύργιον.
982 650 1218 690 Armarium
1244 666 1337 692 cum
1370 654 1491 706 quin-

54 722 133 762 que
155 710 259 748 turri
371 737 399 757 ,ι
414 708 457 747 in
491 720 572 760 quo
603 706 763 747 stabant
791 705 1072 760 pendebantve
1094 706 1238 747 iocalia
1262 709 1495 761 pretiosissi-

54 777 149 811 ma,
194 769 240 802 ut
275 776 446 802 coronae
487 775 632 801 aureae
666 769 911 815 gemmatae,
959 760 1123 802 monilia
1156 761 1462 817 margaritarum
1478 793 1493 814 ,

26 828 31 832 “
55 816 194 858 annuli
227 819 339 858 aurei
354 846 367 870 ‚
412 825 601 872 torques,
637 816 764 864 disci,
809 823 981 857 crateres
1010 819 1144 869 aurei,
1190 824 1230 856 et
1261 818 1339 858 alia
1366 818 1462 858 talia
1478 848 1492 869 ,

53 886 158 926 quae
192 873 331 913 luxum
371 880 411 912 et
441 873 688 927 opulentiam
724 872 1002 912 demonstrant
1042 880 1082 912 et
1115 872 1279 913 oculum
1317 873 1493 923 feriunt3

55 928 395 982 quemadmodum
421 943 494 968 nos
520 930 563 968 in
589 927 736 968 talibus
756 928 910 968 scriniis
935 927 1186 982 porcellanas
1214 928 1372 983 aliaque
1402 942 1496 968 rara

57 984 298 1079 ἓέἕτεὲἰοεα
320 986 566 1038 exponimus.
625 983 809 1039 Verbum
835 982 912 1023 hoc
941 983 1126 1037 pluribus
1153 997 1307 1038 expono
1332 985 1383 1024 ad
1398 998 1491 1039 pag.

166 1094 221 1133 D.
239 1108 283 1149 9.
302 1093 394 1159 [7·o,
420 1092 507 1149 ¹8.]
551 1090 747 1146 σκάμνον.
801 1093 919 1134 Patet
957 1108 1004 1133 ex
1042 1092 1119 1132 hoe
1156 1093 1272 1145 loco,
1316 1109 1496 1136 mensam

57 1142 249 1201 auream,
289 1164 355 1189 cm
392 1150 614 1203 Imperator
643 1149 863 1196 assidebat,
913 1156 984 1188 aut
1019 1149 1305 1199 accumbebat,
1350 1165 1496 1204 apoco-
1575 1190 1583 1196 ,

61 1211 172 1258 ptam
188 1233 203 1255 ,
233 1218 304 1245 seu
326 1213 549 1259 separatam
574 1205 722 1244 dictam
736 1235 749 1256 ,
788 1204 1062 1244 sublimiorem
1088 1206 1255 1245 caeteris
1276 1205 1413 1245 fuisse.

170 1260 224 1299 D.
244 1273 288 1314 9.
308 1259 399 1338 [ΖΨ
424 1259 510 1314 18.]
538 1257 561 1300 ὅ
588 1261 663 1312 τῆς
688 1259 910 1312 τραπέζης.
963 1259 1077 1299 Alias
1092 1274 1251 1312 quoque
1280 1255 1303 1298 ὅ
1330 1256 1403 1300 ἐπὶ
1425 1260 1501 1313 τῆς

60 1313 278 1368 τραπέζης.
356 1313 561 1370 [Βαρξίὲν
582 1323 622 1355 et
647 1315 880 1355 senescalcus
909 1316 1029 1368 regis.
1087 1316 1154 1354 Du
1178 1316 1214 1355 F
1215 1329 1331 1355 resne
1349 1316 1401 1355 ad
1421 1317 1501 1354 Zo-

61 1384 151 1408 nar.
173 1384 216 1423 p.
239 1368 308 1410 85.
365 1370 570 1411 Eccardus
596 1372 727 1423 regiae
751 1383 907 1411 mensae
937 1371 1160 1425 praefectus
1186 1372 1362 1412 occurrit
1393 1371 1501 1426 apud

62 1424 343 1479 Eginhardum
374 1425 497 1465 Anno
552 1426 619 1480 78.
634 1426 675 1479 ]*

118 1528 121 1530 v
175 1480 232 1518 D.
248 1479 326 1519 ult.
346 1479 437 1534 [7o‚
460 1441 552 1536 ²⁰5
594 1477 862 1533 ἐγγιστάριοι.
916 1480 976 1520 Μ.
1016 1475 1304 1534 ἕγγιστιάριοι.
1356 1481 1413 1521 Et
1444 1482 1503 1520 sic

67 1534 551 1630 arsag-..5332
575 1534 1146 1643 235203223132'·.5ffg2¹132m¹33³3
1169 1535 1320 1629 ²2:123
1348 1536 1506 1630 ῗὲὶῗὲ

68 1657 243 1694 narum,
273 1651 448 1684 motoroe
475 1652 516 1684 et
545 1644 814 1684 modemtoroe
828 1673 841 1694 ,
870 1658 942 1696 per
969 1659 1069 1698 quas
1094 1644 1341 1698 ponderosae
1370 1645 1506 1685 lances

67 1702 113 1740 in
136 1712 300 1738 auroem
329 1699 575 1751 imperialem
601 1713 782 1739 mensam
799 1698 1137 1752 sublevabantur,
1166 1714 1292 1752 quum
1323 1701 1505 1740 virorum

70 1755 247 1805 humeris
283 1754 411 1794 attolli
442 1757 669 1808 nequirent.
726 1755 941 1808 Egregiam
972 1755 1103 1794 lucem
1137 1755 1252 1794 affert
1286 1755 1383 1795 huie
1415 1755 1507 1795 loco

69 1809 341 1862 Luitprandus
363 1810 469 1849 Hist.
496 1812 573 1850 VI.
603 1812 663 1861 5.,
691 1812 806 1849 cuius
824 1808 923 1850 haec
954 1817 1049 1849 sunt
1069 1810 1192 1849 verba
1209 1824 1221 1848 ε
1258 1811 1356 1851 Post
1380 1812 1508 1850 cibum

71 1866 200 1905 aza-ente
226 1865 332 1904 vasis
358 1866 477 1904 tribus
506 1875 595 1905 sune
622 1879 744 1920 poma
788 1862 863 1919 [τό
894 1861 1088 1918 δουλκίν]
1124 1865 1282 1914 delata,
1330 1881 1431 1920 quae
1456 1867 1507 1905 ob

75 1975 261 2015 vehiadis
284 1921 856 2031 εαξιιοηιῗίἶίιιιωηιῖεἰηηῗααιιὲα·
879 1922 1026 2015 autent?
1033 1920 1375 2015 Ξιοεεῖιιξοῧένραῗιι
1399 1923 1508 2015 ῗεξιίς

78 2044 125 2070 sa
157 2043 236 2083 per
257 2031 472 2082 Jbramina
512 1992 708 2086 laquegrtlv
746 2040 822 2070 tres
848 2040 936 2070 sunt
953 2032 1080 2084 fimes
1105 2030 1276 2084 pellibus
1309 2029 1509 2070 deauratis

77 2086 190 2134 tecti,
237 2099 322 2124 αυη
340 2086 495 2124 annulis
522 2089 649 2126 mwez's
662 2116 675 2135 ‚
715 2088 786 2141 qui
809 2088 937 2134 ansis,
984 2100 1085 2140 quae
1110 2086 1153 2124 in
1179 2086 1334 2124 succedis
1352 2087 1510 2140 promi-2

79 2148 191 2188 uem,
216 2141 337 2194 positi
359 2141 632 2182 adiuvantibus
657 2144 818 2195 irgfhrius
843 2151 1012 2197 quatuor
1034 2149 1103 2180 aut
1127 2154 1172 2180 eo
1197 2141 1366 2194 amplius
1391 2142 1509 2181 homi-

79 2195 189 2235 uibus
210 2209 289 2249 per
311 2196 513 2246 vertibile,
555 2197 664 2252 quod
687 2212 807 2252 supra
833 2197 1075 2252 laquearium
1098 2205 1176 2245 est,
1217 2195 1408 2249 ergalium
1422 2226 1436 2246 ‚
1465 2197 1511 2237 in

80 2263 254 2294 amasam
288 2250 567 2304 subvehuntur,
609 2252 816 2308 eodemque
853 2253 969 2292 modo
1000 2251 1259 2305 deponamur.
1314 2251 1411 2290 Vid.
1442 2252 1511 2291 Du

83 2306 218 2358 Gange
244 2303 374 2344 Gloss.
410 2304 481 2344 lat.
512 2321 555 2346 v.
586 2308 816 2360 Ingenium,
857 2307 1042 2347 machina
1070 2305 1238 2356 bellica,
1282 2305 1509 2358 Ingeniosi,

82 2361 307 2412 ingemat-ii.
362 2361 619 2401 Vocabulum
644 2370 704 2402 est
727 2363 890 2429 oriqinis
915 2362 1017 2401 bene
1048 2362 1236 2400 Graecae.
1296 2361 1417 2411 Quod
1445 2376 1510 2400 re-

85 2415 279 2453 centiores
311 2415 539 2455 maluerunt
566 2411 690 2469 ἆγγος
717 2425 757 2458 et
783 2422 946 2469 αγγεῖον
977 2415 1117 2455 efferre
1133 2446 1146 2468 ,
1174 2415 1429 2468 appellabant
1447 2431 1510 2456 ve·

84 2477 188 2509 teres
212 2466 351 2521 ἔγγος,
377 2471 484 2510 unde
511 2468 725 2525 ἐγγυθήκη.
779 2473 874 2512 Vid.
910 2471 1062 2510 Athen.
1093 2487 1135 2524 p.
1163 2472 1258 2512 153.
1283 2471 1334 2510 E.
1355 2479 1395 2513 et
1413 2486 1507 2525 209.

87 2523 138 2563 P.
167 2523 225 2572 5.‚
255 2525 362 2564 unde
387 2527 518 2566 Latini
536 2541 653 2566 suum
681 2529 867 2567 itwitheca
892 2527 1148 2578 habuerunt,
1186 2528 1237 2566 de
1262 2540 1343 2579 quo
1364 2539 1405 2566 v.
1433 2526 1511 2565 Ca-¹

88 2577 239 2627 ‚saubon
270 2580 322 2619 ad
350 2580 501 2620 Athen.
528 2597 571 2634 p.
598 2582 695 2624 568.
751 2584 851 2622 Erat
874 2581 1019 2620 horum
1058 2583 1372 2636 Ingeniariorum
1388 2611 1401 2632 ,
1440 2595 1511 2620 ve-

89 2640 167 2672 stes
187 2649 211 2672 a
234 2636 462 2687 proceribus
484 2645 577 2676 ante
594 2637 733 2692 epulas
749 2645 884 2678 exutas
914 2638 1091 2689 accipere
1119 2645 1159 2680 et
1183 2651 1364 2686 servare,
1393 2644 1513 2689 atque

91 2687 167 2786 §Kb
203 2689 350 2786 exislqm
388 2691 596 2751 epularum
632 2707 720 2735 suas
759 2694 901 2748 cuique
933 2692 1111 2734 reddere.
1170 2693 1266 2737 vid.
1293 2707 1383 2746 pag.
1421 2692 1511 2734 162,
