1884 3132
305 128 419 202 890
578 146 652 188 10.
702 145 808 189 1Ac.
849 145 1045 190 musxn
1095 146 1479 192 commum

303 250 398 302 isse,
420 257 534 304 patre
562 251 666 290 vivis
702 257 857 291 exemto
879 281 891 302 ‚
928 265 1060 305 neque
1087 251 1165 292 hoc
1193 254 1391 307 procedit.
1450 254 1556 295 Nam
1583 252 1752 294 Basilius

303 306 494 353 Calendis
523 308 681 346 Martiis
708 306 836 357 obiit,
861 314 908 346 ut
934 308 1000 346 Du
1014 308 1150 361 Gange
1179 308 1364 361 perhibet
1386 340 1397 358 ‚
1429 317 1498 349 aut
1526 324 1592 364 29.
1622 309 1752 362 Aug.‚

302 369 350 401 ut
378 362 535 401 Noster.
591 362 700 417 Ergo
740 370 810 402 aut
848 362 923 401 sub
961 363 1041 402 alio
1071 364 1316 417 Imperatore
1344 367 1535 419 scriptum
1573 366 1648 404 fuit
1675 364 1753 403 hoc

304 416 621 471 Cletorologium
639 448 652 469 ,
682 425 753 458 aut
782 418 979 471 particula
1012 418 1110 457 haec
1141 419 1192 458 ab
1213 419 1342 459 aliena
1364 435 1487 460 manu
1514 426 1573 460 est
1601 419 1751 459 addita.

302 471 413 526 Ergo
440 487 511 528 per
538 473 746 526 despotam
774 472 1011 526 intelligitur
1038 475 1323 515 Constantinus
1354 476 1581 531 Porphyr.,
1610 476 1756 515 Leonis

303 528 425 569 filius.
497 529 694 582 Despotas
731 527 925 583 appellari
963 530 1041 568 iarn
1086 531 1259 570 Heraclii
1283 539 1464 584 tempore
1504 532 1762 572 consuevisse

304 583 410 624 filios
444 584 750 638 Imperatorum,
778 592 943 639 apparet
973 600 1018 624 ex
1034 600 1077 638 p.
1102 585 1302 626 563.B.8.
1359 587 1487 627 Simul
1514 593 1678 640 apparet
1709 600 1756 625 ex

303 638 384 679 hoc
411 640 514 690 loco,
550 641 862 680 Constantinum
904 655 928 679 a
955 648 1068 694 patre
1088 641 1223 681 Leone
1250 643 1344 682 vivo
1372 650 1633 691 coronatum,
1673 656 1758 681 non

305 703 396 750 post
421 698 505 736 eius
538 711 738 736 excessum
767 697 932 736 demum
962 697 1082 737 fuisse
1105 726 1117 747 ,
1147 705 1193 737 ut
1222 697 1347 751 aliqui
1373 699 1590 738 tradidere.

390 751 486 806 449.
504 752 557 790 A.
578 752 620 791 6.
642 752 758 808 [776⁷
776 752 841 807 9.]
874 749 1013 806 ὀγδόῃ.
1053 753 1146 791 Non
1167 754 1270 792 inest
1286 754 1427 793 vitium
1447 754 1542 794 huic
1569 767 1758 805 numero,

307 808 417 860 quod
445 807 664 862 aliquando
695 809 888 862 putabam
907 837 919 859 ,
948 810 1134 861 quamvis
1163 816 1303 848 auctor
1332 810 1515 850 ordinem
1543 823 1660 849 suum
1686 810 1759 848 de·-

308 871 415 905 serat
457 871 496 902 et
536 871 727 903 octavum
755 866 853 903 Maii
884 871 975 918 post
1003 864 1261 903 undecimum
1281 865 1466 905 collocet.
1524 866 1623 904 Maii
1650 866 1759 905 enim

307 918 422 962 vlu.
475 919 753 960 celebrabatur
799 921 996 960 memoria
1042 921 1203 960 loannis
1239 920 1436 975 Theologi
1455 949 1469 974 ,
1520 927 1567 961 ut
1606 935 1629 960 e
1670 922 1764 962 Me⁴

307 975 418 1014 nucis
449 982 621 1014 constat.

423 1030 466 1068 Β.
512 1044 545 1069 1.
584 1029 702 1085 [776,
735 1029 817 1084 15.]
861 1027 1100 1082 α’νάκλησις.
1155 1029 1250 1069 Vid.
1277 1030 1452 1071 Cedren.
1482 1046 1574 1084 pag.
1594 1030 1689 1085 596.
1719 1037 1760 1072 et

308 1083 457 1137 Script.
490 1092 579 1137 post
607 1086 794 1139 Theoph.
822 1100 871 1138 p..
888 1084 983 1124 215.
1005 1099 1041 1123 c.
1068 1098 1154 1124 loo.
1208 1086 1447 1139 Intelligitur
1474 1101 1518 1126 ex
1547 1087 1624 1126 hoc
1651 1087 1757 1137 loco,

310 1140 461 1178 factum
489 1141 530 1179 id
561 1155 643 1180 esse
674 1155 740 1180 20.
773 1140 890 1188 Iulii,
931 1155 1012 1193 quo
1040 1142 1233 1180 memoria
1261 1140 1375 1180 Eliae
1405 1142 1622 1195 prophetae
1653 1141 1760 1182 cele-

310 1194 454 1235 bratur
485 1210 508 1234 a
538 1197 716 1236 Graecis.
741 1197 919 1249 Tempus
938 1196 1031 1235 facti
1050 1197 1341 1248 praeterierunt
1359 1195 1511 1237 laudati
1533 1198 1760 1250 scriptores.

423 1252 469 1291 B.
491 1251 531 1290 5.
554 1251 680 1306 [776.
720 1251 806 1305 18.]
843 1247 1119 1301 α’πολύσιμον·
1181 1252 1418 1302 Canticum,
1462 1253 1573 1306 quod
1610 1254 1652 1291 in
1682 1252 1761 1292 fine

311 1306 449 1356 officii,
480 1305 524 1346 ἐν
554 1308 605 1361 τῇ
633 1305 833 1347 ἀπολύσει
860 1306 1051 1357 canitur3
1081 1306 1167 1346 vid.
1197 1308 1265 1345 Du
1296 1307 1430 1361 Gange
1449 1322 1492 1347 v.
1519 1302 1763 1354 Ἀπόλυσις.

310 1363 396 1403 Pro
432 1358 659 1414 ἰσόμυλον,
702 1369 750 1402 ut
791 1364 834 1403 in
874 1363 1120 1402 membranis
1162 1370 1246 1412 est,
1286 1370 1396 1417 patet.
1436 1362 1649 1418 legendum
1677 1377 1761 1402 esse

313 1415 379 1465 ἰσό
398 1419 516 1456 ιελον.

379 1432 545 1525 ¹1450.B.
570 1470 608 1511 5.
644 1471 774 1527 [778,
813 1471 900 1527 12.]
941 1472 1129 1513 δίδονται
1167 1469 1415 1526 σφραγίδια.
1472 1472 1763 1526 Interpretatur

310 1528 445 1568 locum
474 1528 582 1567 hunc
611 1528 712 1567 alter
743 1529 881 1568 Nostri
909 1543 1003 1582 pag.
1028 1543 1123 1568 210.
1158 1528 1211 1567 A.
1230 1558 1241 1579 ‚
1272 1529 1342 1567 uhi
1375 1528 1550 1569 dicitur:
1587 1527 1765 1568 δίδωσιν

313 1584 417 1637 (scil.
463 1582 706 1637 Imperator)
742 1580 883 1629 αὐτοῖς
926 1585 1175 1637 (proceribus
1205 1584 1299 1634 suis)
1340 1583 1578 1637 σφραγῖδας
1607 1582 1764 1622 διανεῖ-

311 1653 392 1691 μαι
419 1642 505 1685 τοῖς
530 1643 738 1690 πτωχοῖς,
769 1633 881 1684 ὅπως
910 1637 1179 1692 ιῖνακληθῶσι
1210 1639 1265 1689 (id
1285 1646 1344 1678 est
1375 1631 1648 1687 ἀνακλῖθαῖσι)
1674 1638 1764 1688 μετ’

313 1693 444 1734 αὐτοῦ
490 1695 559 1746 (ita
598 1702 658 1733 est
696 1695 736 1733 in
768 1694 1026 1745 membranis)
1073 1694 1133 1741 εἰς
1161 1692 1212 1732 τὰ
1243 1690 1297 1732 ιθ’
1328 1689 1528 1744 ἄκου’βιτα
1556 1689 1659 1732 κατὰ
1688 1689 1763 1744 τήν

313 1746 500 1802 ἀρχαίαν
528 1748 754 1802 συνήθειαν
771 1779 784 1800 ,
813 1750 1011 1788 distribuit
1034 1751 1128 1804 ipsis
1161 1758 1322 1788 tesseras
1337 1780 1347 1796 ‚
1385 1763 1486 1804 quas
1529 1748 1767 1787 distribuant

317 1806 422 1844 inter
455 1819 676 1860 pauperes,
709 1818 785 1860 quo
827 1806 1051 1844 recumbant
1076 1804 1137 1859 [id
1161 1813 1220 1844 est
1245 1802 1474 1857 epulentur]
1503 1817 1591 1843 cum
1627 1805 1764 1861 Impe-

315 1869 447 1908 ratore
476 1862 518 1900 in
538 1860 667 1900 XIX.
697 1860 883 1901 accubitis
915 1862 1032 1900 iuxta
1055 1869 1224 1900 veterem
1252 1859 1581 1899 consuetadiJaem.

1428 1926 1469 1955 Λ

1435 1974 1463 2000 α

428 2017 473 2058 Β.
500 2015 794 2072 11.[778‚f1o.]
814 2015 1111 2070 πριμικηριόις.
1160 2017 1208 2056 In
1228 2017 1287 2060 M.
1308 2023 1394 2056 erat
1446 2031 1494 2068 μι
1505 2015 1542 2066 ζ.

432 2084 479 2123 C.
505 2097 544 2122 2.
563 2083 679 2138 [778,
705 2085 789 2138 19.]
819 2082 1075 2133 νομίσματος
1101 2080 1176 2134 ay'.
1233 2082 1403 2124 Reddidi
1433 2084 1601 2122 nummis
1631 2084 1766 2137 singu-

321 2140 372 2182 lis
399 2147 437 2178 et
465 2141 664 2194 quaternis
695 2139 999 2179 miliarensibm.
1057 2138 1165 2178 Puto
1184 2152 1345 2191 nempe,
1377 2153 1404 2177 α
1431 2138 1594 2191 quidem
1622 2153 1765 2178 nume-

321 2208 416 2234 rum
444 2193 714 2248 singularem,
742 2207 768 2246 γ
805 2201 939 2246 autern
975 2195 1135 2233 tertiam
1172 2195 1327 2232 nummi
1366 2201 1518 2247 partem
1539 2223 1551 2244 ,
1591 2194 1668 2233 hoc
1706 2201 1767 2234 est

322 2257 494 2303 quatuor
522 2249 763 2301 miliaresia,
792 2249 1028 2302 significare.
1082 2250 1186 2288 Sane
1212 2263 1238 2301 y
1265 2263 1358 2288 cum
1386 2248 1522 2302 aliquo
1550 2249 1674 2288 ductu
1697 2263 1766 2288 ca-

324 2304 421 2344 lami
460 2312 586 2344 exstat
623 2306 729 2344 inter
767 2305 1001 2358 compendia
1028 2303 1249 2344 numeralia
1278 2303 1386 2357 apud
1414 2304 1691 2344 Montf'aucon.
1721 2319 1765 2357 p.

327 2360 424 2400 361.
454 2360 665 2414 Palaeogr.
689 2361 866 2400 Graecae
891 2367 931 2398 et
954 2360 1101 2399 dicitur
1138 2356 1185 2398 τὸ
1216 2355 1486 2411 τριτημόριον
1515 2358 1578 2398 vel
1603 2355 1647 2398 τὸ
1676 2358 1766 2411 τρί-

326 2427 398 2454 τον
426 2413 554 2468 μέρος
579 2416 770 2455 indicare.
824 2415 977 2454 Eadem
1005 2416 1055 2454 de
1081 2429 1197 2454 causa
1225 2410 1290 2467 βδ’
1305 2429 1346 2467 p.
1363 2412 1551 2466 454.C.3.
1571 2416 1767 2466 interpre-

327 2476 436 2509 tatus
491 2471 547 2509 fui
594 2472 702 2510 binos
741 2485 918 2510 nummos
966 2485 1053 2510 cum
1090 2472 1209 2510 ternis
1256 2470 1555 2509 miliarensibzoe.
1613 2468 1768 2519 Quodsi

329 2532 462 2568 autem
474 2525 539 2565 hic
562 2525 640 2565 loci
658 2527 708 2565 sit
732 2526 980 2565 reddendum
1007 2527 1116 2565 binos
1139 2539 1315 2565 nummos
1336 2537 1425 2564 cum
1444 2525 1639 2580 quaternis
1662 2524 1766 2574 mil„

331 2579 407 2618 erit
440 2581 572 2631 priore
597 2581 684 2620 loco
706 2581 955 2620 reddendum
985 2582 1144 2635 singulis
1177 2582 1346 2620 nummis
1369 2593 1455 2618 cum
1484 2579 1602 2618 ternis
1626 2579 1767 2616 -milt'a-

332 2635 518 2674 rensibus.
578 2637 723 2675 Utrum
752 2637 803 2675 sit
833 2636 1005 2687 rectius,
1033 2636 1182 2675 eruditi
1215 2635 1406 2674 iudicent.

443 2689 490 2727 C.
510 2703 551 2743 9.
576 2692 687 2745 [779‚
718 2690 771 2744 1.]
817 2691 890 2742 τῆς
918 2689 950 2738 ς’
979 2691 1057 2730 τοῦ
1086 2686 1352 2741 Av‘yov'otov.
1415 2689 1459 2727 In
1486 2694 1639 2731 sextum
1661 2687 1772 2736 diem,

336 2742 508 2797 Augusti
528 2746 666 2795 incidit
686 2747 830 2797 festum
851 2746 1206 2800 transfigurationis
1230 2745 1389 2793 Christi.
