1884 3132
326 107 438 176 856
603 125 676 166 10.
721 124 825 166 mc.
866 126 1063 166 Rssisxu
1105 125 1484 179 COMMENTARn

325 230 475 275 κιόίἀς.
547 230 782 269 Ctenzatinas
816 229 1039 283 appellatur
1082 246 1122 283 p.
1165 229 1257 282 245.
1302 231 1350 270 C.
1391 231 1638 285 Scriptorum
1681 240 1769 285 post

325 295 626 348 Theophanem.
701 295 739 334 A
771 296 953 345 Graecis,
997 304 1042 335 ut
1087 295 1269 343 videtur,
1308 297 1414 337 docti
1457 297 1612 337 Arabes
1643 290 1765 348 ὥ,

325 351 460 389 Λαίς-[ε
487 351 529 389 in
557 352 685 403 specie
708 365 781 404 pio
811 365 906 404 agro
933 358 974 390 et
1000 352 1161 404 piaedio
1188 352 1393 399 dixerunt,
1437 355 1619 406 quamvis
1651 359 1770 392 voca-'-

325 406 470 447 bulum
498 420 657 444 omnem
685 407 849 445 omnino
881 409 1164 459 possessionem
1202 407 1422 460 significet3
1467 421 1509 446 v.
1537 409 1605 447 Du
1629 408 1770 471 Gange

325 475 363 499 v.
393 461 618 508 Movafflma
654 462 723 500 ubi
760 462 893 500 locum
921 462 1029 501 hunc
1060 477 1081 500 e
1112 461 1268 500 Malaxo
1298 462 1511 514 Ριοάιιοίῐε
1541 459 1665 515 σκεύη
1693 475 1769 501 πο-

326 511 485 565 λύτιμα
524 513 708 582 ὁιαῳορα
756 514 1023 583 ἐπροσῆκῳσε
1064 516 1307 571 [dedicavit‚
1355 517 1542 580 ecclesiae
1579 516 1768 571 obtulit],

324 570 469 638 χρυσᾶ
497 567 570 609 καί
611 585 678 622 αρ’·
666 572 776 634 χυρᾶ
804 585 872 609 και
903 571 1092 622 κτήιιατα
1123 571 1278 626 [villas]
1309 569 1468 623 πολλα,
1496 566 1624 624 ἤγουν
1649 574 1770 622 μονλ·

329 625 399 664 κιά
417 655 428 676 ,
475 622 545 664 διὰ
583 622 745 688 τροφὴν
771 641 855 665 των
882 623 1142 678 καλογὴρων.
1198 627 1307 680 Ergo
1327 642 1403 666 vox
1423 627 1598 666 Arabica
1618 627 1770 667 Mouz-

328 680 417 718 κίον
445 687 531 719 erat
559 681 742 719 usitatior
769 689 808 720 et
836 683 969 719 notior
997 695 1044 720 eo
1071 689 1253 734 tempore
1289 689 1328 721 et
1356 682 1445 722 loco
1466 712 1477 731 ‚
1531 696 1612 736 quo
1638 680 1770 721 Mala-

329 750 400 774 xus
431 737 529 775 haec
559 736 779 785 scribebat,
809 751 929 788 quam
959 738 1090 788 ipsum
1118 739 1320 776 Graecum
1349 736 1502 789 κτῆμα.

440 792 486 830 C.
518 791 592 829 ult.
627 791 785 845 [720‚7
795 796 823 840 .]
856 791 938 830 τῶν
965 790 1242 843 Ἐλευθερώυ.
1316 794 1447 831 Maior
1482 792 1618 845 palatii
1647 790 1772 830 Eleu-

330 846 449 884 therii
478 846 637 885 videtui
665 847 816 885 reditus
847 846 950 885 illius
979 846 1113 898 palatii
1142 861 1188 885 ex
1220 861 1362 899 pecore
1389 854 1429 886 et
1455 849 1560 901 agris
1591 853 1630 886 et
1648 846 1773 886 offici-

330 903 392 940 nis
431 908 470 940 et
508 902 682 954 pistrinis
720 900 778 940 illi
808 901 1019 939 adstluctis
1057 909 1096 940 et
1130 901 1225 940 illuc
1253 902 1544 954 pertinentibus
1571 901 1776 954 collegisse

332 964 371 994 'et
407 958 446 994 in
483 971 568 995 rem
608 958 806 1009 privatam
845 956 1038 995 intulisse.
1104 956 1303 995 Palatium
1342 957 1418 995 hoc
1456 957 1508 995 ab
1537 957 1772 996 Eleutherio

330 1011 539 1049 conditum
569 1026 650 1049 non
679 1010 779 1056 fuit,
829 1011 897 1048 sed
926 1011 977 1049 ab
1006 1011 1136 1060 Irene,
1167 1013 1310 1049 Leonis
1339 1012 1511 1050 Chazari
1540 1026 1688 1061 uxore,
1716 1013 1772 1050 sic

331 1070 465 1104 tamen
496 1067 647 1104 dictum
683 1066 790 1117 quod
819 1079 943 1118 prope
971 1073 1131 1118 portum
1160 1066 1383 1105 Eleuthexii
1410 1074 1511 1105 esset
1537 1067 1769 1116 conditum3

330 1134 368 1162 v.
398 1121 464 1161 Du
493 1121 624 1174 Cange
654 1119 771 1158 CPlis
801 1120 899 1158 Clu.
934 1120 991 1159 Il.
1022 1135 1060 1174 p.
1094 1121 1181 1159 130.

438 1177 490 1215 D.
533 1190 566 1218 1.
578 1150 707 1230 t>[72o‚
738 1174 800 1229 7]
831 1173 1066 1226 Σαγγάρου.
1122 1176 1321 1228 Sangaros
1350 1184 1408 1215 est
1435 1177 1533 1216 urbs
1560 1176 1772 1229 Bithyniae

332 1231 382 1270 ad
414 1245 543 1279 mare,
586 1230 695 1269 haud
735 1230 878 1282 procul
908 1229 1160 1282 Helenopoli,
1189 1231 1239 1269 de
1267 1245 1348 1283 quo
1375 1232 1459 1270 vid.
1489 1231 1636 1270 Ortelii
1662 1230 1772 1270 The-

331 1301 437 1325 saur.
484 1287 629 1339 Geogr.
670 1285 714 1323 h.
746 1299 788 1323 v.
817 1292 856 1323 et
891 1284 1131 1338 Wesseling.
1175 1286 1226 1324 ad
1258 1286 1453 1325 Hieroclis
1483 1286 1775 1339 Synecdemum

331 1356 375 1394 p.
393 1341 501 1388 665„
530 1355 623 1378 nam
650 1339 791 1394 procul
818 1339 941 1378 dubio
971 1340 1170 1392 Sangarus
1199 1341 1330 1380 Nostii
1361 1349 1400 1380 et
1433 1341 1628 1380 Hieroclis
1645 1340 1774 1394 Saga-

333 1411 381 1435 ra
411 1396 513 1434 idem
544 1403 616 1434 est.
675 1395 799 1447 Saepe
827 1408 852 1446 y
879 1395 1042 1448 simplex
1071 1403 1110 1434 et
1137 1395 1281 1448 duplex
1309 1397 1532 1449 promiscue
1557 1395 1770 1444 scribitur,

331 1458 378 1490 ut
406 1447 617 1500 σιγιλλίων
646 1464 719 1503 pro
746 1451 928 1502 singi'lw3
958 1451 1041 1488 vid.
1069 1451 1172 1489 dicta
1202 1451 1252 1489 ad
1279 1466 1319 1504 p,
1344 1453 1438 1521 371.
1461 1452 1508 1502 Β.
1536 1465 1596 1490 ιο.

443 1505 546 1543 DJ
525 1520 562 1559 7.
591 1504 707 1559 [72⁰⁹
737 1505 817 1558 12.]
845 1505 921 1543 τοῦ
951 1501 1081 1543 οἱκου.
1139 1507 1335 1555 Quisnam
1364 1502 1473 1553 οἶκος
1498 1505 1563 1545 hic
1583 1505 1775 1559 intelligi·

332 1565 427 1599 tul?
463 1561 574 1598 Itane
603 1560 845 1623 appellatum·
872 1560 945 1598 suit
972 1560 1365 1614 olphanotropheum
1382 1566 1402 1601 ?
1446 1560 1532 1600 Τοῦ
1557 1557 1678 1599 ὅσιὀυ
1711 1562 1775 1599 in-

333 1621 530 1668 ter-premi
568 1615 796 1668 capitalium
835 1616 874 1653 in
915 1616 1000 1667 pios
1042 1630 1135 1654 usus
1160 1615 1381 1668 legatorum
1409 1623 1449 1655 et
1472 1616 1772 1668 depositorum,

334 1677 380 1708 ut
412 1685 522 1708 sama
551 1673 628 1708 sint
658 1678 697 1708 et
725 1669 972 1709 inviolabilia
1012 1678 1051 1708 et
1089 1671 1140 1708 ad
1167 1670 1265 1710 alios
1292 1685 1390 1710 usus
1409 1677 1613 1735 nequeant
1640 1677 1774 1712 trans-

333 1725 444 1764 ferri.
501 1725 613 1763 Alias
642 1722 688 1763 τὸ
731 1720 846 1764 ὅσιον
873 1725 979 1763 idem
1008 1733 1066 1764 est
1093 1732 1213 1777 atque
1239 1721 1284 1764 τὸ
1322 1722 1549 1777 δηιιόσιον;
1578 1739 1718 1764 verum
1751 1722 1774 1762 ὅ

337 1780 411 1819 τὀῦ
433 1779 634 1831 δημοσίου
677 1779 740 1818 vel
781 1777 802 1818 ὃ
841 1779 916 1818 τοῦ
937 1779 1098 1843 ymnum?
1121 1779 1186 1818 hic
1208 1779 1313 1819 loci
1303 1795 1343 1818 m
1363 1795 1525 1819 censum
1545 1794 1626 1819 non
1649 1781 1776 1819 venit.

443 1835 493 1874 D.
531 1834 569 1873 8.
612 1834 727 1888 [72o,
754 1833 839 1887 12.]
878 1831 1087 1886 α’ρκάριος.
1154 1835 1216 1873 De
1255 1837 1416 1874 arcariis
1457 1849 1499 1874 v.
1538 1835 1607 1873 Du
1642 1835 1776 1888 Gange

335 1889 403 1928 Gl.
431 1890 479 1927 L.
522 1889 597 1927 hac
635 1903 748 1928 voce.
819 1890 994 1927 Tantum
1034 1889 1098 1927 hic
1142 1888 1220 1927 loci
1257 1890 1537 1944 etymologiam
1563 1890 1673 1929 vocis
1700 1889 1776 1941 039-

333 1949 463 1995 χεϊον,
482 1945 699 1994 archivum,
725 1944 898 1994 tradam,
921 1945 1110 1983 invitatus
1136 1946 1342 1984 occasione
1368 1942 1551 1984 vocabuli
1581 1958 1773 1984 arear-ms.

334 2000 547 2037 Arcarium
578 1998 642 2037 vel
672 2000 893 2037 archarium
928 1999 1032 2037 idem
1063 2006 1122 2038 est
1148 2007 1267 2052 atque
1294 1997 1465 2050 ἀρχεῖον
1482 2029 1494 2049 ,
1545 1998 1672 2049 locus,
1699 1999 1778 2038 ubiv

335 2054 432 2092 cha1
435 2061 513 2103 tae,
540 2053 700 2092 tabulae
727 2054 911 2106 publicae
938 2055 1141 2107 depositae
1163 2062 1271 2093 sunt.
1330 2055 1418 2093 Hoc
1446 2069 1528 2092 non
1553 2055 1604 2093 ab
1633 2050 1745 2105 α’ρχῆ
1761 2083 1773 2104 ,

335 2109 404 2147 sed
433 2108 483 2146 ab
511 2122 606 2146 arca
633 2109 698 2147 vel
727 2110 849 2146 archa
876 2111 999 2148 venit.
1054 2110 1142 2147 Vox
1166 2109 1264 2148 haec
1282 2123 1364 2148 non
1383 2109 1543 2159 Latina,
1564 2109 1634 2148 sed
1651 2109 1777 2147 Grae-

334 2176 380 2202 ca
412 2170 480 2206 est.
512 2155 737 2215 ’Ἁρριχος
735 2171 786 2201 et
812 2159 970 2215 ἀρ’ῥίχη
999 2171 1056 2202 est
1066 2164 1250 2218 fiscella
1279 2165 1416 2202 corbis,
1474 2164 1555 2203 Per
1574 2177 1777 2218 syncopen

334 2219 456 2255 archa
477 2217 570 2255 inde
595 2217 823 2256 effecerunt.
883 2218 987 2256 Hinc
1015 2217 1183 2268 αρχεῖον
1212 2233 1285 2271 pro
1315 2213 1535 2271 ἅρριχεῖον
1563 2227 1621 2258 est
1648 2218 1774 2282 locus,

334 2272 405 2310 ubi
446 2285 583 2320 aicae,
628 2273 766 2311 corbes
804 2286 894 2310 cum
934 2272 1079 2311 tabulis
1108 2273 1275 2325 puhlicis
1305 2281 1589 2312 asservantur·
1578 2303 1591 2323 ‚
1631 2267 1775 2320 σιτάρ-

283 2343 292 2353 ·
331 2339 460 2377 χειον,
491 2327 713 2376 sitarcium,
740 2327 947 2377 horreum,
975 2320 1044 2365 ubi
1065 2327 1345 2367 frumentum
1335 2343 1375 2366 m
1405 2323 1615 2381 α’ρρίχοις,
1641 2325 1774 2367 coibi-

334 2381 410 2418 bus
439 2383 566 2430 iacet3
599 2394 638 2418 v.
667 2381 734 2419 Du
759 2380 893 2434 Gange
919 2396 959 2420 v.
990 2382 1203 2421 Sitarcmm
1244 2390 1282 2422 et
1326 2383 1455 2422 Panes
1483 2383 1648 2433 mellzti,
1702 2379 1775 2418 ubi

334 2449 409 2487 pro
437 2435 634 2475 Sistarczis
669 2450 712 2474 ln
743 2434 831 2474 loco
860 2436 1030 2475 Aruoldi
1055 2438 1293 2478 Lubecensis
1317 2437 1604 2476 nestituendum
1630 2441 1689 2475 est
1706 2435 1778 2472 St-

337 2491 483 2528 tat-ciis.

442 2545 495 2582 D.
520 2558 576 2583 ιο.
607 2544 718 2597 [720‚
747 2542 833 2597 ι4.]
864 2541 1191 2593 δευτερεύοντες.
1254 2545 1441 2585 Habebat
1460 2542 1777 2595 unumquodque

334 2609 460 2647 paene
485 2598 656 2637 officium
679 2613 795 2637 suum
821 2595 1137 2661 δευτερεύοντα,
1168 2601 1482 2640 secundicerium
1499 2597 1563 2637 vel
1580 2598 1775 2636 vicarium

333 2652 557 2702 proximum
593 2654 717 2705 gradu
756 2668 778 2691 a
820 2654 1162 2707 p1imicerio‚tas›
1190 2655 1266 2694 τοῦ
1295 2650 1461 2706 πρώτου
1489 2652 1648 2703 γέρους.
1703 2651 1776 2690 Se-

343 2705 556 2744 cundlcel
532 2721 559 2744 ιι
596 2721 689 2761 ergo
722 2709 913 2762 designati
943 2715 1055 2749 erant
1083 2710 1218 2753 vicani
1247 2707 1566 2748 demarchmum.
1622 2706 1700 2747 Sed
1727 2707 1785 2758 de*
