1884 3132
303 143 413 218 786
587 161 660 205 10.
700 161 805 205 1Ac.
842 163 1037 204 musra
1066 162 1448 205 commum

298 268 385 308 lum
415 267 606 307 adversus
634 266 805 307 rebellos
833 266 1146 321 Longobardos,
1188 267 1385 306 inferioris
1413 264 1550 305 Italiae
1570 263 1741 318 regulos,

299 323 515 371 incitabat,
546 331 802 363 recensentur
830 322 976 376 pallia,
1007 330 1136 362 vestes
1164 324 1359 376 pretiosae
1376 351 1389 372 ,
1421 321 1607 360 blatteae.
1665 321 1744 360 Pa-

300 379 399 417 riter
426 385 637 417 enumerat
662 378 828 417 Alexius
857 378 1083 417 Comnenus
1115 380 1156 417 in
1185 377 1352 431 epistola
1380 376 1430 415 ad
1454 376 1672 415 Henricum
1689 374 1742 414 V.

301 434 405 486 Imp.
440 434 717 484 Germanum,
756 434 799 471 in
827 432 1018 472 Alexiade
1053 448 1096 487 p.
1126 434 1194 487 93.
1226 433 1326 479 fine,
1359 433 1460 471 inter
1488 445 1557 480 ea,
1600 430 1746 484 quibus

299 489 432 542 ipsum
461 490 685 541 permovit,
716 494 762 526 ut
780 488 886 527 bello
915 487 1136 527 Robertum
1168 487 1434 526 Guiscardum
1463 486 1745 525 Normannum

301 543 610 597 aggrederetur,
652 543 845 597 pecuniae
873 543 1062 596 quidem,
1099 557 1145 582 ex
1173 550 1289 596 pacto
1321 544 1486 590 missae,
1533 539 1623 592 144.
1654 539 1744 579 mil-

300 598 354 637 lia
382 613 592 637 nummum
623 612 808 649 aureum,
839 605 878 637 et
906 598 1121 637 mittendae
1141 597 1235 638 216.
1259 596 1400 648 millia,
1433 596 1600 636 vestium
1613 602 1746 634 autem

301 648 446 693 ἑκατὸν
473 653 667 704 βλαττιά.
721 653 797 692 Ex
823 653 1035 707 Addend]

412 709 460 747 Β.
489 723 522 747 1.
555 708 667 762 [661‚
702 707 783 761 15.]
815 703 912 754 τούς
942 705 971 756 ζ’
1002 704 1178 760 κόμητας
1196 706 1273 745 τοῦ
1292 703 1426 746 αὕτοῦ
1442 703 1575 759 ῥῆγος.
1635 705 1741 755 Qui·

304 777 398 802 nam
427 762 467 801 hi
501 771 650 816 septem
680 764 783 817 regis
816 763 998 817 Hugonis
1026 763 1199 801 Comites
1227 762 1375 800 fuerint
1393 791 1406 808 ,
1441 761 1554 800 dictu
1585 760 1747 799 difficile

304 826 379 857 est.
437 818 639 857 Videntur
668 818 924 857 Max-chiones
951 827 990 857 et
1017 819 1192 857 Comites
1220 818 1339 856 iidem
1367 831 1468 855 esse.
1523 816 1653 854 Erant
1672 829 1746 854 au-

304 881 386 912 tem
411 881 498 911 tum
527 874 702 913 celebres
727 881 766 913 et
794 880 975 926 potentes
1002 875 1170 912 maxime
1199 871 1380 911 Marehio
1413 871 1548 910 ltaliae
1579 870 1643 910 vel
1676 871 1744 908 ln-

305 929 494 979 subriae,
545 931 659 968 cuius
698 928 929 981 metropolis
967 928 1241 967 Mediolanum
1293 927 1486 980 (adeoque
1525 940 1591 964 rex
1633 925 1750 978 Hugo

306 984 389 1037 ipse
417 990 506 1022 tum
533 991 618 1023 erat
635 983 818 1022 Marchio
850 983 1091 1034 lnmbriae),
1135 982 1316 1021 Mai-chio
1344 982 1488 1020 littoris
1517 981 1642 1019 Italici
1682 980 1748 1018 vel

307 1039 512 1090 Ligurici‚
562 1039 758 1090 Marchio¹
784 1040 953 1077 Tusciae
977 1068 989 1090 ,
1038 1037 1220 1077 Marchio
1266 1036 1510 1087 Romaniae,
1569 1034 1749 1074 Marchio

307 1092 408 1131 Fori
448 1093 540 1131 Iulii
588 1093 652 1132 vel
691 1093 951 1133 Tridentinus
1009 1099 1048 1132 et
1083 1093 1260 1146 Spoleti,
1306 1091 1487 1131 Marchio
1527 1090 1751 1143 Eporediae

309 1148 495 1202 denique.
552 1148 722 1188 TuscIae
778 1149 959 1187 Marchio
1007 1149 1113 1187 circa
1152 1148 1207 1187 A.
1250 1147 1343 1200 935.
1387 1153 1472 1186 erat
1518 1145 1747 1191 nubemus,

309 1209 398 1255 post
442 1205 612 1242 eiectum
659 1203 854 1243 Bosonem
873 1233 884 1252 ‚
935 1204 1117 1256 Hugonis
1163 1203 1265 1256 regis
1311 1202 1489 1240 fratrem.
1569 1199 1750 1247 Marehio

310 1257 572 1297 Tridentinus
603 1266 689 1298 erat
717 1260 942 1307 Manasses‚
987 1257 1083 1296 olim
1111 1259 1318 1311 episcopus
1347 1256 1616 1305 Arelatensis,
1653 1262 1752 1294 tunc

311 1320 445 1351 autem
474 1313 526 1351 ab
554 1312 672 1352 affine
707 1328 808 1362 suo,
855 1328 947 1367 rege
986 1313 1159 1366 Hugone
1179 1343 1190 1362 ,
1240 1315 1279 1351 in
1322 1311 1477 1350 ltaliam
1510 1316 1677 1349 vocatus
1712 1317 1753 1349 et

312 1368 542 1421 episcopatu
570 1375 689 1421 atque
716 1369 894 1408 marchia
916 1368 1099 1407 Tridenti
1115 1398 1125 1416 ‚
1155 1370 1249 1407 item
1278 1368 1504 1420 episcopatu
1528 1367 1750 1403 Mantuano

313 1429 352 1461 et
379 1422 601 1462 Veronensi
630 1424 814 1464 donatus.
883 1424 1065 1463 Marchio
1102 1423 1326 1477 Eporediae
1353 1430 1438 1460 erat
1465 1423 1752 1472 Berengarius,

312 1477 415 1516 filius
444 1478 668 1518 Adelberti.
726 1479 975 1533 Spoletinum
1003 1481 1185 1532 protinus
1215 1476 1523 1517 nominabimus.
1577 1475 1655 1514 Sed
1673 1474 1749 1514 Al-

312 1531 471 1572 bericus
514 1534 683 1572 Romam
728 1535 900 1575 consulis
941 1536 1104 1574 nomine
1145 1534 1331 1588 regebat,
1374 1532 1576 1571 Marociae
1616 1529 1748 1578 filius,

314 1587 498 1640 Hugonis
526 1591 627 1642 regis
654 1591 876 1643 privignus.
935 1590 982 1628 In
1010 1589 1209 1643 reliquos,
1240 1591 1271 1628 si
1299 1588 1427 1639 tanti,
1455 1587 1661 1640 inquirant
1687 1583 1751 1623 hi—

314 1645 459 1681 storiae
492 1643 653 1683 Italicae
681 1646 800 1684 medii
829 1647 916 1685 aevi
945 1646 1090 1684 curiosi
1113 1652 1354 1698 ruspatores.

425 1698 471 1736 B.
493 1711 533 1737 2.
566 1698 790 1754 [661,15.]
827 1704 911 1748 τοῖς
952 1697 984 1747 ς’
1021 1697 1275 1745 ἐπισκόποις.
1346 1698 1519 1747 Quinam
1551 1694 1669 1733 etiam
1709 1693 1752 1732 hi

314 1751 394 1790 sint
422 1766 486 1791 sex
515 1755 691 1807 episcopi
718 1757 819 1808 regis
846 1756 1053 1808 Hugonis,
1095 1769 1159 1793 me
1198 1754 1339 1793 melius
1364 1752 1535 1791 dixerint
1563 1748 1755 1788 historia·

316 1820 408 1845 rum
437 1808 557 1846 medii
589 1811 677 1848 aevi
706 1811 837 1863 periti.
896 1811 1019 1850 Forte
1048 1811 1196 1850 fuerint
1223 1809 1265 1848 hi
1295 1810 1467 1848 Pisanus
1516 1812 1586 1845 aut
1630 1805 1752 1843 lanu-

315 1863 420 1900 ensis
437 1891 449 1912 ‚
478 1863 700 1904 'ticinensis
710 1894 722 1916 ,
751 1865 1058 1906 Mediolanensis
1077 1895 1090 1916 ,
1118 1866 1386 1914 Veronensis,
1428 1860 1686 1916 Aquileianus
1713 1865 1755 1898 et

316 1916 545 1957 Ravennas.

426 1973 472 2010 B.
498 1973 537 2011 3.
567 1973 679 2028 [661,
710 1974 791 2030 17.]
821 1976 898 2014 τοῦ
928 1970 1103 2028 κόμητος
1138 1974 1211 2014 καί
1235 1969 1487 2026 μαρκησίου.
1550 1968 1750 2019 Mal-chio,

318 2028 401 2080 regi
436 2027 595 2081 Hugoni
625 2044 794 2082 parens,
836 2031 887 2069 ad
922 2031 1055 2069 thema
1085 2030 1388 2083 Longobardiae
1427 2026 1629 2081 proximus
1669 2031 1756 2063 erat

317 2084 423 2120 circa
451 2082 519 2121 illa
555 2090 735 2138 tempora
765 2085 1040 2135 Theobaldus,
1072 2085 1221 2138 Spoleti
1263 2093 1302 2123 et
1328 2083 1521 2122 Camertis
1551 2078 1752 2128 Marehio,

319 2150 446 2189 eoque
474 2139 639 2191 Λ.954.
671 2140 881 2187 defuncto,
928 2139 1169 2193 Ausgarius‚
1218 2140 1321 2178 filius
1361 2136 1593 2183 Adelherti‚
1642 2134 1756 2172 Mar-

319 2191 473 2230 chionis
500 2192 740 2245 Eporediae.
796 2195 999 2248 Spoletani
1017 2225 1027 2242 ‚
1063 2197 1245 2249 quamvis
1274 2195 1393 2232 duces
1424 2192 1659 2245 plerumque
1689 2201 1757 2226 au-

318 2245 474 2295 dirent,
517 2261 655 2288 revera
680 2258 812 2288 tamen
843 2251 1088 2290 marchiones
1117 2258 1155 2290 et
1196 2251 1360 2289 comites
1401 2254 1541 2294 erant,
1589 2250 1654 2292 et,
1707 2248 1756 2280 ut

320 2301 379 2339 ait
405 2302 604 2343 Murator.
636 2305 689 2343 Τ.
714 2305 750 2344 l.
781 2304 948 2359 Antiqu.
975 2305 1067 2343 Ital.
1108 2320 1148 2358 p.
1177 2319 1270 2358 270.
1287 2333 1298 2355 ,
1343 2317 1444 2341 nunc
1472 2302 1610 2347 ducis,
1657 2310 1758 2336 nww

319 2356 554 2396 marchionis
566 2387 579 2407 ‚
611 2360 800 2399 interdum
834 2362 954 2398 etiam
979 2362 1129 2399 comitis
1155 2361 1266 2398 titulo
1297 2358 1472 2410 insigniti
1495 2361 1715 2394 cernuntur-

429 2410 475 2449 C-
501 2410 540 2461 4.
573 2412 689 2466 [662,
713 2413 771 2468 5.]
803 2411 964 2463 ἐξόδου.
1023 2415 1132 2468 Ergo
1159 2429 1241 2453 non
1269 2426 1477 2458 nummos,
1524 2409 1593 2448 sed
1629 2411 1756 2446 vestes

322 2463 396 2521 ipsi
431 2465 654 2518 addebant,
695 2484 793 2522 quas
820 2470 1010 2508 venderet
1035 2470 1167 2519 (erant
1195 2476 1325 2507 autem
1369 2467 1491 2520 panni
1519 2461 1674 2502 CPtani
1712 2459 1752 2498 in

320 2518 486 2573 Europa
513 2523 748 2562 occidentali
777 2525 856 2563 cari
884 2532 924 2563 et
950 2525 1044 2575 rari)
1066 2533 1105 2563 et
1128 2524 1222 2563 inde
1242 2525 1407 2563 viveret.
1463 2521 1611 2559 Parum
1635 2515 1754 2565 digna

322 2571 421 2610 haec
447 2589 506 2614 res
540 2585 639 2616 esset
667 2578 804 2631 legatis
824 2586 1051 2618 nostrorum
1073 2593 1224 2632 regum.
1286 2578 1332 2615 lu
1355 2576 1553 2627 Abyssino
1572 2578 1611 2609 et
1628 2569 1754 2607 orien-

321 2626 467 2666 talibus
485 2631 721 2681 quibusdam
742 2634 900 2686 regibus
920 2636 1119 2672 minorum
1137 2633 1312 2686 gentium
1331 2629 1654 2683 paupertinarum
1677 2623 1754 2662 fer-

322 2685 403 2727 tur,
429 2683 460 2719 si
479 2683 591 2736 legati
615 2702 751 2726 eorum
772 2690 938 2727 Armeni
958 2697 1027 2727 aut
1044 2689 1178 2727 ludaei
1198 2694 1435 2726 mercatores
1455 2688 1561 2727 sunt,
1595 2687 1633 2718 et
1662 2691 1754 2717 cum

323 2737 528 2789 mancipiis
555 2744 731 2781 castratis
759 2750 1022 2782 mercaturam
1051 2750 1247 2782 exercent.
1313 2738 1425 2786 Cous.
1465 2736 1640 2775 Bernieri
1683 2733 1753 2771 lti-
