1884 3132
164 159 239 204 An
282 161 582 205 consum.
620 161 817 204 ponpa.
858 163 929 203 DE
970 162 1152 204 cmm.
1194 162 1361 203 mnu.
1411 137 1524 218 673

85 265 211 314 stimi,
239 264 363 302 altero
390 266 432 302 in
470 264 592 302 Getae
619 264 792 302 cubiculo
831 265 1020 303 baem-et.
1081 265 1376 318 Argumentum
1402 265 1521 302 insci—

89 319 169 357 tiae
194 319 475 372 antiquitatum
491 347 502 366 ‚
530 318 655 371 quod,
678 319 815 357 Niceta
833 325 947 365 teste,
979 334 1019 371 p.
1042 320 1137 373 339.
1157 320 1212 356 D.
1228 326 1398 357 statuam
1413 319 1523 357 Con·

89 374 253 411 stantini
287 374 344 411 Μ.
390 379 612 426 equestrem
650 373 812 425 qnidam
842 387 916 426 pro
942 375 1092 428 Pegaso
1121 380 1161 413 et
1185 372 1489 426 Bellerophonte
1506 399 1519 423 ‚

88 425 157 465 alii
184 441 256 479 pro
286 427 419 476 lusan,
449 427 531 466 filio
558 428 683 474 Nave,
724 428 928 470 haberent.
997 428 1114 467 Conf.
1144 428 1319 467 eiusdem
1356 429 1519 482 Fragm-

88 482 141 520 Τ.
157 483 233 521 Vl.
262 482 367 521 Bibl.
393 483 465 520 Gr.
491 482 664 520 Fabricii
686 496 727 534 p.
756 483 852 536 407.
886 483 959 521 E'J:
983 481 1191 535 Addend]

197 537 252 574 D.
274 535 521 589 antepenult.
553 536 666 591 [575‚
696 536 780 629 19.''}
824 533 964 588 σκεύη.
1050 537 1223 575 Videtur
1249 537 1313 575 hic
1342 545 1390 575 et.
1410 537 1522 575 simi·

88 589 196 629 libus
221 592 263 629 in
290 589 388 630 locis
426 586 551 643 σκεύη
595 591 694 630 nihil
738 591 847 630 aiud
893 604 1020 644 quam·
1041 591 1183 630 vexilla
1207 599 1361 630 notare.
1418 592 1521 630 Satis

88 644 166 683 hoe
192 652 357 698 apparet
397 659 489 683 cum
516 660 561 684 ex
598 646 793 686 adiectivo
832 643 953 684 λοιπὰ
973 675 985 694 ,
1016 647 1193 700 reliqua,
1233 647 1342 699 quod
1371 661 1519 699 suppo·

90 701 168 750 nit,
197 700 470 752 praecedentia
490 700 593 738 idem
622 715 712 739 cum
742 701 996 754 sequentibus
1022 715 1130 750 esse,
1159 708 1198 739 et
1225 715 1247 739 e
1275 715 1391 739 versu
1418 702 1522 753 pagi·

88 766 165 792 nae
181 753 299 794 huius
326 754 483 800 ultimo;
514 752 563 794 τὰ
585 753 877 808 προρῥηθέντα
907 752 1046 807 σκεύη,
1062 756 1270 809 praedicta
1289 770 1400 803 vasa,
1428 763 1523 794 sunt

89 815 271 860 secptra,
295 809 508 858 victoriae,
539 811 650 863 signa
678 817 753 848 ete.
808 810 922 848 Verti
949 817 1081 848 tamen
1110 825 1208 849 vasa
1237 811 1450 863 respiciens
1469 810 1521 848 ad

88 877 132 915 p.
150 861 246 914 541.
267 863 315 902 C.
333 863 436 911 fine,
466 863 537 902 ubi
564 866 666 903 inter
688 862 741 903 τά
771 863 898 916 σκεύη
926 865 1120 917 quaedam
1152 865 1398 916 referuntur,
1419 879 1523 918 quae

88 917 243 957 vexilla
259 932 339 956 uon
368 925 485 970 suut,
513 925 560 958 ut
586 933 728 972 magna
760 934 854 958 crux
887 927 925 958 et
951 922 1063 971 virga
1091 921 1230 959 Mosis.

196 971 251 1010 D.
281 980 465 1027 antepen.
500 973 618 1028 [575‚
646 975 730 1026 19.]
760 973 1119 1026 καμπηδικτώρια.
1200 973 1521 1027 Campiductoria

91 1033 206 1066 erant
230 1029 357 1081 signa,
386 1028 519 1081 qualia
549 1029 863 1081 campiductores
900 1037 1094 1082 gererent,
1130 1036 1198 1067 aut
1231 1027 1362 1081 qualia
1394 1031 1521 1066 mani-

86 1081 173 1134 puli
197 1081 417 1134 haberent,
446 1085 904 1136 quornmunusquisque
923 1098 946 1122 a
974 1083 1271 1136 campiductore
1291 1082 1354 1121 vel
1382 1083 1522 1122 docto-

87 1148 134 1174 re
158 1144 375 1189 regeretur.
432 1138 494 1177 De
533 1138 893 1191 campidoctoribus
931 1138 993 1177 vel
1031 1137 1419 1190 campiductoribus,
1447 1152 1520 1187 yv-

85 1194 289 1239 μνασταῖς
314 1191 399 1230 τῶν
424 1194 704 1245 στρατιωτῶν,
731 1207 812 1232 non
841 1202 1015 1245 repetam
1042 1193 1235 1232 aValesio
1252 1193 1303 1232 ad
1319 1192 1523 1231 Ammian.

89 1241 270 1297 Marcell.
275 1274 292 1293 ,
320 1261 344 1285 a
370 1246 593 1298 Gutherio,
622 1263 645 1286 a
682 1248 749 1285 Du
780 1248 929 1300 Cangio
958 1247 1023 1286 Gl.
1056 1249 1144 1286 Lat.
1172 1256 1211 1286 et
1239 1247 1325 1286 aliis
1352 1246 1471 1287 dicta.

197 1300 250 1338 D.
274 1315 368 1353 pen.
398 1301 511 1355 [575‚
539 1301 619 1354 19.]
660 1299 859 1354 λάβουρα.
928 1302 1093 1340 Labara
1120 1303 1218 1354 quid
1247 1303 1417 1347 suerint,
1446 1315 1522 1340 no·-

92 1360 182 1391 tum
209 1361 283 1404 est,
314 1363 354 1393 et
366 1355 481 1394 multi
501 1356 627 1394 multa
657 1356 706 1394 de
734 1371 796 1394 eo.
826 1357 944 1394 Conf.
973 1357 1041 1394 Du
1053 1357 1186 1408 Gange
1216 1356 1283 1394 Gl.
1318 1357 1402 1393 Lat.
1420 1355 1517 1394 h.v.

90 1408 153 1456 De
178 1408 415 1462 etymologia
452 1417 610 1448 tantum
638 1411 830 1460 monebo,
859 1411 1016 1463 linguae
1034 1412 1211 1449 Graecae
1237 1424 1320 1450 esse
1348 1410 1522 1448 vocabu-

91 1461 200 1512 lum,
229 1470 269 1502 et
298 1478 381 1502 non
406 1461 637 1503 barbaricae
662 1465 848 1516 originis3
880 1466 976 1503 mihi
1003 1464 1132 1503 videri
1158 1480 1182 1503 a
1209 1459 1378 1511 λαπαρὰ
1409 1478 1522 1516 repe-

88 1517 255 1569 tendum
278 1532 385 1566 esse,
416 1527 456 1558 et
481 1514 672 1570 λαπαρόν
696 1521 810 1557 initio
839 1519 989 1557 dictum
1017 1519 1135 1558 fuisse
1158 1519 1233 1557 hoc
1280 1517 1414 1558 velum
1457 1518 1520 1557 vel

89 1571 307 1622 vexillum,
350 1573 460 1626 quod
500 1573 624 1626 duplo
651 1588 784 1626 panno
813 1581 881 1612 aut
908 1575 1016 1612 corio
1042 1581 1224 1625 paratum
1253 1581 1293 1612 et
1321 1573 1426 1610 intus
1453 1587 1521 1611 ca-

89 1639 187 1665 vum
210 1635 331 1681 atque
356 1626 527 1667 vacuum
555 1636 679 1678 esset,
706 1636 750 1667 ut
779 1635 898 1667 vento
934 1636 1150 1667 tumescere
1176 1637 1295 1681 atque
1341 1627 1521 1666 detume-

89 1694 199 1720 scere
229 1689 374 1735 posset.
418 1683 614 1721 Scribitur
639 1690 773 1721 autem
799 1680 865 1721 hic
894 1677 1080 1733 λάβουρα
1109 1697 1182 1736 pro
1212 1680 1394 1734 λάβωρα.
1423 1682 1523 1721 Nam

90 1735 277 1787 λάβαρον
315 1744 354 1776 et
392 1734 580 1788 λάβωρον
611 1739 776 1790 perinde
803 1738 948 1776 dicitur
976 1745 1095 1790 atque
1121 1738 1321 1777 scribitur.
1397 1736 1522 1790 Atqui

93 1804 128 1828 ω
157 1798 196 1829 et
222 1804 272 1829 ου
300 1804 415 1845 saepe
457 1795 673 1845 permutari
709 1792 892 1845 exemplis
931 1792 1226 1843 demonstravi,
1264 1793 1334 1830 ubi
1363 1792 1412 1831 de
1439 1799 1521 1830 ter-

90 1846 307 1885 minatione
367 1843 505 1900 ούριον
559 1847 633 1898 (ut
680 1841 946 1900 ὄρνατούριον
991 1861 1065 1900 pro
1115 1848 1353 1886 amatorium
1407 1846 1519 1899 etc.)

92 1899 278 1939 dicerem.

201 1955 254 1992 D.
282 1970 372 2008 pen.
410 1956 526 2011 [575‚
553 1956 634 2012 19]
662 1949 797 2008 olyra.
862 1958 993 1996 Erant
1029 1946 1126 1996 olim
1167 1963 1313 1995 nomen
1339 1955 1524 2008 generale

93 2009 307 2061 insignium
332 2011 565 2050 militarium
610 2015 806 2051 omnium.
874 2012 919 2050 In
963 2020 1099 2051 nostro
1129 2019 1262 2050 tamen
1290 2012 1425 2050 codice
1452 2024 1523 2048 ve-

93 2062 188 2101 'xilla
215 2067 489 2104 tantummodo
518 2067 587 2105 illa
613 2065 827 2116 denotant,
856 2068 897 2104 in
926 2067 1069 2121 quibus
1096 2074 1274 2120 protome
1305 2067 1524 2116 1111pe1·ato-'

91 2130 148 2156 ris
179 2129 378 2170 purpureo
415 2135 548 2172 panno
589 2123 718 2160 insuta
746 2129 855 2160 esset.
929 2120 1081 2175 Colligo
1115 2136 1136 2159 e
1164 2120 1259 2160 locis
1291 2121 1523 2158 Glossarum

93 2179 134 2210 et
160 2175 433 2213 commentarii
478 2177 568 2214 msti
604 2176 838 2241 Apocryphi
863 2175 913 2214 de
938 2177 1029 2214 Vita
1079 2177 1166 2215 Iesu
1206 2175 1380 2222 Christi,
1423 2187 1523 2226 quos

93 2226 204 2264 dedit
229 2227 298 2265 Du
338 2229 471 2282 Cange
497 2245 538 2267 v.
581 2230 797 2284 Προτομη.
863 2230 975 2268 Conf.
1013 2245 1116 2282 quae
1152 2230 1258 2268 idem
1288 2227 1354 2266 Gl.
1384 2228 1455 2265 Gr.
1483 2241 1523 2279 p.

99 2279 215 2332 1345.
245 2283 359 2320 initio
386 2283 435 2321 de
463 2284 750 2335 sebastophoris
778 2284 910 2325 habet.
938 2285 1094 2323 Nice-ias
1108 2299 1147 2337 p.
1172 2283 1259 2322 126.
1283 2283 1335 2320 D.
1355 2281 1418 2319 8.:
1448 2296 1524 2332 ση-

95 2338 225 2384 μεῖαι,
256 2335 304 2375 αἳ
325 2333 424 2380 τούς
449 2338 635 2386 βασιλεῖς
660 2339 918 2387 εἰκονίζουσι.

103 2410 108 2413 -
171 2405 174 2407 ·
203 2390 257 2428 D.
273 2405 377 2452 pen.
407 2391 521 2444 [575‚
545 2390 632 2444 20.]
663 2388 908 2432 ὑποκατιῶν.
967 2392 1014 2430 ld
1046 2399 1104 2429 est
1137 2387 1430 2434 ὑποκατιόντος
1457 2389 1523 2428 vel

96 2437 359 2487 ὅποκατιοντι
377 2475 389 2495 ,
422 2447 458 2483 si
484 2447 570 2499 quis
598 2446 819 2495 descendat,
846 2453 908 2495 et,
945 2445 1079 2497 quoad
1104 2459 1287 2491 sensum,
1314 2439 1522 2495 ὑποκάτω,

100 2498 220 2548 irfin-
274 2499 369 2538 Vid.
402 2500 507 2538 dicta
535 2500 585 2538 ad
612 2514 654 2553 p.
674 2500 768 2539 313.
789 2500 840 2538 A.
867 2514 925 2539 ιο.

180 2553 272 2591 553.
289 2553 341 2592 A.
369 2568 431 2592 12.
463 2554 579 2608 [576,
600 2553 659 2606 6.]
701 2554 973 2603 μονοπέλυκα.
1032 2553 1134 2590 Sunt
1173 2551 1268 2590 alias
1303 2548 1524 2602 ἧμιηέλειὲἐ
1558 2602 1562 2605 ι

100 2618 170 2643 και
197 2606 324 2646 dictae
346 2638 357 2655 ‚
388 2623 543 2647 secures
570 2609 788 2660 unipennes
810 2636 823 2655 ‚
851 2615 907 2658 ut>
927 2609 983 2645 ita
1011 2606 1140 2645 dicam
1163 2636 1173 2651 ,
1207 2620 1286 2644 non
1318 2605 1522 2658 bipennes.

103 2658 207 2697 Nam
232 2660 421 2714 bipennes
467 2670 558 2702 sunt
585 2664 743 2715 proprie
770 2658 813 2700 αἱ
842 2654 1050 2710 neuim,
1081 2661 1145 2698 hic
1173 2668 1303 2699 autem
1334 2658 1409 2698 loci
1436 2659 1524 2708 ι’ζι-4

102 2709 267 2763 κου’ρια.
323 2717 463 2756 Graeci
502 2713 775 2769 ἦμαπέλεκκαν
802 2716 997 2756 vocabant
1023 2711 1069 2754 τὸ
1101 2711 1231 2767 ἥμισυ
1259 2713 1336 2753 τοῦ
1362 2714 1525 2753 nezem-:³

150 2798 411 2836 Constantinus
433 2800 605 2848 Porphyr.
640 2803 712 2837 Vol.
741 2796 786 2838 ῙῙ.
930 2802 933 2805 ’
1226 2799 1269 2843 43
1337 2811 1339 2813 ’
