1884 3132
281 101 404 177 ,744
579 120 653 164 10.
694 120 800 163 iAe.
840 122 1036 163 ausim
1056 116 1059 118 ’
1079 115 1460 166 COMMENTARII

403 222 450 260 Β.
480 236 522 276 9.
555 221 675 277 [654,
703 221 767 277 3.]
800 222 976 280 σαξᾲιῳ.
1035 223 1182 278 Liquet
1222 239 1267 264 ex
1307 225 1395 279 ipso
1423 226 1568 280 capite,
1596 224 1745 283 δεξίμῳ

296 276 510 331 legendum
539 292 640 317 esse.
701 279 821 329 Quod
851 281 891 317 in
922 280 1075 318 Latinis
1104 282 1224 319 etiam
1252 281 1437 333 expressi.

404 333 448 371 B.
490 332 647 388 penult.
694 333 898 388 [6345]
941 335 986 374 ἐν
1031 331 1212 386 πρώτοις
1256 332 1337 374 dno
1384 335 1459 388 τῆς
1499 331 1747 388 συγκλήτου.

297 388 507 436 Quantum
534 389 667 435 video,
705 389 1041 441 significanthaec
1062 389 1185 429 verba
1202 404 1214 428 τ
1245 390 1296 430 de
1322 398 1409 430 toto
1437 405 1605 444 corpore
1634 405 1750 429 sena-

297 449 363 481 tus
407 450 465 482 est
504 444 777 497 expraefectus
814 447 993 499 primuS,
1045 447 1114 499 qui
1155 459 1203 486 eo
1231 445 1297 485 die
1324 446 1374 486 ad
1403 460 1625 500 purpuram
1653 445 1751 486 ado-

294 498 463 536 randam
494 500 734 538 admittitur.

409 554 455 592 C.
490 568 529 593 2.
567 554 683 607 [634
705 553 764 610 7.]
793 547 943 594 αὐτοῦ.
970 603 972 606 7
1000 555 1061 594 Ita
1089 556 1165 603 M„
1194 555 1263 594 sed
1292 555 1368 609 leg.
1399 554 1547 608 αὐτῆς.

412 610 457 651 C.
486 624 577 673 pen.
605 609 716 663 [634
752 607 828 663 11.]
853 607 1085 660 Σκλάβους.
1145 611 1208 649 De
1232 609 1307 650 hac
1326 612 1546 650 defectione
1565 617 1603 650 et
1617 618 1753 651 secuta

301 663 583 718 subiugatione
597 665 833 705 sclavorum
845 672 980 704 narrat
996 666 1283 705 Constantinus
1303 666 1558 720 Porphyrog.
1581 681 1622 720 p.
1646 667 1754 716 153„

300 720 410 758 unde
427 719 643 774 colligitur,
658 722 861 774 regionem
878 720 1149 772 subdititiam,
1174 736 1277 775 quae
1300 721 1365 761 hic
1379 729 1640 770 memoratur,
1654 721 1754 760 mihi

301 776 464 827 quidem
479 776 626 829 ignota,
645 776 688 815 in
703 777 979 830 Peloponneso
997 783 1036 815 et
1049 777 1209 829 quidem
1234 778 1338 816 circa
1357 778 1599 831 Spartanum
1616 790 1758 830 agrum

303 830 437 869 fuisse.
460 831 583 870 Forte
601 839 733 870 tamen
754 833 803 871 de
821 831 897 871 alia
915 831 1131 871 rebellione
1144 832 1377 871 Sclavorum
1399 847 1528 872 sermo
1541 832 1607 871 hic
1621 839 1694 880 est,
1707 831 1759 871 de

304 885 381 924 alia
394 900 487 925 vero
503 887 924 940 apudConstantinum
941 887 1028 926 loco
1045 888 1180 926 citato.
1200 887 1328 927 Paulo
1343 895 1434 942 post
1448 889 1552 927 enim
1566 901 1758 926 memora-

304 948 371 979 tur
391 941 560 981 defectio
584 942 820 981 Sclavorum
834 942 1196 981 Thessalonicensis
1209 944 1310 996 agri,
1331 951 1370 982 et
1382 943 1487 996 apud
1501 943 1703 982 Ortelium
1714 943 1757 980 in

304 996 493 1036 thesauro
517 998 781 1050 geographico
811 999 968 1050 reperio
985 1027 995 1047 ‚
1030 997 1225 1036 thdalia
1255 998 1362 1050 apud
1383 997 1659 1037 Balsamonem
1677 1010 1760 1036 esse

306 1052 440 1090 sedem
471 1050 736 1105 episcopalem
775 1053 851 1091 sub
878 1051 1154 1105 patriarchatu
1185 1052 1363 1091 CPtano.
1397 1054 1512 1104 Quae
1536 1053 1654 1091 nimis
1687 1066 1759 1091 va-

306 1121 354 1160 ga
395 1114 454 1146 est
475 1108 697 1160 designatio
715 1137 725 1157 ‚
755 1109 830 1146 nisi
858 1107 1050 1146 Subdalia
1070 1109 1109 1145 in
1129 1109 1277 1146 vicinia
1298 1107 1475 1147 CPoleos
1488 1109 1620 1147 fuerit.
1660 1107 1759 1146 Sae-

307 1163 398 1214 pius
429 1164 580 1201 mentio
608 1163 652 1200 fit
680 1161 916 1202 Sclavorum
949 1164 989 1201 in
1017 1162 1224 1202 Thessalia
1253 1170 1291 1201 et
1321 1163 1598 1217 Peloponneso
1617 1193 1627 1211 ‚
1659 1176 1760 1215 quas

309 1218 420 1256 sedes
465 1219 715 1271 potissimum
756 1219 986 1257 invaserant
1001 1247 1013 1268 ‚
1055 1217 1407 1257 tumultuantium.
1465 1219 1527 1258 Ita
1567 1224 1765 1257 memorat

311 1273 585 1326 Luitprandus
632 1273 895 1312 defectionem
938 1272 1175 1312 Sclavorum
1220 1273 1640 1314 Thessalonicensium
1683 1272 1764 1313 sub

309 1327 496 1367 Romano
524 1329 735 1380 Lecapeno
762 1329 809 1366 L.
839 1329 915 1367 111.
949 1342 986 1367 c.
1019 1326 1057 1368 5.

420 1384 475 1421 D.
506 1383 548 1422 6.
577 1382 696 1438 [654.
726 1381 811 1436 17.]
844 1381 1150 1437 ἠμφιεσμένην.
1209 1382 1269 1423 Ita
1296 1384 1355 1422 M.
1388 1384 1435 1425 L.
1466 1379 1768 1436 ἢμφιεσμένον.

396 1438 494 1492 567.
522 1440 571 1478 A.
601 1439 643 1478 5.
676 1437 790 1493 [655,
812 1437 869 1492 6.]
900 1436 958 1485 ὥς
984 1435 1200 1490 ὑπηκόοις.
1263 1438 1417 1492 Nempe
1434 1439 1614 1491 acceptio
1629 1438 1766 1489 vestis,

312 1493 464 1532 libi-eae
494 1493 559 1533 vel
587 1493 797 1544 liberatae,
828 1501 873 1532 ut
901 1493 1155 1548 appellabant
1182 1494 1313 1534 medio
1340 1508 1457 1545 aevo,
1491 1501 1576 1534 erat
1607 1492 1765 1532 confes-

311 1550 370 1588 sio
399 1548 620 1588 clientelae.
678 1549 764 1588 Iam
794 1550 969 1602 antiquis
995 1549 1244 1603 temporibus
1273 1551 1478 1589 Romanae
1506 1549 1656 1588 liberae
1683 1548 1766 1586 rei-

312 1604 496 1658 publicae
535 1604 700 1658 legimus
740 1618 763 1643 a
800 1613 939 1644 senatu
977 1605 1117 1644 missas
1163 1605 1283 1644 fiiisse
1320 1606 1441 1644 variis
1483 1603 1523 1643 in
1552 1605 1766 1657 Aegypto,

316 1660 483 1710 Africa,
530 1660 625 1699 Asia
666 1660 821 1699 minore
849 1660 995 1714 regulis
1013 1691 1022 1708 ‚
1063 1659 1268 1700 clientelae
1298 1674 1402 1699 nexu
1431 1674 1523 1698 cum
1564 1657 1770 1712 republica

316 1716 486 1764 iunctis,
518 1715 632 1754 sellas
659 1715 843 1767 curules,
871 1716 1031 1755 trabeas
1058 1730 1303 1770 purpureas,
1349 1716 1544 1767 scipiones
1573 1715 1771 1753 eburneos

319 1771 362 1808 in
405 1771 621 1810 maiestatis
665 1771 828 1823 quidem
868 1773 1059 1811 iactatum
1095 1772 1283 1824 signum,
1333 1770 1403 1809 sed
1441 1783 1564 1823 quam
1593 1769 1769 1808 donante

319 1825 549 1878 republica,
593 1840 673 1865 non
716 1841 787 1865 sua
823 1828 866 1866 vi
894 1834 1014 1880 atque
1043 1828 1159 1876 iure,
1206 1825 1450 1865 obtinerent.
1510 1825 1622 1863 Inter
1659 1825 1772 1876 signa

321 1882 454 1933 regia,
503 1895 606 1934 quae
645 1882 820 1920 Iustinus
858 1882 941 1936 regi
971 1882 1166 1921 Lazorum
1205 1881 1424 1920 clientelari
1461 1879 1621 1927 tribuit,
1652 1879 1775 1917 refert

323 1951 416 1974 cum
462 1935 548 1975 aliis
595 1935 849 1990 chlamydem
896 1951 1018 1976 aureo
1059 1936 1184 1975 tablio
1227 1938 1464 1976 instructam
1508 1934 1775 1987 Theophanes

324 2005 366 2044 p.
403 1990 491 2042 144.
510 2021 522 2041 ,
568 1991 788 2044 Procopius
827 1999 866 2031 et
894 1991 1102 2047 Agathias.
1167 1993 1316 2031 Imitati
1360 1991 1525 2030 fuerunt
1563 1988 1777 2030 orientales

326 2047 541 2099 principes,
576 2047 792 2086 Persarum
821 2061 934 2100 reges
962 2055 1001 2086 et
1025 2047 1254 2086 Turcarum
1282 2045 1463 2085 Solthani
1482 2075 1493 2097 ‚
1523 2045 1574 2084 de
1601 2058 1775 2098 quorum

328 2115 441 2140 more
473 2102 624 2140 Veziris
652 2104 733 2140 suis
773 2109 811 2140 et
839 2103 964 2155 Deyis
992 2101 1159 2156 aliisque
1186 2102 1334 2155 regulis
1363 2102 1412 2140 de
1440 2115 1483 2139 se
1518 2099 1779 2153 dependenti-

328 2157 405 2195 bus
434 2155 594 2195 Challas
623 2159 798 2217 mamb,
839 2157 1052 2208 mittendi,
1080 2172 1180 2211 quas
1221 2157 1431 2210 repudiare
1459 2170 1539 2194 non
1581 2155 1671 2194 licet
1698 2153 1780 2204 illi,

332 2225 399 2260 cui
438 2223 667 2270 mittuntur,
710 2230 749 2261 et
791 2223 1004 2261 admittens
1042 2224 1084 2262 in
1127 2223 1319 2277 obsequio
1353 2236 1393 2262 se
1431 2222 1644 2275 profitetur
1670 2232 1781 2269 esse,

332 2277 442 2330 pleni
469 2285 562 2316 sunt
601 2279 880 2317 itineratorum
903 2285 1133 2318 nostrorum
1162 2278 1269 2318 libri.
1297 2278 1394 2317 Vid.
1424 2278 1492 2316 Du
1514 2277 1709 2330 Cangium
1735 2287 1780 2313 v.

333 2333 465 2372 Rohae
493 2347 633 2372 novae.

447 2386 500 2426 A.
528 2388 567 2427 6.
598 2388 710 2439 [635‚
736 2386 801 2442 8.]
838 2386 1153 2442 Θεοφυλοῖκτου.
1209 2386 1539 2440 Theophylactus
1566 2391 1650 2424 erat
1677 2382 1786 2422 filius

337 2442 510 2482 Romani
540 2445 734 2496 Lecapeni
766 2443 884 2496 Imp„
914 2444 1120 2482 ordinatus
1147 2445 1188 2482 in
1217 2442 1486 2497 patriarcham
1514 2440 1711 2479 Februar.
1742 2451 1783 2477 2.

339 2498 394 2536 A.
422 2499 469 2536 C.
498 2499 605 2551 953„
640 2506 683 2537 ut
708 2499 893 2552 perhibet
920 2499 1128 2538 Fabricius
1157 2497 1268 2538 Bibl.
1297 2499 1371 2536 Gr.
1409 2498 1462 2536 T.
1492 2495 1566 2534 Vl.
1593 2508 1635 2547 p.
1668 2506 1782 2547 711.,

337 2560 500 2591 auctore
528 2554 594 2591 Du
625 2554 776 2606 Cangio
808 2555 847 2592 in
877 2553 1025 2593 Famil.
1064 2554 1160 2608 Byz.
1191 2568 1231 2606 p.
1269 2551 1374 2606 147.;
1405 2558 1444 2590 et
1483 2563 1576 2588 sane
1615 2548 1787 2587 Indictio

337 2615 448 2645 sexta
471 2638 480 2654 ‚
526 2609 590 2646 cui
638 2610 720 2646 Leo
753 2610 1046 2648 Grammaticus
1087 2609 1190 2648 hanc
1228 2607 1517 2660 promotionem
1549 2602 1715 2652 tribuit,
1745 2603 1787 2642 in

342 2661 397 2700 A.
426 2662 471 2699 C.
505 2664 599 2715 933.
632 2664 786 2711 incidit,
822 2679 963 2702 verum
992 2678 1120 2703 annus
1159 2662 1299 2702 mundi
1326 2659 1447 2710 6442.
1471 2661 1579 2697 iuxta
1620 2672 1787 2711 compu-

340 2722 427 2754 tum
459 2717 702 2758 Graecorum
741 2720 880 2758 incidit
922 2721 963 2759 in
995 2719 1049 2758 A.
1091 2719 1137 2758 C.
1175 2717 1271 2771 954.
1330 2714 1501 2757 Videtur
1539 2728 1632 2768 ergo
1677 2712 1788 2767 apud
