1832 3126
179 233 186 249 2
256 186 331 230 An
371 185 669 229 CONSTANT.
707 186 905 228 ponpa.
940 187 1012 228 DE
1053 184 1233 228 cmm.
1271 168 1371 227 1213.
1410 186 1445 227 1.
1486 166 1562 241 89

128 289 224 330 Vita
252 289 295 328 S.
327 289 517 329 Germani
541 288 593 328 ab
619 288 795 328 Henrico
823 287 1037 343 scripta.]*
1096 288 1298 328 Hactenus
1321 287 1562 328 Adversaria

129 344 360 384 Leichiana.
1465 362 1471 379 τ
1555 366 1573 390 4·

238 398 280 438 8.
297 399 351 438 A.
370 397 413 438 6.
437 397 530 454 [12,
553 397 638 453 16.]
668 391 708 436 οἱ
733 396 811 436 τοῦ
835 396 1001 448 μέρους.
1059 390 1141 453 Qui
1162 398 1221 438 ad
1231 399 1454 452 factionem
1464 412 1561 453 per·

128 454 265 493 tinent.
303 454 437 493 Latini
466 467 625 507 quoque
646 466 746 508 pars
766 466 839 504 pro
848 453 983 502 saccio
1011 451 1212 493 dixerunt.
1269 455 1367 493 Vid.
1392 453 1560 494 Salmas.

126 509 180 548 ad
203 509 291 564 861·Γ
324 509 430 548 Hist.
461 508 570 561 Aug.
603 508 656 546 T.
682 508 717 545 l.
748 521 791 559 p.
815 505 910 556 534.

203 583 221 593 1
237 563 295 602 A.
313 562 355 603 8.
403 576 467 611 η,
489 561 574 616 ι8.]
602 558 947 615 κατασφραγιζει.
1002 562 1126 601 Facto
1155 577 1275 602 manu
1301 564 1412 615 signo
1438 563 1563 602 crucis

125 617 328 658 benedabzt.
408 617 519 668 [Cur
549 612 731 670 σφραγίς
769 616 874 655 dicta
909 616 1029 655 fuerit
1066 632 1169 656 crux
1199 618 1285 656 vid.
1321 616 1486 657 Pantin.
1518 618 1563 656 in

126 673 178 712 L.
203 673 239 712 Ι.
268 672 318 711 de
343 673 428 712 vita
444 672 488 711 S.
517 670 691 710 Theclae
724 685 768 709 n.
799 671 913 711 XIX.
959 679 998 710 et
1033 672 1287 725 Wagnereck
1325 674 1367 711 in
1399 674 1483 712 vita
1516 673 1561 712 S.

127 726 296 766 Cosmae
322 741 414 780 pag.
438 725 556 780 38.]*
587 733 627 765 et
656 727 723 764 Du
753 725 885 779 Gange
907 726 1038 766 Gloss.
1071 728 1145 766 Gr.
1177 741 1218 766 v.
1251 726 1444 780 σφραγίς.
1501 727 1563 767 Ut

125 795 175 821 ex
214 781 351 821 addito
392 780 544 820 scholio
583 788 624 820 et
662 779 750 820 aliis
785 781 903 820 huius
937 782 1084 821 codicis
1127 781 1224 821 locis
1258 789 1368 836 patet
1385 812 1398 833 ‚
1442 781 1563 821 fiebat

126 834 228 876 haee
248 837 476 877 benedictio
498 835 564 876 vel
584 836 806 889 obsignatio
831 836 975 876 lacinia
1002 838 1121 877 vestis
1136 867 1148 886 ‚
1178 852 1259 877 non
1287 837 1396 876 nuda
1422 851 1562 876 manu.

124 889 182 931 Et
223 893 281 932 sic
324 905 486 946 quoque
527 892 750 945 Imperator
781 891 944 945 quando
989 893 1031 931 in
1076 892 1320 932 Cathismate
1358 890 1424 932 vel
1466 891 1564 932 alibi

125 945 322 1000 populum
358 947 472 1001 signo
508 947 636 986 crucis
661 948 817 999 signare
844 946 988 997 vellet,
1028 947 1199 987 faciebat
1230 949 1478 1002 praepositus
1517 962 1565 987 ex

124 1003 211 1041 eius
244 999 390 1041 lacinia
430 1003 552 1041 vestis
596 999 828 1055 ῥωσθέλιον
842 1033 855 1052 ,
864 1037 880 1062 l
899 1002 1141 1055 peculiarem
1182 1002 1328 1056 plicam
1359 1003 1564 1056 aliquam,

125 1070 249 1109 quam
274 1058 350 1110 ipsi
377 1058 419 1095 in
446 1070 590 1096 manus
613 1056 759 1107 dabat,
799 1063 845 1096 ut
873 1070 921 1096 eo
948 1058 1141 1111 populum
1173 1060 1364 1111 signaret.
1419 1060 1564 1097 Mana-

122 1113 184 1151 vit
212 1110 280 1151 ille
307 1126 394 1151 mos
421 1113 711 1166 Imperatorum
746 1126 791 1150 ex
817 1111 886 1151 illo
914 1115 1042 1152 veteri
1070 1113 1347 1167 Augustorum
1369 1115 1566 1153 Romano·

122 1179 215 1207 rum
232 1195 246 1217 ‚
273 1167 343 1220 qui
360 1166 554 1220 populum
571 1167 799 1206 Circensem
814 1181 994 1221 purpura
1010 1182 1081 1208 sua
1097 1169 1409 1209 venerabantur.
1447 1168 1565 1209 Clau-

124 1220 237 1261 dian.
269 1221 475 1262 consulat.
506 1222 676 1262 Honorii
702 1223 804 1266 V1.,:

1098 1280 1207 1332 regia
1238 1279 1348 1319 Circi

290 1331 514 1373 Conniaeam
540 1330 727 1387 gradibus
753 1342 966 1374 veneratur·
984 1348 1166 1389 purpura
1188 1335 1342 1388 vulgus.

122 1386 256 1427 Possit
286 1402 447 1442 quoque
476 1402 563 1428 mos
596 1396 706 1428 veste
735 1391 866 1429 crucis
895 1391 1052 1443 signum
1083 1390 1327 1443 exprimendi
1359 1396 1476 1430 natus
1511 1403 1560 1429 eo

122 1441 243 1482 fixisse
268 1443 377 1484 credi
392 1473 405 1493 ,
433 1444 542 1496 quod
570 1445 721 1483 nemini
734 1473 747 1493 ‚
781 1452 939 1497 praeter
965 1445 1188 1484 sacerdotes
1202 1475 1213 1495 ‚
1262 1445 1406 1484 licebat
1435 1459 1562 1484 manu

124 1497 237 1535 nuda
265 1499 394 1537 crucis
419 1499 533 1551 signo
558 1498 729 1537 alterum
746 1501 918 1552 signare.
973 1499 1162 1539 Scholion
1190 1507 1324 1539 autem
1356 1500 1458 1538 illud
1477 1499 1561 1538 huc

124 1553 351 1604 pertinens,
383 1554 478 1606 quia
503 1553 544 1591 in
571 1560 746 1592 extremo
768 1556 947 1606 margine
977 1554 1053 1592 fuit
1079 1562 1307 1604 exaratum,
1336 1569 1456 1607 quem
1474 1553 1564 1592 cul-

123 1605 246 1646 tellus
282 1606 500 1661 bibliopegi
535 1607 721 1660 deinceps
751 1609 946 1661 praecidit
962 1638 975 1658 ‚
1015 1616 1055 1648 et
1087 1609 1212 1648 literis
1249 1611 1413 1648 minutis
1442 1616 1565 1661 atque

123 1663 465 1715 per,compendia
499 1669 704 1701 exaratum
734 1670 793 1702 est
806 1693 818 1713 ‚
863 1671 909 1702 ut
943 1665 1088 1716 passim
1126 1671 1219 1703 sunt
1258 1663 1409 1703 scholia
1442 1663 1563 1703 huius

125 1715 284 1756 Codicis
299 1746 311 1767 ‚
351 1717 521 1770 ideoque
549 1717 652 1756 lectu
693 1717 852 1756 difficile
884 1718 978 1769 fuit,
1019 1719 1112 1758 inde
1152 1719 1304 1758 factum
1321 1748 1333 1769 ‚
1375 1725 1422 1758 ut
1454 1719 1563 1772 typis

122 1784 207 1810 non
233 1773 329 1811 satis
367 1779 551 1812 accurate
579 1772 631 1811 ad
661 1773 780 1812 fidem
814 1773 1142 1813 membranarum
1179 1774 1332 1813 editum
1362 1774 1560 1826 prodiret.

122 1825 189 1865 Sic
217 1833 352 1866 autem
378 1827 496 1869 debet
522 1828 702 1868 restitui:
727 1826 896 1878 Ἰστέον,
926 1822 991 1868 ὅτι
1009 1852 1029 1858 -
1047 1852 1069 1858 -
1086 1825 1416 1882 κατασφραγιζει
1444 1827 1470 1867 ὅ
1497 1827 1560 1868 δο-

121 1880 313 1931 μέστικος
338 1882 423 1921 τῶν
449 1882 612 1934 σχολῶν
629 1879 732 1934 μετὰ
753 1879 799 1922 τὸ
826 1875 952 1936 ἄκρον
977 1882 1053 1935 τῆς
1081 1881 1216 1923 αὐτοῦ
1229 1882 1430 1934 χλανίδος
1446 1878 1554 1935 πρὸς

119 1931 197 1974 ’τὸν
230 1935 411 1986 βασιλέα
452 1937 602 1990 τρίτον.
658 1937 733 1977 καί
766 1933 917 1989 πάλιν,
976 1939 1060 1978 τῶν
1106 1937 1293 1991 κρακτῶν
1330 1936 1557 1990 λεγόντων,

121 1985 285 2029 ἵσταται
308 1989 552 2041 ’δεδεμέναις
588 1995 682 2038 ταῖς
717 1990 855 2044 χερσί.
907 1989 983 2031 καί
1016 1989 1140 2032 πάλιν
1175 1992 1249 2032 τοῦ
1289 1992 1395 2036 λαοῦ
1422 1993 1560 2044 λέγον-

46 2074 48 2076 ,
121 2056 192 2090 τος
218 2051 296 2085 etc.
352 2046 594 2086 Domesticus
619 2047 838 2087 scholarum
868 2049 1016 2087 lacinia
1043 2050 1194 2087 tunicae
1216 2062 1307 2087 suae
1335 2048 1558 2102 Impemto-

122 2112 204 2138 rem
231 2108 291 2138 ter
318 2101 471 2153 signac3
507 2111 546 2141 ec
576 2117 706 2141 rursus
745 2102 859 2157 [acta
885 2102 983 2157 sua]
1018 2103 1251 2152 dicentibus,
1293 2103 1334 2141 id
1369 2110 1429 2142 est
1451 2104 1560 2142 vices

122 2166 214 2192 suas
241 2154 498 2205 obeuntibus,
525 2158 782 2211 praeconibus
805 2165 876 2197 aut
906 2159 1136 2207 cantoribus,
1176 2166 1253 2196 stat
1271 2158 1445 2196 manibus
1461 2158 1558 2210 lign-

120 2209 193 2258 tis,
233 2209 274 2248 id
313 2217 372 2249 est
401 2211 628 2250 decussatim
653 2214 807 2267 pectori
839 2215 1051 2268 impositlk,
1104 2211 1214 2266 quali
1247 2212 1388 2251 habitu
1417 2226 1555 2253 coram

118 2262 296 2316 Regibus
326 2265 485 2305 Persiae
513 2273 552 2305 et
567 2266 783 2306 Armeniae
796 2297 808 2318 ‚
837 2268 930 2308 dein
955 2283 1091 2307 coram
1106 2268 1411 2320 Imperatoribus
1427 2267 1559 2308 CPta-

126 2319 190 2357 nis
213 2332 396 2371 proceres
424 2329 529 2360 stare
540 2351 553 2372 ‚
596 2322 695 2361 olim
711 2337 798 2362 mos
816 2331 902 2362 erat
916 2353 928 2374 ,
955 2323 1077 2363 hodie
1092 2322 1223 2361 adhuc
1235 2337 1322 2362 mos
1335 2330 1394 2362 est
1412 2323 1454 2362 in
1470 2322 1565 2363 aula

121 2371 295 2412 Tutcica
311 2403 324 2424 ‚
371 2389 476 2428 quae
504 2389 597 2415 eum
629 2391 651 2416 e
676 2378 829 2417 Graeca
865 2393 958 2418 cum
996 2378 1132 2417 multis
1164 2377 1251 2417 aliis
1288 2379 1555 2417 transsumsit.

119 2425 217 2466 Vid.
245 2428 297 2466 ad
325 2443 368 2482 p.
395 2431 491 2470 503.
520 2430 574 2470 A.
602 2433 644 2473 5.
675 2432 858 2472 dicenda.
916 2433 984 2472 Fit
1018 2433 1227 2486 aliquoties
1258 2433 1300 2471 in
1328 2432 1407 2472 hoc
1434 2432 1551 2472 scho-

118 2478 175 2520 lio
198 2484 349 2523 mentio
378 2483 460 2524 τῶν
487 2485 674 2537 πρακτῶν
697 2488 975 2536 clamatorum,
1005 2487 1084 2526 hoc
1107 2494 1165 2526 est
1190 2501 1430 2540 praeconum
1445 2517 1458 2538 ,
1486 2487 1553 2527 vel

117 2543 342 2577 cantorum.
400 2538 652 2580 Conveniunt
678 2543 974 2595 quodammodo
998 2541 1231 2582 clamatores
1254 2542 1299 2581 hi
1329 2557 1421 2582 cum
1449 2541 1552 2595 psal-

118 2590 196 2640 tis,
223 2599 294 2631 aut
317 2594 450 2646 potius
467 2609 561 2633 cum
585 2597 843 2636 canonarchis
861 2626 872 2646 ‚
903 2611 927 2635 a
958 2598 1105 2650 quibus
1126 2604 1261 2636 tamen
1276 2597 1422 2636 diversi
1441 2605 1552 2636 sunt.

116 2643 273 2685 Psaltae
306 2649 414 2688 enim
443 2657 556 2688 erant
583 2651 735 2690 ordinis
769 2652 1005 2690 clericorum
1018 2680 1031 2701 ‚
1073 2659 1114 2690 et
1145 2651 1295 2706 populo
1322 2660 1480 2691 tantum
1508 2654 1553 2691 in

119 2699 288 2760 ecclesiis
319 2702 489 2755 hymnos
518 2718 648 2744 sacros
674 2707 908 2759 praeibant3
948 2707 1114 2746 Cractae
1140 2721 1221 2746 non
1252 2715 1364 2747 erant
1391 2707 1554 2750 ordina-

119 2758 177 2804 1¹,
206 2755 274 2796 sed
302 2756 391 2796 laici
412 2765 452 2798 et
483 2759 632 2815 populo
660 2768 747 2800 acta
776 2760 985 2814 praeibant
1000 2792 1012 2813 ‚
1054 2763 1125 2801 seu
1155 2761 1292 2816 laudes
1307 2792 1318 2814 ,
1356 2776 1454 2816 quas
1481 2769 1551 2801 aut
