1826 3126
223 230 298 271 An
339 227 636 271 consrm.
675 228 872 270 ponpa.
912 231 985 271 DE
1028 229 1214 271 cmm.
1259 232 1363 271 Lm.
1410 233 1446 271 1.
1499 213 1571 287 67

125 331 197 371 ubi
226 330 455 384 Nicephoro
470 361 482 380 ‚
526 344 568 370 se
594 329 768 384 legatum
795 331 928 383 prima
955 332 1044 370 vice
1079 331 1305 372 admittenti
1320 362 1333 384 ‚
1376 330 1577 371 adstitisse

124 388 183 426 ait
211 386 405 426 Basilium
442 386 831 439 Parakymomenum
848 414 860 434 ‚
905 385 1227 425 Protosecretam
1241 416 1254 438 ,
1298 386 1573 427 Protovestia-

127 443 235 480 rium
263 449 303 480 et
329 440 410 480 duo
442 442 669 494 Magistros.
728 439 980 492 Nicephorus
1007 448 1137 494 potest
1157 449 1254 481 tunc
1274 441 1353 481 dici
1372 449 1443 481 aut
1464 441 1574 489 solus

126 502 438 590 mefflssism'*
464 494 1037 589 {fflmffleffiioffss’ffffifissss‘t
1055 496 1474 591 ...515331313as1133
1492 497 1578 590 <iiii

129 607 345 660 Magistros
370 564 492 659 petiiles
521 617 564 644 se
593 603 759 654 hahuit,
789 606 822 644 si
850 564 1012 658 qiidem
1041 607 1270 645 coniectura
1297 567 1436 646 xiotsltlia
1466 613 1578 646 recto

128 660 217 700 talo'
240 662 347 699 stat?
401 659 443 698 Si
471 666 604 698 autem
633 658 784 713 collega
798 689 810 709 ‚
840 674 966 714 quare
990 674 1072 699 non
1102 667 1185 700 tres
1200 691 1212 711 ‚
1244 661 1574 715 quandoquidem

127 723 211 755 tres
250 715 516 768 Imperatores
542 721 639 753 tunc
674 721 816 753 essent.
876 715 955 754 Sed
994 722 1143 755 statuat
1176 730 1223 755 ea
1260 716 1311 755 de
1348 719 1579 756 coniectura

127 777 325 824 quantum
364 771 534 823 quisque
574 769 688 808 velit.
744 768 860 809 Alias
898 769 1014 809 multi
1053 777 1169 810 erant
1198 772 1381 825 Magistri
1409 774 1451 810 in
1481 771 1577 811 aula

129 825 374 880 Byzantina,
405 832 444 864 et
471 824 742 877 Luitprandus
770 839 868 875 suo,
897 825 940 864 id
969 832 1027 865 est
1054 825 1210 879 aequali
1239 829 1367 865 nostri
1388 826 1579 866 Constan-

130 882 205 919 fini
234 887 440 933 tempore,
469 881 611 933 viginti
640 887 815 934 quatuor
842 894 982 919 eorum
1010 888 1210 920 numerat.
1263 881 1423 921 Scilicet
1452 895 1580 935 quae-

130 937 194 975 vis
220 934 395 974 nobilior
427 934 599 988 dignitas
619 965 631 987 ‚
674 942 758 974 tam
784 935 962 988 palatina
980 966 992 987 ‚
1032 951 1155 989 quam
1182 936 1394 986 militaris,
1434 937 1579 990 praefi-

132 1004 228 1029 xum
254 989 430 1029 habebat
454 989 618 1029 titulum
644 991 825 1043 magistri
840 1021 852 1041 ,
894 998 941 1030 ut
967 991 1104 1049 paullo
1132 999 1223 1045 post
1249 991 1391 1031 titulus
1417 991 1577 1031 Probe-

133 1045 198 1084 dri
225 1044 379 1084 solebat
407 1045 587 1099 praefigi.
645 1045 842 1096 Quamvis
869 1045 990 1085 huius
1018 1049 1075 1085 rei
1102 1048 1313 1100 vestigium
1343 1049 1386 1085 in
1413 1046 1490 1086 hoc
1517 1060 1580 1085 co-

76 1128 78 1130 -
133 1100 223 1139 dice
249 1114 376 1154 paene
403 1114 486 1139 non
526 1107 676 1150 exstet,
717 1101 824 1154 apud
852 1100 950 1140 alios
980 1109 1114 1141 tamen
1143 1104 1356 1155 scriptores
1390 1101 1581 1141 historiae

133 1156 376 1209 Byzantinae
414 1169 531 1208 saepe
558 1163 775 1194 occurrunt
812 1158 1034 1196 axiomatici
1065 1171 1157 1196 cum
1195 1158 1368 1210 praefixo
1397 1157 1581 1210 Magistri

133 1210 266 1250 titulo.
326 1211 388 1250 lta
425 1211 509 1249 Leo
549 1211 773 1250 Grammat.
802 1225 846 1264 p.
877 1211 974 1262 453.
1007 1211 1060 1250 A.
1093 1226 1132 1250 2.
1172 1212 1267 1263 461.
1309 1213 1363 1251 D.
1401 1210 1498 1265 475.
1528 1212 1576 1250 Β.

135 1267 374 1319 Magistrum
402 1272 442 1304 et
466 1265 740 1305 Domesticum
768 1266 995 1306 scholarum
1023 1275 1246 1318 memorat,
1279 1275 1325 1306 et,
1346 1281 1388 1320 p.
1402 1265 1497 1320 494
1521 1266 1577 1304 D.

136 1315 366 1372 μάγιστρον
393 1317 465 1359 καὶ
488 1319 619 1372 μέγαν
647 1314 954 1374 ἓταιρειάρχην.
1009 1322 1214 1362 Cedrenus
1241 1338 1282 1376 p.
1309 1321 1402 1377 593.
1433 1322 1480 1360 B.
1514 1321 1581 1360 ha-

135 1375 206 1414 bet
241 1372 473 1428 μάγιστρον
505 1374 578 1415 καί
613 1373 899 1429 στρατηλάτην
935 1383 975 1416 et
997 1373 1228 1430 μάγιστρον
1253 1374 1326 1416 καί
1357 1376 1581 1428 λογοθέτην

136 1429 215 1469 τοῦ
241 1425 428 1483 δρόμου,
464 1432 560 1469 item
587 1445 630 1483 p.
651 1430 746 1482 604.
770 1432 816 1470 C.
876 1433 1116 1485 Magistrum
1143 1440 1183 1471 et
1213 1433 1488 1486 Drungarium
1516 1432 1579 1469 vi-

138 1483 257 1538 giliae
282 1499 325 1538 p.
347 1484 463 1534 613„
491 1488 726 1537 magistrum
758 1494 798 1524 et
815 1493 1033 1540 strategum
1051 1487 1323 1526 Armenorum
1340 1517 1351 1536 ‚
1384 1494 1423 1525 et
1450 1486 1581 1537 magi-

140 1546 270 1579 strum
312 1546 432 1592 atque
458 1541 702 1592 praesectum
730 1541 1017 1579 excubitorum.
1075 1541 1119 1596 *[
1130 1538 1377 1593 Μᾰγιστρος
1410 1539 1483 1578 καί
1508 1539 1582 1578 δο-

138 1593 334 1644 μέστικος
361 1594 437 1645 τῆς
465 1590 624 1640 δύσεως
648 1602 707 1633 est
726 1595 831 1648 apud
852 1598 987 1648 script.
1008 1603 1099 1648 post
1114 1597 1351 1648 Theophan.
1375 1609 1417 1647 p.
1441 1592 1580 1648 295.]*

140 1647 330 1702 Scylitzes
356 1663 399 1701 p.
422 1646 518 1687 822.
554 1649 761 1696 1).,1]εὼθῐ
797 1653 1031 1700 magistrum
1070 1658 1110 1689 et
1153 1650 1478 1690 protoasecretis.
1534 1649 1582 1688 In

140 1705 376 1742 universum
408 1702 611 1742 habebant
639 1703 794 1758 singula
829 1704 959 1744 officia
995 1704 1172 1758 palatina
1210 1720 1302 1745 suos
1339 1705 1549 1757 magistros
1566 1733 1580 1753 ‚

141 1760 212 1811 qui
240 1765 280 1798 et
305 1758 514 1811 Principes
538 1758 866 1812 appellabantur,
896 1767 942 1799 ut
969 1760 1184 1800 Salmasius
1212 1761 1264 1799 ad
1291 1760 1437 1812 Script.
1470 1759 1578 1797 Hist.

142 1813 253 1867 Aug.
282 1813 334 1852 T.
367 1813 420 1851 11.
452 1829 495 1866 p.
519 1815 612 1868 259.
654 1814 914 1865 observavit,
959 1817 1027 1868 qui
1055 1830 1098 1868 p.
1129 1830 1223 1854 220.
1270 1815 1409 1865 addit,
1452 1814 1582 1866 magi-

142 1876 271 1908 strum
297 1867 519 1907 officiorum
546 1871 727 1908 omnium
755 1877 795 1908 et
819 1871 1042 1923 principem
1069 1868 1187 1909 officii
1215 1869 1379 1923 palatini
1395 1899 1407 1919 ‚
1435 1867 1584 1921 simpli-

143 1925 243 1963 citer
269 1924 505 1976 magistrum
541 1926 679 1963 vocari
717 1927 984 1964 consuevisse.
1044 1925 1160 1964 Conf.
1192 1924 1388 1978 Agathias
1415 1937 1458 1977 p.
1486 1922 1576 1961 116.

142 1992 184 2032 9.
216 1978 280 2017 ed.
301 1978 474 2018 Vulcan.
505 1986 545 2019 et
562 1979 737 2033 Procop.
762 1980 959 2019 Anecdot.
990 1995 1032 2033 p.
1062 1995 1150 2034 ¹⁰9·
1175 1979 1269 2028 ult.‚
1298 1993 1419 2032 quem
1447 1977 1582 2028 locum

144 2032 394 2073 Alemannus
423 2034 526 2074 bene
562 2037 749 2074 restituit.
806 2035 914 2089 *[De
952 2036 1152 2089 magistris
1190 2034 1327 2088 palatii
1365 2046 1583 2086 eorumque

145 2089 298 2142 origine
336 2102 382 2127 ex
417 2089 511 2128 aula
548 2090 768 2144 Byzantina
805 2104 847 2129 v.
892 2090 948 2130 les
975 2092 1158 2143 Dignitez
1181 2090 1248 2132 .de
1279 2089 1318 2128 la
1332 2089 1503 2127 France.
1533 2101 1577 2140 p.

145 2142 632 2239 Essiisssssst‘ffifssssff‘
641 2145 1303 2240 afiffliissffiissagiissiioeiffi⁶³⁰n2¹¹¹k
1320 2144 1436 2238 ‘³3⁰oe
1446 2149 1582 2236 §23³3

146 2266 247 2291 aevo
286 2253 359 2292 hos
387 2255 595 2308 magistros
622 2270 783 2309 quoque
813 2266 1085 2310 praeceptores
1114 2213 1276 2310 ρξίατίἓ
1298 2251 1554 2307 appellabant
1568 2281 1581 2302 ‚

146 2321 320 2360 quorum
348 2316 433 2348 erat
467 2311 592 2348 vitam
628 2312 844 2366 imperialis
879 2312 995 2350 aulae
1033 2320 1071 2349 et
1109 2312 1263 2348 maiora
1299 2309 1452 2362 negotia
1490 2321 1582 2345 suae

147 2361 392 2402 discretionis
429 2365 592 2404 arbitrio
627 2365 792 2420 definire
806 2395 818 2416 ‚
861 2374 908 2405 ut
935 2367 991 2404 ait
1016 2366 1112 2404 Vita
1139 2365 1180 2403 S.
1210 2363 1366 2403 Aldrici
1391 2362 1582 2415 Episcopi

147 2417 386 2457 Senonensis
426 2420 533 2472 apud
559 2420 628 2458 Du
655 2422 789 2474 Cange
814 2435 856 2460 v.
903 2422 1142 2475 Praeceptor
1213 2419 1300 2458 Aut
1335 2432 1427 2458 cum
1454 2418 1581 2470 magi-

147 2478 231 2511 stro
257 2487 463 2512 sacrorum
482 2473 703 2514 officiorum
723 2484 792 2515 aut
818 2490 911 2515 cum
932 2476 1157 2528 praeposito
1186 2475 1372 2514 convenit
1395 2471 1583 2512 Siniscal-

146 2540 238 2577 aas,
281 2528 331 2567 de
357 2542 438 2582 quo
465 2529 549 2568 vid.
581 2532 731 2570 Murat.
764 2532 814 2569 T.
849 2532 880 2569 I.
913 2531 1053 2583 Antiq.
1085 2529 1173 2569 Ital.
1203 2544 1246 2583 p.
1284 2542 1374 2583 ¹¹9·
1432 2528 1583 2579 Dispu-

146 2587 277 2620 tatum
303 2583 380 2622 hae
408 2591 535 2623 aetate
562 2584 637 2624 fuit
664 2586 714 2624 de
740 2585 870 2625 officio
898 2592 937 2624 et
964 2585 1203 2639 etymologia
1229 2583 1447 2623 Senescalci
1463 2611 1475 2633 ‚
1513 2588 1584 2620 aut·

146 2635 374 2676 Sitoescalci.
434 2639 537 2677 Mihi
565 2639 724 2680 videtur
750 2655 775 2679 a
801 2654 901 2680 voce
928 2642 1090 2692 antiqua
1131 2639 1241 2678 sinde
1271 2646 1311 2678 et
1335 2638 1439 2676 scale
1467 2638 1583 2675 veni-

147 2703 208 2729 re.
266 2692 390 2732 Notat
415 2701 548 2733 autem
574 2694 698 2734 Sinde
712 2696 835 2734 1idem
866 2703 986 2748 atque
1013 2701 1209 2747 superstes
1237 2694 1368 2733 adhuc
1394 2706 1471 2730 vox
1491 2705 1584 2729 cum

150 2749 442 2799 praepositione
469 2749 621 2788 adiecta
651 2751 820 2789 Gesinde
833 2780 845 2799 ‚
876 2751 918 2788 id
946 2756 1004 2788 est
1030 2747 1238 2802 ὑπουργία
1256 2778 1267 2796 ,
1288 2748 1463 2801 familia
1475 2775 1488 2795 ,
1503 2747 1584 2798 scz-

150 2801 359 2852 mulidum,
404 2804 634 2860 obsequium.
693 2802 904 2854 Nutritios,
951 2800 1052 2851 τούς
1093 2799 1373 2859 συντρόφους,
1413 2800 1587 2855 appellat
