1884 3132
292 150 406 220 304
578 170 650 212 10.
691 169 797 215 1AC.
838 173 1034 215 mnsxn
1075 173 1460 219 communit

290 268 500 325 ἐτράπετο.
530 271 757 325 Aliquoties
783 273 1016 327 Xiphilinus
1042 281 1214 314 testatur
1242 277 1285 315 in
1310 276 1484 317 Neronis
1507 276 1618 329 vita,
1637 292 1729 322 eum

288 335 377 382 post
405 329 531 367 editos
559 328 675 367 ludos
702 329 896 382 populum
924 344 1049 369 coena
1077 331 1288 384 excepisse.
1592 332 1595 335 ’

400 383 454 422 Α.
475 399 513 438 7.
536 383 654 438 [295‚
674 383 730 438 9.]
765 383 823 430 εἰς
852 381 1094 437 κλητοόριον.
1151 388 1206 425 Μ.
1239 386 1300 433 εἰς
1325 383 1372 426 τὸ
1403 382 1642 442 κλητώριον.

398 438 450 477 Α.
469 454 509 493 9.
535 439 649 493 [295‚
674 438 758 493 11.]
789 436 1036 479 α’νιοκοπτὸν.
1094 440 1338 481 convivium
1353 451 1657 498 sequestratum,
1676 438 1729 486 a'd

290 494 400 547 quod
430 509 511 533 non
539 509 676 533 omnes
693 525 705 545 ‚
734 509 864 548 neque
890 497 1021 535 omnis
1050 498 1205 549 generis
1231 511 1434 549 proceres,
1476 499 1545 538 sed
1571 506 1731 541 tantum

289 550 505 590 familiares
523 557 562 588 et
577 549 782 588 domestici
811 551 1060 600 invitantur3
1091 550 1155 591 vel
1182 553 1327 605 potius,
1348 569 1473 607 quum
1494 555 1598 593 inter
1623 556 1730 595 mul-

290 613 351 644 tas
391 605 489 645 alias
529 617 682 644 mensas
723 606 770 644 ad
810 620 933 645 unam
974 607 1138 646 seorsim
1167 609 1337 660 positam
1375 610 1598 663 Imperator
1635 625 1729 651 cum

290 661 504 715 gentilibus
532 662 612 700 suis
641 661 852 700 assidebat.

400 717 447 756 B.
469 731 508 755 2.
534 717 647 770 [293⁷
675 716 758 770 14]
790 713 1058 766 dnzopu'vwv.
1114 717 1189 756 Est
1219 717 1363 757 missus
1401 720 1582 760 carnium
1619 735 1729 763 assa-

289 779 447 819 tarum,
478 773 620 822 μιί’σος
640 771 721 810 τῶν
750 768 1003 823 ὠπτημένων
1032 772 1097 812 vel
1125 772 1206 812 τῶν
1235 771 1384 813 ὀπτῶν.

398 827 447 866 C.
471 827 544 865 ult.
568 826 680 880 [294
710 826 790 880 13.]
835 823 1150 879 περιερχόμενοι
1189 824 1371 882 γυρόθεν
1413 827 1486 882 τῆς
1522 831 1731 886 τραπέζης

291 881 442 937 τρίτον.
502 883 598 920 vid.
617 882 785 920 similem
813 882 946 921 locum
975 896 1015 934 p.
1033 897 1127 922 222.
1147 883 1201 921 D.
1648 881 1650 883 ’

402 938 455 977 D.
479 952 516 976 2.
536 936 654 991 [294³
682 937 763 991 14]
791 935 1126 989 χρυσοσήμεντα.
1181 936 1318 977 Aurea
1343 946 1574 994 segmenta,
1612 942 1732 982 serici

287 992 419 1033 villosi
448 995 577 1032 aureis
609 992 685 1031 filis
713 993 948 1031 interstincti
983 994 1151 1031 taeniae.
1209 988 1452 1046 Διάκοπτα,
1498 997 1541 1034 in
1579 997 1728 1050 quibus

290 1048 406 1087 ocelli
436 1048 499 1088 vel
527 1048 704 1087 tessellae
735 1055 864 1087 essent
883 1078 894 1098 ‚
927 1048 1037 1087 velut
1067 1062 1167 1101 opus
1193 1049 1489 1101 cancellatum3
1516 1050 1579 1090 vel
1608 1054 1729 1092 etiam

289 1105 435 1154 scissa,
475 1104 530 1143 sie
569 1116 614 1142 ut
656 1105 773 1142 vestis
811 1103 974 1141 inferior
1011 1116 1083 1156 per
1121 1102 1312 1142 fenestras
1351 1107 1475 1158 panni
1515 1109 1729 1159 superioris

289 1166 572 1211 transpareret.
607 1160 667 1196 De
690 1173 770 1212 quo
799 1173 941 1211 genere
968 1161 1133 1198 vestitus
1161 1157 1277 1210 plura
1301 1159 1391 1199 dico
1423 1161 1474 1200 ad
1501 1175 1539 1213 p.
1561 1162 1655 1202 356.
1671 1164 1726 1203 D.

290 1228 332 1253 2.
389 1210 714 1265 Κοντομάνικα,
744 1228 836 1252 cum
874 1215 995 1253 curtis
1034 1215 1198 1253 manicis
1237 1214 1287 1252 ad
1319 1229 1459 1269 carpos
1492 1230 1619 1270 usque
1647 1232 1731 1258 non

287 1271 506 1324 porrectis,
539 1269 607 1308 sed
636 1282 756 1322 supra
783 1269 964 1307 cubitum
992 1268 1277 1308 desinentibus.
1567 1291 1570 1294 -

399 1326 454 1364 D.
475 1326 513 1364 3.
533 1324 647 1378 [294⁷
673 1324 756 1378 16.]
789 1321 1041 1374 ποδόψελλα.
1097 1325 1198 1363 Sunt
1226 1331 1295 1363 aut
1322 1326 1498 1374 taeniae,
1529 1327 1730 1380 prandeae

287 1380 506 1432 pretiosae,
550 1387 619 1418 aut
649 1379 787 1418 circuli
817 1381 927 1417 aurei
956 1380 1083 1429 sur1s‚
1129 1387 1199 1418 aut
1224 1381 1358 1418 statim
1389 1382 1464 1419 sub
1491 1396 1620 1434 genu,
1658 1391 1728 1422 aut

287 1437 468 1488 proxime
496 1449 613 1488 super
653 1434 840 1473 malleum
870 1434 982 1486 pedis
1002 1464 1012 1483 ,
1061 1434 1351 1488 circumligati,
1379 1435 1515 1489 quales
1542 1444 1636 1476 sunt
1665 1452 1732 1484 ar·-

289 1490 449 1541 millae,
481 1491 701 1543 pericarpia
746 1497 815 1529 aut
858 1489 1077 1528 brachialia
1106 1491 1148 1528 in
1177 1504 1299 1529 manu
1317 1498 1357 1530 et
1375 1490 1575 1543 humeris,
1602 1492 1728 1533 verbo

288 1543 584 1599 περισκελιῦες.

398 1602 452 1639 D.
478 1601 517 1641 5.
542 1600 657 1655 [294,
686 1599 767 1655 17.]
799 1600 962 1653 φεγγία.
1018 1599 1154 1639 Baculi
1198 1614 1290 1639 cum
1329 1601 1494 1640 orbibus
1535 1603 1732 1656 argenteis

289 1655 340 1695 ad
373 1657 498 1696 instar
526 1656 669 1707 lunae,
699 1657 841 1694 vertici
869 1670 1007 1694 eorum
1026 1686 1038 1707 ‚
1066 1655 1117 1694 ad
1146 1657 1271 1694 instar
1299 1655 1394 1709 pilei
1422 1655 1557 1710 plani,
1589 1671 1729 1710 super-

288 1710 412 1751 affixis
433 1743 443 1761 ‚
490 1719 559 1751 aut
590 1727 682 1750 cum
708 1711 811 1750 ansis
840 1718 878 1749 et
906 1711 1044 1750 fulcris
1081 1725 1222 1750 manus
1250 1711 1635 1760 semicircularibus.
1675 1712 1728 1752 ad

289 1769 416 1806 instar
442 1768 561 1807 lunae
588 1775 780 1806 cornutae
799 1797 810 1815 ‚
841 1781 911 1820 per
941 1765 1131 1806 baculum
1159 1767 1349 1806 traiectis.
1406 1767 1545 1805 Latius
1571 1766 1648 1806 hac
1676 1767 1728 1807 de

290 1837 336 1862 re
363 1837 518 1876 expono
546 1823 597 1861 ad
626 1838 664 1876 p.
685 1823 781 1874 540.
803 1823 856 1861 D.
879 1822 917 1862 5.

399 1879 454 1917 D.
482 1878 521 1918 8.
558 1878 703 1929 (Schol.
738 1892 780 1917 v.
817 1879 864 1929 1.)
902 1874 1019 1931 [294
1053 1877 1125 1915 23.
1173 1874 1269 1928 not.]
1302 1873 1595 1928 διερχομὲνων.
1624 1875 1730 1915 Pro-

289 1931 358 1974 ho.
412 1935 473 1973 M.
504 1933 775 1985 διέρχεσθαι,
815 1947 895 1986 quo
936 1933 1132 1980 admisso,
1170 1930 1315 1969 lacuna
1341 1932 1460 1969 statui
1487 1930 1605 1969 debet
1629 1931 1728 1970 sub-

289 2003 401 2040 esse3
433 1988 676 2040 διέρχεσθαι
707 1995 765 2027 est
809 1988 849 2026 in
886 1994 1016 2040 partes
1050 1986 1251 2026 discedere
1287 1993 1404 2024 antea
1441 1992 1726 2041 congregatos,

288 2042 642 2097 διαχωρίζεσθαι,
675 2040 1027 2095 α’ποχωρίζεσθαι.

397 2111 450 2149 D.
472 2110 625 2163 penult.
650 2109 763 2164 [294
787 2110 853 2149 25.
891 2107 996 2161 noa]
1026 2110 1122 2153 τοῖς.
1179 2108 1239 2146 Μ.
1272 2109 1376 2153 ταῖς.

1107 2165 1194 2173 ——-

107 2187 169 2222 Ed.
182 2190 277 2236 L.96
373 2196 463 2236 172.
489 2181 543 2220 A.
567 2181 606 2232 4.
632 2180 744 2235 [294,
767 2179 858 2233 2ι.]
889 2176 970 2218 καί.
1026 2180 1086 2217 Μ.
1117 2192 1185 2227 κε,
1220 2179 1296 2218 hoc
1326 2185 1385 2217 est
1411 2174 1543 2231 κύριε.

397 2237 451 2276 Α.
473 2252 512 2291 7.
538 2236 654 2291 [zq5,
676 2235 739 2288 2.]
769 2232 1094 2285 βασταζομένου.
1149 2235 1207 2272 Μ.
1238 2228 1564 2284 βασταζόμενον.
1619 2230 1726 2271 Sub-

287 2290 361 2330 int.
392 2291 514 2331 ἐστίε
548 2282 670 2343 δῆλόν
697 2290 826 2340 ἐστιν,
858 2283 919 2327 ὅτι
947 2288 1068 2327 τοῦτο
1098 2284 1410 2339 βασταζόμενόν
1435 2286 1559 2326 ἐστιν.

397 2346 452 2385 A.
479 2362 541 2386 12.
563 2346 678 2402 [²95³
707 2343 770 2398 5.]
817 2343 1023 2396 χαίρεται.
1081 2345 1168 2382 Ηοο
1205 2351 1263 2383 est
1303 2357 1348 2382 ex
1374 2341 1531 2395 vulgari
1559 2354 1634 2379 usu
1660 2340 1723 2380 lo-

287 2401 436 2452 quendi
462 2416 536 2455 pro
563 2400 716 2453 χαίρει.
754 2401 981 2452 Antiquum
1009 2399 1117 2438 hunc
1144 2399 1400 2438 Macedoniae
1427 2395 1616 2449 loquendi
1635 2410 1726 2435 mo-

289 2456 387 2494 dum
415 2471 497 2495 esse
524 2464 631 2510 patet
659 2471 704 2494 ex
735 2454 1015 2507 Aristophanis
1042 2454 1109 2493 illo
1137 2462 1257 2505 noto,
1286 2452 1394 2506 quod
1418 2450 1580 2497 irridet,
1610 2450 1723 2490 velut

289 2509 556 2562 Thracicum,
585 2508 738 2564 ἥδομαι
767 2509 839 2549 καί
861 2509 1080 2563 χαίρομαι.
1136 2510 1246 2548 Usus
1271 2522 1317 2547 eo
1345 2519 1502 2560 quoque
1530 2504 1606 2544 fuit
1634 2504 1723 2544 An-

287 2565 452 2615 tiphilus
477 2568 518 2604 in
545 2566 762 2618 Antholog.
793 2580 834 2618 p.
868 2564 935 2606 85.
981 2579 1014 2603 ι.
1059 2564 1122 2603 ed.
1158 2565 1213 2603 H.
1255 2561 1392 2614 steph.
1449 2561 1582 2599 Ducas
1610 2559 1719 2600 Hist.

290 2619 335 2656 C.
353 2618 446 2669 54:
476 2616 520 2658 τὸ
551 2622 631 2659 τῶν
671 2619 1023 2669 ΒΙουσουλμανῶν
1051 2619 1163 2671 γένος
1198 2611 1424 2670 ἐδυσφόρει
1441 2644 1451 2663 ,
1482 2611 1554 2654 καί
1580 2611 1619 2654 οἱ
1647 2628 1723 2654 κα-

289 2682 482 2735 βουρίὸες
512 2684 675 2738 [casseri
704 2676 825 2741 μω
859 2683 1091 2737 Christiani]
1128 2683 1359 2735 ἐχαίροντο.

397 2748 444 2787 Β.
469 2763 509 2788 2.
533 2749 651 2804 [295,
673 2750 738 2804 9.]
769 2745 842 2803 ὅλη
870 2747 1135 2802 ἦῬωμανιίκ.
1192 2747 1314 2788 Orbis
1341 2747 1544 2788 Romanus
1561 2776 1575 2803 ‚
1603 2745 1645 2787 id
1664 2752 1724 2786 est
