1884 3132
286 121 396 179 286
564 137 637 180 10.
667 137 772 180 mc.
808 137 1005 179 nmsxn
1037 135 1427 180 comma-mmu-

285 247 473 286 retinent.
531 241 652 295 Equo
690 242 796 280 enim
813 271 824 293 ‚
857 255 939 295 quo
981 241 1171 282 sultanus
1196 241 1248 281 ad
1271 242 1312 281 S.
1337 241 1528 296 Sophiam
1549 241 1720 282 vehitur

286 311 429 351 diebus
467 309 665 358 Veneris,
703 322 859 361 semper
903 310 1136 348 insternitur
1153 297 1310 341 kanb-ll
1345 307 1410 347 vel
1455 304 1502 347 τό
1546 304 1717 359 χίωμα,

287 365 520 420 operculum
559 363 678 402 sellae
714 366 883 416 equinae
902 395 912 413 ‚
945 364 1079 417 quod,
1111 378 1230 417 quam
1259 363 1434 417 primum
1461 361 1649 402 Sultanus
1676 365 1721 403 in

290 428 406 475 porta
436 419 574 472 templi
607 419 833 469 descendit,
865 427 1010 458 strator
1044 421 1127 458 eius
1158 418 1282 469 tollit,
1318 418 1393 458 sub
1422 416 1540 458 axilla
1567 432 1639 457 sua
1660 433 1726 458 re-

288 476 449 524 condit,
493 482 532 513 et
561 476 645 527 ipse
679 474 720 512 in
743 475 880 513 eodem
914 489 1016 527 equo
1042 489 1180 512 rursus
1211 475 1253 512 in
1278 473 1472 527 palatium
1502 473 1722 512 revehitur.

291 531 418 582 Quod
442 532 517 583 ipsi
541 530 657 569 licet:
690 530 810 568 modo
839 529 954 568 tollat
978 529 1224 582 operculum.
1279 529 1357 568 Sed
1386 528 1575 582 operculo
1603 542 1726 583 augu-

290 595 355 626 sto
392 586 562 625 insidere
601 585 768 638 capitale
801 593 874 623 est.
905 586 958 623 V.
992 585 1041 624 P.
1066 584 1171 623 della
1187 583 1304 623 Valle
1327 583 1497 638 Epistol.
1527 584 1667 623 Itiner.
1685 585 1722 625 1.

298 645 360 682 13.
394 649 434 680 et
462 642 546 680 Le'o
586 640 712 680 Afric.
737 641 813 678 111.
849 640 916 679 53.
950 640 1214 679 Credidernnt
1239 641 1317 678 viri
1353 640 1474 689 docti,
1505 637 1553 678 ’τὸ
1580 635 1726 691 χίωμα

291 712 375 737 esse
397 704 553 735 tantum
577 704 763 734 ornatum
788 694 879 733 colli
920 697 1054 748 equini
1074 725 1085 746 ,
1115 694 1291 744 inducti,
1317 701 1363 733 ut
1383 695 1565 742 videtur.‚
1597 707 1643 732 ex
1665 693 1728 733 lo-

290 767 339 791 co
370 752 514 791 Codini
546 751 597 790 de
625 749 730 789 offic.
753 750 888 790 XVII.
917 748 998 805 47.:
1030 743 1078 803 ἧν
1116 745 1319 802 πρότερον
1349 746 1553 802 συνήθεια
1582 751 1730 802 φορεῖν

290 804 366 847 τὸν
392 806 469 846 τοῦ
494 805 699 857 βασιλέως
740 805 865 844 ἵππον
907 803 951 845 ἐν
988 806 1037 860 τῇ
1066 800 1236 858 τοιαύτῃ
1273 800 1499 856 πανηγύρει
1531 802 1629 856 περὶ
1654 799 1729 843 τὸν

289 859 494 914 τράχηλον
520 859 592 899 καί
621 853 795 900 ὄπισθεν
818 858 892 912 τῆς
909 860 1057 907 σέλλας
1076 855 1214 898 ἐπάνω
1241 859 1323 898 τῶν
1339 857 1603 898 σκαπουλίων
1619 852 1728 911 ἅπερ

289 913 548 966 ὠνομάζοντο
589 913 844 967 χαιώματα,
874 915 918 954 ἐκ
948 910 1179 967 μαργάρων
1206 912 1278 952 καί
1304 911 1435 953 λίθων
1461 912 1728 966 συγκείμενα.

293 972 562 1011 Crediderunt
597 967 646 1009 τά
674 968 909 1009 σκαπούλια
954 971 1133 1025 scapulas
1174 976 1340 1008 notare:
1372 975 1412 1008 et
1441 969 1512 1023 qui
1545 974 1731 1022 poterant

292 1027 439 1067 aliter?
480 1028 549 1079 qui
574 1028 757 1064 Latinam
790 1025 893 1065 hanc
922 1041 1005 1066 esse
1042 1038 1180 1064 vocem
1202 1025 1350 1063 scirent
1376 1031 1416 1063 et
1453 1023 1551 1077 quid
1578 1023 1732 1063 Latinis

294 1083 457 1137 scapula
486 1082 691 1134 significet.
723 1081 802 1118 Sed
838 1083 952 1120 novis
980 1082 1141 1119 Graecis
1179 1080 1326 1118 lumbos
1361 1078 1605 1118 vocabulum
1628 1077 1732 1117 illud

293 1138 502 1191 significat,
531 1151 611 1189 qno
637 1136 701 1175 vel
726 1137 807 1189 ipsa
824 1137 947 1176 verba
975 1129 1145 1175 ὄπισθεν
1168 1134 1240 1186 τῆς
1267 1133 1431 1182 σε’λλας,
1455 1149 1560 1189 pone
1575 1134 1731 1182 sellam,

299 1193 446 1232 ducere
466 1199 666 1244 poterant3
698 1192 780 1230 vid.
809 1192 932 1230 Goar.
966 1206 1007 1244 p.
1029 1204 1096 1243 70.
1125 1204 1164 1227 n.
1199 1187 1261 1227 18.
1315 1189 1439 1228 Forte
1460 1203 1512 1227 ·ex
1531 1203 1594 1239 eo,
1623 1188 1734 1241 quod

295 1255 426 1287 essent
458 1248 533 1286 hae
557 1246 754 1299 stragulae
791 1246 904 1286 lineis
930 1245 1086 1286 duabus
1120 1242 1394 1297 diagonalibus
1426 1257 1673 1297 gemmarum
1695 1250 1736 1282 et

294 1304 599 1356 margaritarum
652 1303 693 1340 in
725 1301 856 1340 medio
886 1317 927 1340 se
963 1302 1013 1340 ad
1042 1299 1208 1350 angulos
1246 1306 1381 1337 acutos
1405 1299 1630 1344 secantibus
1669 1298 1735 1336 di-

294 1361 488 1408 stinctae,
516 1353 713 1407 χιώματα
757 1364 850 1395 sunt
880 1357 1021 1396 dietae.
1076 1355 1210 1393 Χιοῦν
1243 1361 1300 1392 est
1329 1353 1482 1406 aliquid
1530 1354 1582 1392 ad
1610 1354 1735 1392 instar

294 1413 452 1453 litterae
475 1413 650 1451 Graecae
680 1412 730 1451 X
756 1412 898 1451 facere.
968 1413 1119 1450 Notum
1136 1439 1147 1459 ,
1177 1409 1276 1462 quid
1302 1410 1352 1446 sit
1383 1410 1424 1447 in
1469 1409 1678 1448 rhetoricis
1713 1404 1738 1445 ὅ

293 1466 503 1521 χιασμός,
535 1475 574 1506 et
598 1466 761 1517 χιωτῶς
792 1468 832 1505 in
867 1466 1019 1506 Glossis
1047 1466 1152 1504 idem
1186 1470 1243 1502 est
1268 1471 1387 1517 atque
1419 1462 1734 1516 καγκελλωτῶς,

296 1524 537 1563 decussatim.
592 1522 755 1561 Glossae
781 1522 966 1561 Nomicae
993 1523 1030 1561 V
1033 1522 1173 1560 atican.
1200 1519 1306 1571 apud
1337 1520 1403 1557 Du
1441 1520 1573 1572 Cange
1600 1516 1734 1556 Gloss.

299 1580 372 1617 Gr.
398 1593 438 1617 v.
470 1573 656 1628 μετάξιαε
716 1576 910 1626 ΙΙΙετάξια
937 1575 1117 1625 ἔνδεσμα
1148 1574 1292 1626 σηνιόυ
1324 1573 1515 1628 [σηρικοῦ
1546 1573 1640 1627 legit
1667 1573 1738 1612 Du

297 1632 449 1687 Gange]
482 1630 618 1671 εἴτουν
636 1629 687 1672 τὰ
705 1631 950 1682 ἐνδεδεμένα
979 1626 1170 1682 ἀλλήλοις
1191 1627 1473 1679 καγκελωδῶς,
1509 1625 1612 1668 εἴτοι
1639 1642 1737 1679 χιω-

299 1689 392 1735 τῶς.
451 1689 591 1726 Noster
620 1695 725 1726 certe
752 1687 873 1726 codex
910 1687 1147 1741 plerumque
1177 1690 1216 1722 et
1243 1685 1377 1722 nescio
1404 1698 1455 1722 an
1481 1698 1562 1722 non
1584 1697 1740 1736 semper

301 1743 447 1795 χίωμα
487 1744 678 1796 scriptum
715 1742 899 1791 exhibet,
943 1757 1024 1781 non
1051 1738 1250 1792 χαίωμα,
1280 1745 1325 1776 ut
1355 1739 1423 1776 Du
1466 1738 1627 1791 Gange,
1667 1738 1739 1790 qui

302 1800 408 1838 cons.
427 1799 472 1837 h.
494 1813 555 1849 v.,
586 1799 656 1837 ubi
679 1797 798 1836 aliam
822 1798 891 1836 dat
919 1797 1213 1851 etymologiam.
1273 1794 1332 1832 Ut
1360 1793 1578 1832 subsellium
1602 1791 1740 1846 appel-

300 1853 439 1894 labant
458 1855 588 1892 Latini
609 1853 808 1907 sequiores
829 1854 1046 1906 stragulam
1075 1850 1150 1890 sub
1177 1847 1271 1887 sella
1301 1850 1446 1902 equina
1474 1848 1660 1901 positam,
1682 1849 1739 1887 sic

304 1918 438 1963 posset
462 1909 560 1948 haec
597 1908 771 1962 stragula
808 1909 1070 1963 supet-sellum
1093 1902 1309 1959 appellari,
1330 1905 1425 1957 quia
1440 1917 1558 1957 super
1585 1902 1741 1956 sellam,

305 1979 387 2004 non
426 1965 529 2004 infra
561 1979 646 2003 eam
667 1995 677 2012 ‚
710 1971 941 2016 poneretur.
1720 1957 1726 1968 ⁸

415 2020 469 2059 A.
504 2020 543 2059 6.
575 2019 692 2075 [268,
729 2018 813 2072 18]
854 2013 1137 2067 notae'aroepog.
1204 2012 1402 2052 Scribitur
1435 2026 1596 2066 quoque
1641 2011 1742 2052 haee

307 2089 385 2115 vox
410 2077 572 2128 propius
602 2076 650 2113 ad
690 2075 879 2112 Latinum
911 2070 1138 2121 κυαίστωρ.
1197 2070 1339 2107 Graeci
1364 2070 1460 2107 novi
1480 2068 1632 2107 librarii
1659 2081 1685 2105 v
1704 2074 1745 2106 et

307 2143 347 2168 οι
369 2133 593 2183 promiscue
614 2130 777 2169 habent.
834 2129 1026 2178 Quisnam
1051 2139 1145 2164 vero
1175 2131 1360 2177 quaestor
1383 2123 1451 2162 hie
1479 2121 1740 2176 intelligatur,

307 2188 460 2224 saci-ine
474 2186 623 2239 palatii,
639 2200 690 2223 an
707 2185 902 2234 urbanus,
922 2189 1030 2222 certo
1042 2195 1123 2219 non
1134 2179 1272 2233 liquet:
1290 2179 1449 2218 videtur
1459 2185 1593 2216 tamen
1609 2178 1743 2230 potius

305 2242 418 2293 prior
437 2241 648 2294 designari,
670 2240 719 2278 de
743 2254 823 2293 quo
841 2241 920 2277 iam
936 2237 1030 2275 alibi
1062 2236 1138 2289 egi,
1172 2242 1211 2273 et
1237 2234 1365 2272 dicam
1391 2233 1521 2273 adhuc
1541 2231 1740 2284 deinceps.

421 2294 475 2334 A.
507 2310 547 2350 9.
580 2295 695 2363 [2652
732 2293 818 2347 21.]
862 2289 1215 2345 προβαλλομένου.
1273 2290 1346 2328 Est
1373 2289 1479 2328 idem
1498 2294 1616 2340 atque
1645 2284 1746 2336 μέλ-

311 2350 454 2396 λοντος
475 2352 552 2390 vel.
575 2349 812 2404 οφείλοντος
848 2346 1148 2400 προβληθῆναι.
1206 2344 1321 2382 Iubet
1358 2345 1578 2397 Imperator
1603 2341 1747 2380 arcessi

314 2418 405 2442 eum
420 2435 431 2455 ,
463 2408 531 2457 qui
555 2413 741 2458 quaestor
763 2403 1020 2443 honorandus
1044 2400 1107 2439 vel
1134 2399 1426 2452 nuncupandus
1453 2405 1536 2446 est3
1565 2395 1630 2435 ille
1649 2404 1744 2435 cum

315 2458 403 2496 aliis
418 2488 438 2507 ‚-
459 2461 508 2498 ad
530 2475 628 2513 quos
649 2475 694 2499 ea
709 2475 771 2499 res
795 2460 990 2513 pertinet,
1021 2456 1103 2495 adit
1135 2455 1184 2493 ad
1201 2456 1485 2508 praepositum,
1521 2452 1591 2504 qui
1616 2450 1748 2489 hono-

314 2513 485 2551 randum
519 2516 752 2568 Imperatori
779 2520 1031 2568 praesentat,
1067 2526 1090 2550 a
1121 2524 1201 2563 quo
1234 2509 1478 2562 praepositus
1499 2507 1658 2545 iubetur
1682 2520 1748 2544 re-

315 2581 407 2605 cens
449 2568 728 2609 honorandum
757 2571 808 2609 ad
849 2569 1037 2608 scrinium
1079 2565 1297 2619 quaestoris
1333 2563 1552 2610 adducere,
1582 2562 1744 2614 eiusque

317 2621 506 2661 membris
541 2638 692 2663 novum
719 2632 969 2678 quaestorem
1004 2623 1141 2661 sistere
1169 2627 1208 2658 et
1244 2618 1466 2672 praeficere.
1534 2616 1745 2655 Pertinent

317 2683 450 2716 autem
477 2678 527 2716 ad
556 2681 743 2719 scrinium
762 2679 825 2719 vel
857 2677 971 2726 τάξιν
995 2676 1213 2730 quaestoris
1242 2670 1279 2712 οἱ
1300 2672 1568 2725 ἀντιγραφεῖς
1577 2692 1594 2722 ,⁷
1619 2671 1748 2724 magi*-
