1826 3126
269 136 344 191 30
545 153 618 194 lo.
660 151 767 194 1Ac.
809 153 1003 193 Rsslsxu
1050 151 1429 197 coimENTARn

271 255 517 296 demandant
532 285 543 305 ,
573 254 734 308 publiea
753 254 935 293 mercede
953 253 1104 294 alendis
1121 284 1132 306 ,
1159 255 1356 295 militibus
1372 257 1595 311 oppidanis.
1631 258 1719 300 Hae

272 313 423 351 civicae
458 310 646 349 excubiae
674 311 877 348 interdum
905 310 1100 350 solemnes
1129 311 1179 350 ad
1198 318 1310 350 actus
1328 315 1574 352 conveniunt
1591 314 1634 354 in
1652 329 1717 354 ar-

270 369 374 417 mis,
410 373 450 404 et
482 366 558 404 sub
576 366 812 404 ductoribus
839 367 919 405 suis
945 381 1068 405 arma¹
1083 374 1280 406 exercent.
1338 367 1435 407 Alio
1469 383 1629 424 quoque
1653 385 1718 409 re·

271 429 409 476 spectu
440 421 587 460 similes
621 429 734 460 erant
769 421 828 459 illi
865 421 991 473 δῆμοι
1021 422 1187 462 militiae
1212 423 1272 462 illi
1303 424 1463 476 generi,
1489 425 1597 478 quod
1615 439 1638 464 a
1655 427 1719 464 iu-

271 484 436 517 ventute
467 477 593 515 civica
614 484 652 515 et
678 478 881 516 rusticana
917 478 958 515 in
976 480 1251 517 necessitatem
1281 478 1420 517 celeris
1454 479 1720 533 supplementi

270 547 390 572 verae
423 532 590 571 militiae
615 533 881 571 conscribitur
900 563 911 583 ,
950 540 988 572 et
1006 534 1047 571 in
1077 535 1198 573 armis
1229 541 1433 573 exercetur
1453 564 1464 584 ,
1501 550 1631 589 neque
1657 544 1721 576 ta-

270 603 365 628 men
384 595 536 628 vestem
555 588 769 626 militarem
784 618 795 639 ,
833 602 964 642 neque
991 589 1186 642 stipendia
1205 619 1216 639 ,
1250 603 1381 644 neque
1412 590 1597 630 ductores
1614 592 1722 630 mili-

269 651 377 682 tares
415 645 560 696 accipit
578 673 589 695 ,
637 658 768 697 neque
803 644 964 683 sedibus
998 647 1080 683 suis
1117 646 1334 696 excitatur,
1373 645 1443 684 sed
1478 653 1615 684 manet
1648 661 1722 686 suo

270 701 442 753 quisque
459 698 547 738 loco
566 713 692 753 eoque
709 701 751 738 in
769 701 876 739 vitae
907 707 946 738 et
963 707 1150 753 quaestus
1178 715 1323 754 genere
1339 731 1351 752 ,
1388 701 1497 754 quod
1515 702 1722 755 amplexus

270 755 393 794 fuerit
411 784 423 805 ,
461 756 619 794 statutis
644 755 893 808 temporibus
911 755 963 794 ad
980 756 1197 795 exercenda
1225 770 1338 795 arma
1365 763 1582 808 coeuntes3
1619 772 1721 810 qua-

270 809 331 850 les
364 824 438 849 nos
475 810 677 863 appellare
721 812 863 849 milites
897 812 1167 866 provinciales
1210 811 1398 850 solemus.
1454 812 1648 852 Poterant
1679 815 1722 853 in

271 865 338 905 his
365 869 536 905 catervis
555 880 639 905 esse
657 867 836 919 opulenti
857 897 867 917 ,
903 874 942 905 et
962 881 1157 920 pauperes
1174 896 1185 917 ,
1222 875 1463 908 mercatores
1483 896 1495 917 ,
1535 869 1695 920 opifices
1710 898 1722 920 ,

273 920 429 972 baiuli,
465 936 603 960 omnes
638 923 770 972 cives,
801 936 944 961 verum
970 930 1058 960 tum
1086 923 1276 975 temporis
1294 937 1318 962 a
1335 922 1492 962 civibus
1518 922 1722 975 distincti,

273 984 314 1015 et
342 991 366 1016 a
383 979 638 1030 magistratus
661 977 808 1016 urbani
839 977 1114 1016 iurisdictione
1140 980 1310 1028 exemti,
1345 992 1473 1032 quum
1502 978 1725 1019 functiones

273 1047 442 1086 gregum
474 1041 714 1072 exercerent.
763 1034 972 1083 Quaenam
1005 1047 1102 1072 vero
1130 1033 1253 1072 illae?
1301 1035 1348 1073 ln
1377 1035 1530 1087 magnis
1560 1048 1724 1088 proees-

273 1088 452 1127 sionibus
489 1089 611 1127 sacris
646 1089 697 1127 ad
742 1088 925 1127 ecelesias
963 1088 1148 1128 cohortes
1184 1088 1349 1128 illorum
1382 1103 1546 1143 gregum
1585 1089 1724 1141 diver-

274 1144 329 1182 sis
366 1145 559 1196 statisque
596 1145 638 1182 in
678 1143 776 1182 loeis
817 1158 954 1183 earum
997 1143 1250 1197 platearum.,
1301 1159 1374 1198 per
1414 1158 1514 1198 quas
1562 1144 1724 1197 proces-

274 1199 334 1238 sio
367 1201 581 1250 transiret,
618 1199 777 1238 stabant
810 1199 860 1237 ad
888 1207 1106 1253 utrumque
1140 1199 1244 1239 latus
1277 1200 1432 1252 plateae
1463 1199 1646 1238 collocati
1681 1201 1724 1239 in

267 1255 419 1293 ‘seriem
436 1284 448 1303 ,
498 1255 784 1307 praestolantes
836 1250 1087 1308 [δεχόμενοι
1126 1255 1192 1294 vel
1226 1252 1520 1308 ἐκδεχόμενοι]
1571 1255 1725 1295 adven-

274 1316 363 1348 tum
384 1311 641 1363 Imperatoris
663 1340 674 1360 ,
710 1324 884 1363 eumque
911 1324 1047 1348 coram
1065 1309 1344 1349 advenientem
1371 1309 1727 1350 acclamationibus

274 1365 390 1404 laetis
407 1365 599 1418 gaudium
616 1365 931 1419 significantibus
949 1373 988 1404 et
1005 1372 1099 1404 vota
1116 1366 1389 1418 prosperitatis
1406 1367 1536 1404 omnis
1551 1366 1727 1418 proden-

274 1420 384 1460 tibus
404 1422 656 1475 excipientes.
696 1422 953 1474 Quapropter
980 1421 1046 1460 hic
1064 1428 1176 1460 actus
1205 1418 1311 1473 ὁόχὴ
1324 1452 1336 1470 ,
1365 1421 1408 1460 id
1426 1428 1486 1460 est
1507 1423 1592 1460 sive
1607 1435 1726 1474 prae-

275 1476 436 1515 stolatio
451 1505 462 1527 ,
499 1479 584 1516 sive
610 1478 785 1530 exceptio
801 1506 812 1527 ,
849 1476 1034 1515 salutatio
1051 1507 1062 1526 ,
1098 1476 1380 1516 beneventatio
1408 1475 1628 1517 dicebatur.
1683 1476 1728 1516 Si

276 1531 436 1585 longius
454 1531 608 1571 abesset
633 1547 656 1571 a
674 1532 824 1586 palatio
852 1532 1016 1571 eeclesia
1034 1532 1102 1571 illa
1117 1561 1128 1581 ,
1166 1532 1217 1570 ad
1236 1546 1359 1585 quam
1387 1531 1607 1570 identidem
1631 1545 1730 1585 pro-

276 1588 486 1626 cederetur
502 1618 513 1638 ,
549 1587 601 1626 ad
629 1595 740 1627 certa
766 1587 978 1626 intervalla
1005 1589 1244 1626 constitutae
1270 1588 1400 1640 gregis
1430 1588 1624 1640 cuiusque
1650 1587 1729 1626 mi-

275 1650 400 1682 nutae
425 1643 645 1696 particulae
673 1642 849 1682 officium
884 1643 1084 1682 salutandi
1119 1642 1407 1696 praestabant3
1442 1642 1550 1681 unde
1582 1641 1731 1696 legitur

277 1699 502 1751 Imperator
528 1699 732 1738 interdum
749 1701 872 1738 octies
894 1699 1015 1738 fuisse
1039 1698 1280 1738 acclamatus
1311 1697 1378 1738 vel
1395 1697 1591 1736 salutatus
1607 1725 1619 1746 ‚
1655 1710 1730 1736 an-

276 1761 440 1807 tequam
465 1756 507 1793 in
541 1754 747 1793 ecclesiam
762 1784 773 1805 ,
809 1755 861 1793 ad
885 1769 1006 1807 quam
1031 1754 1236 1803 tenderet,
1271 1754 1515 1806 perveniret.
1570 1752 1728 1791 Eadem

278 1810 451 1848 formula
483 1811 705 1849 iterabatur
733 1813 775 1848 in
810 1809 943 1849 reditu
969 1825 990 1848 e
1015 1811 1135 1849 sacris
1174 1809 1225 1847 ad
1249 1808 1456 1862 palatium.
1516 1807 1563 1846 In
1599 1809 1731 1861 prima

279 1880 440 1918 quaque
457 1867 650 1919 cuiusque
676 1866 859 1905 factionis
875 1867 1104 1918 exceptione
1131 1863 1360 1918 porrigebat
1375 1862 1627 1902 Demarchus
1645 1863 1730 1902 Im-

279 1923 454 1973 peratori
471 1921 654 1960 libellum
675 1951 687 1972 ,
721 1923 989 1960 continentem
1007 1934 1166 1959 carmen
1183 1950 1195 1970 ,
1227 1933 1308 1972 quo
1326 1918 1595 1973 gratularetur
1612 1931 1731 1971 quae·

282 1991 360 2029 que
396 1977 514 2015 factio
535 1978 772 2030 Imperatori
802 1975 947 2015 festum
976 1975 1193 2014 identidem
1219 1975 1327 2013 diem
1347 2005 1358 2025 ,
1391 1981 1432 2013 et
1455 1974 1613 2026 saepius
1636 1987 1730 2012 eum

281 2034 359 2084 ipsi
387 2033 538 2071 laetum
566 2033 697 2072 redire
722 2031 902 2086 optabat.
959 2031 1117 2082 Quibus
1148 2030 1392 2069 carminibus
1418 2028 1639 2083 pangendis
1654 2027 1730 2068 ha-

283 2086 406 2126 bebat
441 2102 624 2142 quaeque
656 2088 775 2127 factio
811 2100 904 2126 suos
936 2086 1013 2126 sibi
1046 2086 1266 2140 peculiares
1302 2085 1486 2125 mercede
1511 2083 1736 2123 conductos

283 2150 445 2196 poetas:
484 2159 566 2183 non
596 2158 712 2198 pares
736 2142 900 2196 quidem
929 2150 1016 2182 arte
1044 2143 1198 2195 poetica
1224 2142 1401 2180 Pindaro
1415 2170 1428 2191 ,
1462 2139 1735 2178 mercenarios·

285 2205 420 2237 tamen
455 2214 581 2253 aeque
614 2207 733 2254 atque
760 2198 829 2238 ille
845 2199 946 2250 filit,
982 2198 1202 2251 eodemque
1234 2204 1391 2236 utentes
1424 2202 1611 2250 quaestu.
1666 2194 1732 2233 De

287 2254 435 2306 quibus
464 2257 592 2308 poetis
617 2261 796 2295 recurret
823 2254 1010 2307 deinceps
1029 2253 1187 2292 dicendi
1202 2253 1329 2292 locus.
1386 2251 1500 2290 Idem
1529 2249 1733 2289 salutandi

288 2316 328 2348 et
356 2309 602 2350 acclamandi
622 2310 797 2350 officium
820 2324 956 2364 greges
977 2310 1213 2376 Imperatori
1238 2307 1496 2362 praestabant
1523 2319 1566 2344 1n
1584 2305 1701 2344 Circo
1718 2333 1733 2354 ‚

289 2366 574 2417 praeeuntibus
608 2366 821 2406 formulam
855 2367 944 2412 τοῖς
970 2378 1168 2418 κρακταις
1180 2396 1194 2416 ,
1241 2378 1311 2403 seu
1343 2360 1652 2409 clamatoribus,
1687 2359 1733 2398 id

291 2427 350 2458 est
368 2422 654 2473 praeconibus,
688 2421 1028 2476 praecentoribus.
1086 2420 1218 2458 Scatet
1253 2419 1386 2458 Codex
1416 2423 1552 2456 noster
1584 2414 1735 2454 talibus

291 2474 489 2514 formulis.
545 2478 676 2517 Erant
701 2492 795 2531 ergo
809 2477 853 2516 hi
871 2476 1047 2530 gregales
1074 2483 1235 2514 eatenus
1252 2474 1416 2528 parasiti
1434 2470 1658 2525 imperiales
1675 2469 1734 2508 le-

292 2544 341 2582 ge
358 2533 588 2582 constituti,
623 2541 662 2572 et
690 2532 896 2587 stipendiis
924 2531 1063 2570 aulicis
1087 2531 1276 2569 conducti
1305 2530 1356 2569 ad
1373 2527 1570 2568 canendas
1597 2523 1735 2565 laudes

293 2585 551 2638 Imperatoris
577 2588 688 2626 velut
719 2588 880 2642 publica
896 2602 1010 2627 voce.
1068 2587 1161 2635 Quo
1190 2585 1310 2625 fiebat
1328 2615 1340 2636 ,
1375 2591 1421 2623 ut
1437 2581 1606 2636 gregalis
1623 2581 1735 2633 quis-

291 2654 373 2693 que
387 2670 399 2692 ,
435 2656 515 2694 qua
532 2641 623 2681 talis
641 2672 651 2692 ,
687 2658 768 2683 non
787 2644 838 2683 ad
855 2644 1048 2682 iudicium
1073 2643 1244 2680 civicum
1265 2670 1277 2690 ,
1312 2640 1381 2679 sed
1398 2638 1574 2678 aulicum
1591 2642 1739 2689 specta-

291 2703 369 2735 ret.
428 2696 535 2736 Nam
565 2698 779 2738 Demarchi
793 2729 805 2750 ,
841 2700 911 2752 qui
937 2699 1082 2738 summi
1110 2703 1224 2736 erant
1253 2709 1419 2749 gregum
1453 2693 1708 2746 magistratus
1722 2720 1735 2741 ,

292 2751 422 2800 causi-s
438 2759 478 2791 et
509 2753 603 2792 rixis
630 2754 849 2807 gregalium
866 2752 1150 2808 componendis
1167 2759 1207 2792 et
1223 2750 1407 2804 regendis
1435 2746 1621 2804 gregibus
1638 2759 1737 2785 con-
