<?xml version="1.0" encoding="UTF-8"?>
<!DOCTYPE html PUBLIC "-//W3C//DTD XHTML 1.0 Transitional//EN"
    "http://www.w3.org/TR/xhtml1/DTD/xhtml1-transitional.dtd">
<html xmlns="http://www.w3.org/1999/xhtml" xml:lang="en" lang="en">
 <head>
  <title>
</title>
<meta http-equiv="Content-Type" content="text/html;charset=utf-8" />
  <meta name='ocr-system' content='tesseract 3.04.00' />
  <meta name='ocr-capabilities' content='ocr_page ocr_carea ocr_par ocr_line ocrx_word'/>
</head>
<body>
  <div class='ocr_page' id='page_1' title='image "./corpusscriptorum08niebuoft/corpusscriptorum08niebuoft_0685.png"; bbox 0 0 1884 3132; ppageno 0'>
   <div class='ocr_carea' id='block_1_1' title="bbox 212 100 1559 176">
    <p class='ocr_par' dir='ltr' id='par_1_1' title="bbox 212 100 1559 176">
     <span class='ocr_line' id='line_1_1' title="bbox 212 100 1559 176; baseline -0.008 -7"><span class='ocrx_word' id='word_1_1' title='bbox 212 126 287 169; x_wconf 73' lang='lat' dir='ltr'><strong>An</strong></span> <span class='ocrx_word' id='word_1_2' title='bbox 329 123 624 168; x_wconf 66' lang='lat' dir='ltr'><strong>consum.</strong></span> <span class='ocrx_word' id='word_1_3' title='bbox 662 122 857 166; x_wconf 66' lang='lat' dir='ltr'><strong>poam</strong></span> <span class='ocrx_word' id='word_1_4' title='bbox 894 125 968 164; x_wconf 81' lang='lat' dir='ltr'><strong>m:</strong></span> <span class='ocrx_word' id='word_1_5' title='bbox 1006 122 1188 165; x_wconf 66' lang='lat' dir='ltr'><strong>emim.</strong></span> <span class='ocrx_word' id='word_1_6' title='bbox 1230 122 1332 162; x_wconf 79' lang='lat' dir='ltr'><strong>mn.</strong></span> <span class='ocrx_word' id='word_1_7' title='bbox 1358 122 1410 161; x_wconf 87' lang='lat' dir='ltr'><strong>n.</strong></span> <span class='ocrx_word' id='word_1_8' title='bbox 1448 100 1559 176; x_wconf 87' lang='lat'><strong>677</strong></span> 
     </span>
    </p>
   </div>
   <div class='ocr_carea' id='block_1_2' title="bbox 67 222 1565 2740">
    <p class='ocr_par' dir='ltr' id='par_1_2' title="bbox 67 222 1565 390">
     <span class='ocr_line' id='line_1_2' title="bbox 67 222 1565 283; baseline -0.003 -16"><span class='ocrx_word' id='word_1_9' title='bbox 67 265 70 267; x_wconf 16' lang='grc' dir='ltr'><strong>Α</strong></span> <span class='ocrx_word' id='word_1_10' title='bbox 133 244 228 270; x_wconf 84' lang='lat' dir='ltr'><strong>nem</strong></span> <span class='ocrx_word' id='word_1_11' title='bbox 257 229 510 269; x_wconf 76' lang='lat' dir='ltr'><strong>dissuadebat</strong></span> <span class='ocrx_word' id='word_1_12' title='bbox 523 230 747 283; x_wconf 86' lang='lat' dir='ltr'><strong>appositum</strong></span> <span class='ocrx_word' id='word_1_13' title='bbox 774 227 942 267; x_wconf 88' lang='lat' dir='ltr'><strong>verbum</strong></span> <span class='ocrx_word' id='word_1_14' title='bbox 1006 230 1139 276; x_wconf 81' lang='grc' dir='ltr'><em>ορεῖν,</em></span> <span class='ocrx_word' id='word_1_15' title='bbox 1169 225 1290 279; x_wconf 90' lang='lat' dir='ltr'><strong>quod,</strong></span> <span class='ocrx_word' id='word_1_16' title='bbox 1316 230 1363 262; x_wconf 91' lang='lat' dir='ltr'><strong>ut</strong></span> <span class='ocrx_word' id='word_1_17' title='bbox 1386 223 1484 272; x_wconf 83' lang='lat' dir='ltr'>dixi,</span> <span class='ocrx_word' id='word_1_18' title='bbox 1513 222 1565 263; x_wconf 87' lang='lat' dir='ltr'><strong>de</strong></span> 
     </span>
     <span class='ocr_line' id='line_1_3' title="bbox 135 241 1565 337; baseline -0.005 -13"><span class='ocrx_word' id='word_1_19' title='bbox 135 285 255 324; x_wconf 78' lang='lat' dir='ltr'><strong>rebus</strong></span> <span class='ocrx_word' id='word_1_20' title='bbox 300 291 515 337; x_wconf 77' lang='lat' dir='ltr'><strong>usurpatur</strong></span> <span class='ocrx_word' id='word_1_21' title='bbox 541 291 628 323; x_wconf 86' lang='lat' dir='ltr'><strong>toto</strong></span> <span class='ocrx_word' id='word_1_22' title='bbox 663 297 830 336; x_wconf 87' lang='lat' dir='ltr'><strong>corpore</strong></span> <span class='ocrx_word' id='word_1_23' title='bbox 869 241 1148 336; x_wconf 49' lang='lat' dir='ltr'><strong>gestaffidibus,</strong></span> <span class='ocrx_word' id='word_1_24' title='bbox 1185 295 1264 319; x_wconf 90' lang='lat' dir='ltr'><strong>non</strong></span> <span class='ocrx_word' id='word_1_25' title='bbox 1294 278 1344 318; x_wconf 87' lang='lat' dir='ltr'><strong>de</strong></span> <span class='ocrx_word' id='word_1_26' title='bbox 1368 278 1433 330; x_wconf 80' lang='lat' dir='ltr'><strong>iis,</strong></span> <span class='ocrx_word' id='word_1_27' title='bbox 1461 292 1565 333; x_wconf 85' lang='lat' dir='ltr'><strong>quae</strong></span> 
     </span>
     <span class='ocr_line' id='line_1_4' title="bbox 133 336 870 390; baseline -0.004 -11"><span class='ocrx_word' id='word_1_28' title='bbox 133 336 384 390; x_wconf 79' lang='grc' dir='ltr'><em>βαστάζεται</em></span> <span class='ocrx_word' id='word_1_29' title='bbox 399 369 409 383; x_wconf 83' lang='grc'><em>,</em></span> <span class='ocrx_word' id='word_1_30' title='bbox 448 339 630 378; x_wconf 87' lang='lat' dir='ltr'><strong>manibus</strong></span> <span class='ocrx_word' id='word_1_31' title='bbox 656 338 870 377; x_wconf 82' lang='lat' dir='ltr'><strong>librantur.</strong></span> 
     </span>
    </p>

    <p class='ocr_par' dir='ltr' id='par_1_3' title="bbox 134 387 1562 500">
     <span class='ocr_line' id='line_1_5' title="bbox 246 387 1562 448; baseline -0.003 -16"><span class='ocrx_word' id='word_1_32' title='bbox 246 393 292 434; x_wconf 91' lang='lat' dir='ltr'><strong>C.</strong></span> <span class='ocrx_word' id='word_1_33' title='bbox 312 394 352 432; x_wconf 76' lang='lat'><strong>5.</strong></span> <span class='ocrx_word' id='word_1_34' title='bbox 386 393 497 448; x_wconf 79' lang='lat'>[576‚</span> <span class='ocrx_word' id='word_1_35' title='bbox 519 394 598 444; x_wconf 76' lang='lat'><strong>20]</strong></span> <span class='ocrx_word' id='word_1_36' title='bbox 625 387 720 445; x_wconf 72' lang='grc' dir='ltr'><strong>ἔστη</strong></span> <span class='ocrx_word' id='word_1_37' title='bbox 746 391 833 444; x_wconf 79' lang='grc' dir='ltr'><strong><em>τῆς.</em></strong></span> <span class='ocrx_word' id='word_1_38' title='bbox 891 393 952 432; x_wconf 87' lang='lat' dir='ltr'><strong>Ita</strong></span> <span class='ocrx_word' id='word_1_39' title='bbox 978 391 1249 431; x_wconf 86' lang='lat' dir='ltr'><strong>membranae.</strong></span> <span class='ocrx_word' id='word_1_40' title='bbox 1305 388 1392 429; x_wconf 88' lang='lat' dir='ltr'><strong>Aut</strong></span> <span class='ocrx_word' id='word_1_41' title='bbox 1418 388 1562 429; x_wconf 85' lang='lat' dir='ltr'>excidit</span> 
     </span>
     <span class='ocr_line' id='line_1_6' title="bbox 134 444 810 500; baseline -0.001 -13"><span class='ocrx_word' id='word_1_42' title='bbox 134 444 182 500; x_wconf 82' lang='grc' dir='ltr'><strong>ὅ,</strong></span> <span class='ocrx_word' id='word_1_43' title='bbox 211 455 281 487; x_wconf 92' lang='lat' dir='ltr'><strong>aut</strong></span> <span class='ocrx_word' id='word_1_44' title='bbox 306 449 424 487; x_wconf 79' lang='lat' dir='ltr'><strong>tacite</strong></span> <span class='ocrx_word' id='word_1_45' title='bbox 451 455 509 487; x_wconf 92' lang='lat' dir='ltr'><strong>est</strong></span> <span class='ocrx_word' id='word_1_46' title='bbox 534 446 810 500; x_wconf 86' lang='lat' dir='ltr'><strong>supplendum.</strong></span> 
     </span>
    </p>

    <p class='ocr_par' dir='ltr' id='par_1_4' title="bbox 133 499 1562 937">
     <span class='ocr_line' id='line_1_7' title="bbox 244 499 1562 556; baseline -0.003 -15"><span class='ocrx_word' id='word_1_47' title='bbox 244 503 297 542; x_wconf 88' lang='lat' dir='ltr'><strong>D.</strong></span> <span class='ocrx_word' id='word_1_48' title='bbox 318 517 359 542; x_wconf 83' lang='lat'><strong>2.</strong></span> <span class='ocrx_word' id='word_1_49' title='bbox 389 502 504 556; x_wconf 83' lang='lat'><strong>[577‚</strong></span> <span class='ocrx_word' id='word_1_50' title='bbox 525 501 590 555; x_wconf 91' lang='lat'><strong>6.]</strong></span> <span class='ocrx_word' id='word_1_51' title='bbox 618 501 699 541; x_wconf 74' lang='grc' dir='ltr'><strong>ταῖν</strong></span> <span class='ocrx_word' id='word_1_52' title='bbox 729 499 766 540; x_wconf 79' lang='grc' dir='ltr'><strong>δ’</strong></span> <span class='ocrx_word' id='word_1_53' title='bbox 788 501 960 553; x_wconf 80' lang='grc' dir='ltr'><em>χροιῶν.</em></span> <span class='ocrx_word' id='word_1_54' title='bbox 1048 499 1192 540; x_wconf 84' lang='lat' dir='ltr'><strong>Veneti</strong></span> <span class='ocrx_word' id='word_1_55' title='bbox 1213 528 1224 548; x_wconf 90' lang='lat'><strong>‚</strong></span> <span class='ocrx_word' id='word_1_56' title='bbox 1253 499 1428 552; x_wconf 82' lang='lat' dir='ltr'><strong>prasini,</strong></span> <span class='ocrx_word' id='word_1_57' title='bbox 1458 499 1562 538; x_wconf 82' lang='lat' dir='ltr'><strong>russi</strong></span> 
     </span>
     <span class='ocr_line' id='line_1_8' title="bbox 133 554 1562 609; baseline -0.003 -13"><span class='ocrx_word' id='word_1_58' title='bbox 133 564 176 596; x_wconf 86' lang='lat' dir='ltr'><strong>et</strong></span> <span class='ocrx_word' id='word_1_59' title='bbox 201 557 299 596; x_wconf 88' lang='lat' dir='ltr'><strong>albi.</strong></span> <span class='ocrx_word' id='word_1_60' title='bbox 352 557 550 596; x_wconf 86' lang='lat' dir='ltr'>Videntur</span> <span class='ocrx_word' id='word_1_61' title='bbox 577 570 671 609; x_wconf 82' lang='lat' dir='ltr'><strong>ergo</strong></span> <span class='ocrx_word' id='word_1_62' title='bbox 698 555 741 594; x_wconf 90' lang='lat' dir='ltr'><strong>hi</strong></span> <span class='ocrx_word' id='word_1_63' title='bbox 768 558 967 609; x_wconf 85' lang='lat' dir='ltr'><strong>tagmatici</strong></span> <span class='ocrx_word' id='word_1_64' title='bbox 994 570 1063 594; x_wconf 86' lang='lat' dir='ltr'><strong>seu</strong></span> <span class='ocrx_word' id='word_1_65' title='bbox 1092 554 1336 608; x_wconf 85' lang='lat' dir='ltr'><strong>praesidiarii</strong></span> <span class='ocrx_word' id='word_1_66' title='bbox 1363 554 1509 593; x_wconf 87' lang='lat' dir='ltr'><strong>diversi</strong></span> <span class='ocrx_word' id='word_1_67' title='bbox 1537 568 1562 592; x_wconf 91' lang='lat' dir='ltr'><strong>a</strong></span> 
     </span>
     <span class='ocr_line' id='line_1_9' title="bbox 135 608 1561 665; baseline -0.003 -14"><span class='ocrx_word' id='word_1_68' title='bbox 135 619 307 665; x_wconf 83' lang='lat' dir='ltr'><strong>quatuor</strong></span> <span class='ocrx_word' id='word_1_69' title='bbox 331 611 467 665; x_wconf 87' lang='lat' dir='ltr'><strong>palatii</strong></span> <span class='ocrx_word' id='word_1_70' title='bbox 493 611 733 664; x_wconf 81' lang='lat' dir='ltr'><strong>tagmatibus</strong></span> <span class='ocrx_word' id='word_1_71' title='bbox 766 611 906 657; x_wconf 59' lang='lat' dir='ltr'><strong>fixisse,</strong></span> <span class='ocrx_word' id='word_1_72' title='bbox 941 612 1024 649; x_wconf 84' lang='lat' dir='ltr'><strong>nisi&#39;</strong></span> <span class='ocrx_word' id='word_1_73' title='bbox 1044 618 1157 663; x_wconf 85' lang='lat' dir='ltr'><strong>putes</strong></span> <span class='ocrx_word' id='word_1_74' title='bbox 1171 617 1344 661; x_wconf 81' lang='lat' dir='ltr'><strong>tagmata</strong></span> <span class='ocrx_word' id='word_1_75' title='bbox 1371 608 1468 648; x_wconf 89' lang='lat' dir='ltr'><strong>haec</strong></span> <span class='ocrx_word' id='word_1_76' title='bbox 1495 623 1561 662; x_wconf 88' lang='lat' dir='ltr'><strong>pa-</strong></span> 
     </span>
     <span class='ocr_line' id='line_1_10' title="bbox 135 664 1562 719; baseline -0.001 -15"><span class='ocrx_word' id='word_1_77' title='bbox 135 665 287 715; x_wconf 78' lang='lat' dir='ltr'><strong>latina,</strong></span> <span class='ocrx_word' id='word_1_78' title='bbox 316 666 471 706; x_wconf 86' lang='lat' dir='ltr'><strong>scholas</strong></span> <span class='ocrx_word' id='word_1_79' title='bbox 497 673 593 719; x_wconf 88' lang='lat' dir='ltr'><strong>puta</strong></span> <span class='ocrx_word' id='word_1_80' title='bbox 610 695 620 711; x_wconf 55' lang='lat'><em>2</em></span> <span class='ocrx_word' id='word_1_81' title='bbox 638 664 905 712; x_wconf 81' lang='lat' dir='ltr'>excubitores,</span> <span class='ocrx_word' id='word_1_82' title='bbox 936 665 1143 704; x_wconf 78' lang='lat' dir='ltr'><strong>liicanatos</strong></span> <span class='ocrx_word' id='word_1_83' title='bbox 1178 672 1217 703; x_wconf 89' lang='lat' dir='ltr'><strong>et</strong></span> <span class='ocrx_word' id='word_1_84' title='bbox 1249 677 1461 714; x_wconf 88' lang='lat' dir='ltr'><strong>numeros,</strong></span> <span class='ocrx_word' id='word_1_85' title='bbox 1490 677 1562 717; x_wconf 89' lang='lat' dir='ltr'><strong>per</strong></span> 
     </span>
     <span class='ocr_line' id='line_1_11' title="bbox 135 718 1561 775; baseline -0.002 -16"><span class='ocrx_word' id='word_1_86' title='bbox 135 722 278 760; x_wconf 87' lang='lat' dir='ltr'><strong>urbem</strong></span> <span class='ocrx_word' id='word_1_87' title='bbox 302 723 450 775; x_wconf 82' lang='lat' dir='ltr'><strong>regiam</strong></span> <span class='ocrx_word' id='word_1_88' title='bbox 486 721 719 760; x_wconf 79' lang='lat' dir='ltr'><strong>distributos</strong></span> <span class='ocrx_word' id='word_1_89' title='bbox 746 721 864 760; x_wconf 85' lang='lat' dir='ltr'><strong>fuisse</strong></span> <span class='ocrx_word' id='word_1_90' title='bbox 902 720 1097 759; x_wconf 85' lang='lat' dir='ltr'>obeundis</span> <span class='ocrx_word' id='word_1_91' title='bbox 1124 718 1266 772; x_wconf 73' lang='lat' dir='ltr'><strong>vigiliis</strong></span> <span class='ocrx_word' id='word_1_92' title='bbox 1305 726 1344 757; x_wconf 90' lang='lat' dir='ltr'><strong>et</strong></span> <span class='ocrx_word' id='word_1_93' title='bbox 1379 718 1561 757; x_wconf 78' lang='lat' dir='ltr'><strong>stationi-</strong></span> 
     </span>
     <span class='ocr_line' id='line_1_12' title="bbox 135 773 1560 828; baseline -0.003 -14"><span class='ocrx_word' id='word_1_94' title='bbox 135 775 212 815; x_wconf 85' lang='lat' dir='ltr'><strong>bus</strong></span> <span class='ocrx_word' id='word_1_95' title='bbox 238 782 278 814; x_wconf 84' lang='lat' dir='ltr'><strong>et</strong></span> <span class='ocrx_word' id='word_1_96' title='bbox 306 775 413 815; x_wconf 89' lang='lat' dir='ltr'><strong>illinc</strong></span> <span class='ocrx_word' id='word_1_97' title='bbox 441 777 652 828; x_wconf 90' lang='lat' dir='ltr'><strong>unicuique</strong></span> <span class='ocrx_word' id='word_1_98' title='bbox 692 775 742 814; x_wconf 88' lang='lat' dir='ltr'><strong>de</strong></span> <span class='ocrx_word' id='word_1_99' title='bbox 768 783 940 828; x_wconf 86' lang='lat' dir='ltr'><strong>quatuor</strong></span> <span class='ocrx_word' id='word_1_100' title='bbox 969 775 1205 814; x_wconf 82' lang='lat' dir='ltr'>factionibus</span> <span class='ocrx_word' id='word_1_101' title='bbox 1233 773 1471 812; x_wconf 67' lang='lat' dir='ltr'><strong>attributum</strong></span> <span class='ocrx_word' id='word_1_102' title='bbox 1498 780 1560 812; x_wconf 88' lang='lat' dir='ltr'><strong>at-</strong></span> 
     </span>
     <span class='ocr_line' id='line_1_13' title="bbox 133 828 1561 884; baseline -0.002 -15"><span class='ocrx_word' id='word_1_103' title='bbox 133 844 213 884; x_wconf 86' lang='lat' dir='ltr'><strong>que</strong></span> <span class='ocrx_word' id='word_1_104' title='bbox 240 829 472 883; x_wconf 84' lang='lat' dir='ltr'><strong>deputatum</strong></span> <span class='ocrx_word' id='word_1_105' title='bbox 512 831 630 870; x_wconf 77' lang='lat' dir='ltr'><strong>fuisse</strong></span> <span class='ocrx_word' id='word_1_106' title='bbox 665 844 878 869; x_wconf 86' lang='lat' dir='ltr'><strong>numerum</strong></span> <span class='ocrx_word' id='word_1_107' title='bbox 895 859 908 881; x_wconf 89' lang='lat'>‚</span> <span class='ocrx_word' id='word_1_108' title='bbox 947 831 1018 883; x_wconf 90' lang='lat' dir='ltr'><strong>qui</strong></span> <span class='ocrx_word' id='word_1_109' title='bbox 1055 831 1140 868; x_wconf 89' lang='lat' dir='ltr'><strong>eius</strong></span> <span class='ocrx_word' id='word_1_110' title='bbox 1174 828 1472 868; x_wconf 82' lang='lat' dir='ltr'><strong>necessitatibus</strong></span> <span class='ocrx_word' id='word_1_111' title='bbox 1499 830 1561 866; x_wconf 87' lang='lat' dir='ltr'><strong>in-</strong></span> 
     </span>
     <span class='ocr_line' id='line_1_14' title="bbox 133 885 824 937; baseline -0.001 -13"><span class='ocrx_word' id='word_1_112' title='bbox 133 886 300 925; x_wconf 76' lang='lat' dir='ltr'><strong>serviret</strong></span> <span class='ocrx_word' id='word_1_113' title='bbox 324 893 364 924; x_wconf 83' lang='lat' dir='ltr'><strong>et</strong></span> <span class='ocrx_word' id='word_1_114' title='bbox 391 885 591 925; x_wconf 85' lang='lat' dir='ltr'><strong>custodiae</strong></span> <span class='ocrx_word' id='word_1_115' title='bbox 617 892 824 937; x_wconf 84' lang='lat' dir='ltr'><strong>praeesset.</strong></span> 
     </span>
    </p>

    <p class='ocr_par' dir='ltr' id='par_1_5' title="bbox 131 937 1560 1212">
     <span class='ocr_line' id='line_1_15' title="bbox 240 937 1560 995; baseline -0.003 -16"><span class='ocrx_word' id='word_1_116' title='bbox 240 939 293 979; x_wconf 87' lang='lat' dir='ltr'><strong>D.</strong></span> <span class='ocrx_word' id='word_1_117' title='bbox 312 939 354 991; x_wconf 72' lang='lat'><strong>4.</strong></span> <span class='ocrx_word' id='word_1_118' title='bbox 386 940 495 995; x_wconf 78' lang='lat'><strong>[577‚</strong></span> <span class='ocrx_word' id='word_1_119' title='bbox 517 939 574 993; x_wconf 90' lang='lat'><strong>7.]</strong></span> <span class='ocrx_word' id='word_1_120' title='bbox 604 939 883 979; x_wconf 76' lang='grc' dir='ltr'><em>ἅποστολῖται.</em></span> <span class='ocrx_word' id='word_1_121' title='bbox 940 940 1125 978; x_wconf 83' lang='lat' dir='ltr'><strong>Cantores</strong></span> <span class='ocrx_word' id='word_1_122' title='bbox 1149 938 1257 977; x_wconf 73' lang='lat' dir='ltr'><strong>aedis</strong></span> <span class='ocrx_word' id='word_1_123' title='bbox 1286 937 1362 975; x_wconf 89' lang='lat' dir='ltr'><strong>SS.</strong></span> <span class='ocrx_word' id='word_1_124' title='bbox 1391 937 1560 993; x_wconf 82' lang='lat' dir='ltr'><strong>Aposto-</strong></span> 
     </span>
     <span class='ocr_line' id='line_1_16' title="bbox 131 991 1560 1049; baseline -0.003 -15"><span class='ocrx_word' id='word_1_125' title='bbox 131 995 284 1044; x_wconf 81' lang='lat' dir='ltr'><strong><em>lorum,</em></strong></span> <span class='ocrx_word' id='word_1_126' title='bbox 320 1002 366 1034; x_wconf 91' lang='lat' dir='ltr'><strong>ut</strong></span> <span class='ocrx_word' id='word_1_127' title='bbox 393 993 657 1049; x_wconf 76' lang='grc' dir='ltr'><em>ἁγιοσοφΐται</em></span> <span class='ocrx_word' id='word_1_128' title='bbox 682 1004 855 1034; x_wconf 80' lang='lat' dir='ltr'><strong>cantores</strong></span> <span class='ocrx_word' id='word_1_129' title='bbox 883 995 993 1034; x_wconf 80' lang='lat' dir='ltr'><strong>aedis</strong></span> <span class='ocrx_word' id='word_1_130' title='bbox 1011 995 1056 1033; x_wconf 89' lang='lat' dir='ltr'><strong>S.</strong></span> <span class='ocrx_word' id='word_1_131' title='bbox 1078 994 1263 1047; x_wconf 81' lang='lat' dir='ltr'><strong>Sophiae.</strong></span> <span class='ocrx_word' id='word_1_132' title='bbox 1323 991 1432 1031; x_wconf 84' lang='lat' dir='ltr'><strong>Olim</strong></span> <span class='ocrx_word' id='word_1_133' title='bbox 1453 994 1560 1031; x_wconf 87' lang='lat' dir='ltr'><strong>enim</strong></span> 
     </span>
     <span class='ocr_line' id='line_1_17' title="bbox 132 1047 1559 1099; baseline -0.003 -11"><span class='ocrx_word' id='word_1_134' title='bbox 132 1063 215 1088; x_wconf 88' lang='lat' dir='ltr'><strong>non</strong></span> <span class='ocrx_word' id='word_1_135' title='bbox 242 1063 378 1089; x_wconf 89' lang='lat' dir='ltr'><strong>omnes</strong></span> <span class='ocrx_word' id='word_1_136' title='bbox 396 1050 512 1089; x_wconf 86' lang='lat' dir='ltr'><strong>aedes</strong></span> <span class='ocrx_word' id='word_1_137' title='bbox 545 1064 679 1088; x_wconf 87' lang='lat' dir='ltr'><strong>sacrae</strong></span> <span class='ocrx_word' id='word_1_138' title='bbox 695 1057 875 1089; x_wconf 85' lang='lat' dir='ltr'><strong>cantores</strong></span> <span class='ocrx_word' id='word_1_139' title='bbox 896 1050 971 1089; x_wconf 88' lang='lat' dir='ltr'><strong>sibi</strong></span> <span class='ocrx_word' id='word_1_140' title='bbox 1001 1063 1091 1088; x_wconf 88' lang='lat' dir='ltr'><strong>suos</strong></span> <span class='ocrx_word' id='word_1_141' title='bbox 1119 1047 1335 1092; x_wconf 83' lang='lat' dir='ltr'><strong>habebant,</strong></span> <span class='ocrx_word' id='word_1_142' title='bbox 1351 1054 1397 1085; x_wconf 91' lang='lat' dir='ltr'><strong>ut</strong></span> <span class='ocrx_word' id='word_1_143' title='bbox 1429 1061 1559 1099; x_wconf 86' lang='lat' dir='ltr'><strong>neque</strong></span> 
     </span>
     <span class='ocr_line' id='line_1_18' title="bbox 134 1101 1559 1158; baseline -0.003 -14"><span class='ocrx_word' id='word_1_144' title='bbox 134 1103 254 1144; x_wconf 89' lang='lat' dir='ltr'><strong>hodie</strong></span> <span class='ocrx_word' id='word_1_145' title='bbox 279 1104 442 1153; x_wconf 83' lang='lat' dir='ltr'><strong>habent,</strong></span> <span class='ocrx_word' id='word_1_146' title='bbox 471 1103 540 1144; x_wconf 87' lang='lat' dir='ltr'><strong>sed</strong></span> <span class='ocrx_word' id='word_1_147' title='bbox 566 1112 721 1143; x_wconf 84' lang='lat' dir='ltr'><strong>tantum</strong></span> <span class='ocrx_word' id='word_1_148' title='bbox 736 1106 985 1158; x_wconf 80' lang='lat' dir='ltr'><strong>praecipuae.</strong></span> <span class='ocrx_word' id='word_1_149' title='bbox 1019 1105 1203 1143; x_wconf 85' lang='lat' dir='ltr'><strong>Caeteras</strong></span> <span class='ocrx_word' id='word_1_150' title='bbox 1230 1102 1396 1141; x_wconf 85' lang='lat' dir='ltr'><strong>curabat</strong></span> <span class='ocrx_word' id='word_1_151' title='bbox 1422 1101 1559 1141; x_wconf 86' lang='lat' dir='ltr'><strong>schola</strong></span> 
     </span>
     <span class='ocr_line' id='line_1_19' title="bbox 132 1159 1251 1212; baseline -0.003 -14"><span class='ocrx_word' id='word_1_152' title='bbox 132 1165 368 1210; x_wconf 79' lang='lat' dir='ltr'><strong>cantorum3</strong></span> <span class='ocrx_word' id='word_1_153' title='bbox 396 1159 476 1199; x_wconf 82' lang='lat' dir='ltr'><strong>vid.</strong></span> <span class='ocrx_word' id='word_1_154' title='bbox 504 1160 572 1197; x_wconf 90' lang='lat' dir='ltr'><strong>Du</strong></span> <span class='ocrx_word' id='word_1_155' title='bbox 599 1159 790 1212; x_wconf 83' lang='lat' dir='ltr'><strong>Cangium</strong></span> <span class='ocrx_word' id='word_1_156' title='bbox 819 1159 885 1198; x_wconf 86' lang='lat' dir='ltr'><strong>Gl.</strong></span> <span class='ocrx_word' id='word_1_157' title='bbox 909 1161 952 1200; x_wconf 88' lang='lat' dir='ltr'><strong>L.</strong></span> <span class='ocrx_word' id='word_1_158' title='bbox 980 1174 1021 1200; x_wconf 85' lang='lat' dir='ltr'><strong>v.</strong></span> <span class='ocrx_word' id='word_1_159' title='bbox 1054 1159 1251 1197; x_wconf 75' lang='lat' dir='ltr'><strong>Cantor-es.</strong></span> 
     </span>
    </p>

    <p class='ocr_par' dir='ltr' id='par_1_6' title="bbox 129 1210 1562 2740">
     <span class='ocr_line' id='line_1_20' title="bbox 242 1210 1559 1268; baseline -0.002 -16"><span class='ocrx_word' id='word_1_160' title='bbox 242 1215 292 1254; x_wconf 91' lang='lat' dir='ltr'><strong>D.</strong></span> <span class='ocrx_word' id='word_1_161' title='bbox 312 1222 444 1267; x_wconf 87' lang='lat' dir='ltr'><strong>antep.</strong></span> <span class='ocrx_word' id='word_1_162' title='bbox 476 1214 588 1268; x_wconf 73' lang='lat'><strong>[577,</strong></span> <span class='ocrx_word' id='word_1_163' title='bbox 614 1213 693 1268; x_wconf 88' lang='lat'><strong>10.]</strong></span> <span class='ocrx_word' id='word_1_164' title='bbox 725 1211 955 1263; x_wconf 70' lang='grc' dir='ltr'><em>βασιλίκια.</em></span> <span class='ocrx_word' id='word_1_165' title='bbox 1011 1214 1200 1252; x_wconf 79' lang='lat' dir='ltr'><strong>Carmina</strong></span> <span class='ocrx_word' id='word_1_166' title='bbox 1226 1214 1268 1251; x_wconf 92' lang='lat' dir='ltr'><strong>in</strong></span> <span class='ocrx_word' id='word_1_167' title='bbox 1296 1210 1456 1251; x_wconf 82' lang='lat' dir='ltr'><strong>laudem</strong></span> <span class='ocrx_word' id='word_1_168' title='bbox 1485 1211 1559 1249; x_wconf 86' lang='lat' dir='ltr'><strong>Im-</strong></span> 
     </span>
     <span class='ocr_line' id='line_1_21' title="bbox 131 1265 1560 1322; baseline -0.002 -15"><span class='ocrx_word' id='word_1_169' title='bbox 131 1270 325 1322; x_wconf 87' lang='lat' dir='ltr'><strong>peratoris</strong></span> <span class='ocrx_word' id='word_1_170' title='bbox 354 1276 392 1307; x_wconf 84' lang='lat' dir='ltr'><strong>et</strong></span> <span class='ocrx_word' id='word_1_171' title='bbox 419 1268 590 1307; x_wconf 83' lang='lat' dir='ltr'><strong>familiae</strong></span> <span class='ocrx_word' id='word_1_172' title='bbox 617 1276 831 1322; x_wconf 80' lang='lat' dir='ltr'><strong>augustae3</strong></span> <span class='ocrx_word' id='word_1_173' title='bbox 861 1269 978 1321; x_wconf 88' lang='lat' dir='ltr'><strong>quale</strong></span> <span class='ocrx_word' id='word_1_174' title='bbox 1003 1267 1105 1306; x_wconf 88' lang='lat' dir='ltr'><strong>illud</strong></span> <span class='ocrx_word' id='word_1_175' title='bbox 1129 1275 1188 1306; x_wconf 88' lang='lat' dir='ltr'><strong>est</strong></span> <span class='ocrx_word' id='word_1_176' title='bbox 1214 1282 1255 1319; x_wconf 91' lang='lat' dir='ltr'><strong>p.</strong></span> <span class='ocrx_word' id='word_1_177' title='bbox 1275 1267 1370 1306; x_wconf 80' lang='lat'><strong>223.</strong></span> <span class='ocrx_word' id='word_1_178' title='bbox 1400 1281 1471 1318; x_wconf 89' lang='lat' dir='ltr'><strong>per</strong></span> <span class='ocrx_word' id='word_1_179' title='bbox 1491 1265 1560 1304; x_wconf 89' lang='lat' dir='ltr'><strong>Al-</strong></span> 
     </span>
     <span class='ocr_line' id='line_1_22' title="bbox 132 1320 1559 1376; baseline -0.003 -14"><span class='ocrx_word' id='word_1_180' title='bbox 132 1324 294 1375; x_wconf 85' lang='lat' dir='ltr'><strong>phaheti</strong></span> <span class='ocrx_word' id='word_1_181' title='bbox 321 1323 472 1362; x_wconf 84' lang='lat' dir='ltr'><strong>litteras</strong></span> <span class='ocrx_word' id='word_1_182' title='bbox 498 1323 708 1376; x_wconf 84' lang='lat' dir='ltr'><strong>digestum,</strong></span> <span class='ocrx_word' id='word_1_183' title='bbox 737 1323 806 1361; x_wconf 86' lang='lat' dir='ltr'><strong>ubi</strong></span> <span class='ocrx_word' id='word_1_184' title='bbox 834 1331 951 1362; x_wconf 79' lang='lat' dir='ltr'><strong>etlam</strong></span> <span class='ocrx_word' id='word_1_185' title='bbox 971 1323 1102 1375; x_wconf 84' lang='lat' dir='ltr'><strong>aliqua</strong></span> <span class='ocrx_word' id='word_1_186' title='bbox 1130 1322 1181 1361; x_wconf 88' lang='lat' dir='ltr'><strong>de</strong></span> <span class='ocrx_word' id='word_1_187' title='bbox 1209 1335 1321 1359; x_wconf 85' lang='lat' dir='ltr'><strong>more</strong></span> <span class='ocrx_word' id='word_1_188' title='bbox 1346 1320 1441 1358; x_wconf 81' lang='lat' dir='ltr'><strong>talia</strong></span> <span class='ocrx_word' id='word_1_189' title='bbox 1470 1335 1559 1359; x_wconf 87' lang='lat' dir='ltr'><strong>car-</strong></span> 
     </span>
     <span class='ocr_line' id='line_1_23' title="bbox 134 1370 1558 1430; baseline -0.003 -14"><span class='ocrx_word' id='word_1_190' title='bbox 134 1379 244 1416; x_wconf 86' lang='lat' dir='ltr'><strong>mina</strong></span> <span class='ocrx_word' id='word_1_191' title='bbox 271 1377 460 1416; x_wconf 89' lang='lat' dir='ltr'><strong>recitandi</strong></span> <span class='ocrx_word' id='word_1_192' title='bbox 475 1377 569 1415; x_wconf 80' lang='lat' dir='ltr'><strong>dixi.</strong></span> <span class='ocrx_word' id='word_1_193' title='bbox 625 1377 943 1430; x_wconf 85' lang='lat' dir='ltr'><strong>Subintelligitur</strong></span> <span class='ocrx_word' id='word_1_194' title='bbox 957 1372 1158 1428; x_wconf 77' lang='grc' dir='ltr'><em>στιχηροὶ,</em></span> <span class='ocrx_word' id='word_1_195' title='bbox 1188 1370 1423 1426; x_wconf 78' lang='grc' dir='ltr'><em>τροπάρια,</em></span> <span class='ocrx_word' id='word_1_196' title='bbox 1452 1374 1558 1427; x_wconf 79' lang='grc' dir='ltr'><em>μέλη</em></span> 
     </span>
     <span class='ocr_line' id='line_1_24' title="bbox 132 1427 1560 1484; baseline -0.002 -13"><span class='ocrx_word' id='word_1_197' title='bbox 132 1432 198 1471; x_wconf 81' lang='lat' dir='ltr'><strong>vel</strong></span> <span class='ocrx_word' id='word_1_198' title='bbox 230 1432 358 1472; x_wconf 85' lang='lat' dir='ltr'><strong>simile</strong></span> <span class='ocrx_word' id='word_1_199' title='bbox 387 1431 498 1484; x_wconf 90' lang='lat' dir='ltr'><strong>quid.</strong></span> <span class='ocrx_word' id='word_1_200' title='bbox 539 1431 634 1470; x_wconf 87' lang='lat' dir='ltr'><strong>Pari</strong></span> <span class='ocrx_word' id='word_1_201' title='bbox 660 1431 780 1470; x_wconf 91' lang='lat' dir='ltr'><strong>modo</strong></span> <span class='ocrx_word' id='word_1_202' title='bbox 800 1427 1050 1470; x_wconf 74' lang='grc' dir='ltr'><em>ἀποστολικὰ</em></span> <span class='ocrx_word' id='word_1_203' title='bbox 1074 1431 1179 1468; x_wconf 89' lang='lat' dir='ltr'><strong>dicta</strong></span> <span class='ocrx_word' id='word_1_204' title='bbox 1207 1430 1367 1469; x_wconf 85' lang='lat' dir='ltr'><strong>fuerunt</strong></span> <span class='ocrx_word' id='word_1_205' title='bbox 1382 1430 1560 1468; x_wconf 84' lang='lat' dir='ltr'><strong>carmina</strong></span> 
     </span>
     <span class='ocr_line' id='line_1_25' title="bbox 132 1480 1560 1540; baseline -0.003 -14"><span class='ocrx_word' id='word_1_206' title='bbox 132 1487 176 1525; x_wconf 88' lang='lat' dir='ltr'><strong>in</strong></span> <span class='ocrx_word' id='word_1_207' title='bbox 203 1486 340 1526; x_wconf 88' lang='lat' dir='ltr'><strong>laudes</strong></span> <span class='ocrx_word' id='word_1_208' title='bbox 367 1485 651 1540; x_wconf 86' lang='lat' dir='ltr'><strong>Apostolorum</strong></span> <span class='ocrx_word' id='word_1_209' title='bbox 694 1487 783 1524; x_wconf 89' lang='lat' dir='ltr'><strong>cani</strong></span> <span class='ocrx_word' id='word_1_210' title='bbox 809 1485 924 1524; x_wconf 81' lang='lat' dir='ltr'><strong>solita</strong></span> <span class='ocrx_word' id='word_1_211' title='bbox 953 1486 991 1523; x_wconf 89' lang='lat' dir='ltr'><strong>in</strong></span> <span class='ocrx_word' id='word_1_212' title='bbox 1035 1484 1218 1532; x_wconf 86' lang='lat' dir='ltr'><strong>ecclesia,</strong></span> <span class='ocrx_word' id='word_1_213' title='bbox 1250 1480 1444 1522; x_wconf 79' lang='grc' dir='ltr'><em>θεοτόκια</em></span> <span class='ocrx_word' id='word_1_214' title='bbox 1470 1497 1560 1522; x_wconf 88' lang='lat' dir='ltr'><strong>car-</strong></span> 
     </span>
     <span class='ocr_line' id='line_1_26' title="bbox 133 1537 1560 1593; baseline -0.002 -13"><span class='ocrx_word' id='word_1_215' title='bbox 133 1543 243 1580; x_wconf 87' lang='lat' dir='ltr'><strong>mina</strong></span> <span class='ocrx_word' id='word_1_216' title='bbox 270 1543 311 1580; x_wconf 88' lang='lat' dir='ltr'><strong>in</strong></span> <span class='ocrx_word' id='word_1_217' title='bbox 356 1540 514 1579; x_wconf 90' lang='lat' dir='ltr'><strong>laudem</strong></span> <span class='ocrx_word' id='word_1_218' title='bbox 551 1541 759 1593; x_wconf 89' lang='lat' dir='ltr'><strong>Deiparae.</strong></span> <span class='ocrx_word' id='word_1_219' title='bbox 823 1541 979 1579; x_wconf 88' lang='lat' dir='ltr'><strong>Morem</strong></span> <span class='ocrx_word' id='word_1_220' title='bbox 1018 1539 1126 1577; x_wconf 91' lang='lat' dir='ltr'><strong>hunc</strong></span> <span class='ocrx_word' id='word_1_221' title='bbox 1160 1552 1271 1591; x_wconf 87' lang='lat' dir='ltr'><strong>reges</strong></span> <span class='ocrx_word' id='word_1_222' title='bbox 1298 1537 1560 1577; x_wconf 90' lang='lat' dir='ltr'><strong>occidentales</strong></span> 
     </span>
     <span class='ocr_line' id='line_1_27' title="bbox 133 1592 1556 1635; baseline -0.003 0"><span class='ocrx_word' id='word_1_223' title='bbox 133 1603 470 1635; x_wconf 89' lang='lat' dir='ltr'><strong>transsumserunt</strong></span> <span class='ocrx_word' id='word_1_224' title='bbox 506 1595 557 1633; x_wconf 89' lang='lat' dir='ltr'><strong>ab</strong></span> <span class='ocrx_word' id='word_1_225' title='bbox 592 1593 865 1633; x_wconf 86' lang='lat' dir='ltr'><strong>orientalibus.</strong></span> <span class='ocrx_word' id='word_1_226' title='bbox 922 1593 1163 1632; x_wconf 90' lang='lat' dir='ltr'><strong>Hovedenus</strong></span> <span class='ocrx_word' id='word_1_227' title='bbox 1190 1595 1231 1631; x_wconf 85' lang='lat' dir='ltr'><strong>in</strong></span> <span class='ocrx_word' id='word_1_228' title='bbox 1259 1592 1459 1631; x_wconf 86' lang='lat' dir='ltr'><strong>Richardo</strong></span> <span class='ocrx_word' id='word_1_229' title='bbox 1487 1593 1521 1630; x_wconf 93' lang='grc' dir='ltr'><strong>Ι.</strong></span> <span class='ocrx_word' id='word_1_230' title='bbox 1543 1607 1556 1631; x_wconf 89' lang='lat'>:</span> 
     </span>
     <span class='ocr_line' id='line_1_28' title="bbox 132 1647 1557 1703; baseline -0.003 -14"><span class='ocrx_word' id='word_1_231' title='bbox 132 1652 195 1689; x_wconf 81' lang='lat' dir='ltr'><strong>hic</strong></span> <span class='ocrx_word' id='word_1_232' title='bbox 220 1651 278 1689; x_wconf 89' lang='lat' dir='ltr'><strong>ad</strong></span> <span class='ocrx_word' id='word_1_233' title='bbox 314 1659 578 1703; x_wconf 78' lang='lat' dir='ltr'><strong>argumentum</strong></span> <span class='ocrx_word' id='word_1_234' title='bbox 618 1649 667 1703; x_wconf 84' lang='lat' dir='ltr'><strong>[f.</strong></span> <span class='ocrx_word' id='word_1_235' title='bbox 717 1647 980 1701; x_wconf 79' lang='lat' dir='ltr'><strong>augmentum]</strong></span> <span class='ocrx_word' id='word_1_236' title='bbox 1031 1657 1069 1686; x_wconf 84' lang='lat' dir='ltr'><strong>et</strong></span> <span class='ocrx_word' id='word_1_237' title='bbox 1091 1650 1255 1699; x_wconf 84' lang='lat' dir='ltr'><strong>famam</strong></span> <span class='ocrx_word' id='word_1_238' title='bbox 1292 1649 1355 1685; x_wconf 78' lang='lat' dir='ltr'><strong>sui</strong></span> <span class='ocrx_word' id='word_1_239' title='bbox 1386 1649 1557 1686; x_wconf 78' lang='lat' dir='ltr'><strong>nominis</strong></span> 
     </span>
     <span class='ocr_line' id='line_1_29' title="bbox 131 1702 1558 1756; baseline -0.003 -12"><span class='ocrx_word' id='word_1_240' title='bbox 131 1706 370 1744; x_wconf 82' lang='lat' dir='ltr'><strong>emendicata</strong></span> <span class='ocrx_word' id='word_1_241' title='bbox 393 1706 571 1744; x_wconf 82' lang='lat' dir='ltr'><strong>carmina</strong></span> <span class='ocrx_word' id='word_1_242' title='bbox 590 1714 627 1743; x_wconf 84' lang='lat' dir='ltr'><strong>et</strong></span> <span class='ocrx_word' id='word_1_243' title='bbox 656 1704 856 1751; x_wconf 67' lang='lat' dir='ltr'><strong>rhythmos</strong></span> <span class='ocrx_word' id='word_1_244' title='bbox 882 1703 1126 1741; x_wconf 76' lang='lat' dir='ltr'><strong>adulatorios</strong></span> <span class='ocrx_word' id='word_1_245' title='bbox 1149 1703 1417 1756; x_wconf 80' lang='lat' dir='ltr'><strong>comparabat,</strong></span> <span class='ocrx_word' id='word_1_246' title='bbox 1446 1710 1484 1740; x_wconf 84' lang='lat' dir='ltr'><strong>et</strong></span> <span class='ocrx_word' id='word_1_247' title='bbox 1507 1702 1558 1740; x_wconf 84' lang='lat' dir='ltr'><strong>de</strong></span> 
     </span>
     <span class='ocr_line' id='line_1_30' title="bbox 131 1757 1553 1812; baseline -0.005 -11"><span class='ocrx_word' id='word_1_248' title='bbox 131 1774 249 1812; x_wconf 72' lang='lat' dir='ltr'><strong>t&#39;egno</strong></span> <span class='ocrx_word' id='word_1_249' title='bbox 284 1761 532 1799; x_wconf 80' lang='lat' dir='ltr'><strong>Francorum</strong></span> <span class='ocrx_word' id='word_1_250' title='bbox 569 1768 743 1798; x_wconf 82' lang='lat' dir='ltr'><strong>cantores</strong></span> <span class='ocrx_word' id='word_1_251' title='bbox 762 1768 801 1797; x_wconf 85' lang='lat' dir='ltr'><strong>et</strong></span> <span class='ocrx_word' id='word_1_252' title='bbox 837 1759 1064 1796; x_wconf 76' lang='lat' dir='ltr'><strong>ioculatores</strong></span> <span class='ocrx_word' id='word_1_253' title='bbox 1091 1757 1307 1796; x_wconf 78' lang='lat' dir='ltr'><strong>numeribus</strong></span> <span class='ocrx_word' id='word_1_254' title='bbox 1333 1757 1553 1803; x_wconf 77' lang='lat' dir='ltr'><strong>allexerat,</strong></span> 
     </span>
     <span class='ocr_line' id='line_1_31' title="bbox 132 1811 1558 1867; baseline -0.002 -14"><span class='ocrx_word' id='word_1_255' title='bbox 132 1824 175 1853; x_wconf 78' lang='lat' dir='ltr'><strong>ut</strong></span> <span class='ocrx_word' id='word_1_256' title='bbox 201 1815 250 1853; x_wconf 82' lang='lat' dir='ltr'><strong>de</strong></span> <span class='ocrx_word' id='word_1_257' title='bbox 266 1815 335 1852; x_wconf 80' lang='lat' dir='ltr'><strong>illo</strong></span> <span class='ocrx_word' id='word_1_258' title='bbox 362 1822 545 1852; x_wconf 81' lang='lat' dir='ltr'><strong>canerent</strong></span> <span class='ocrx_word' id='word_1_259' title='bbox 560 1815 602 1852; x_wconf 83' lang='lat' dir='ltr'><strong>in</strong></span> <span class='ocrx_word' id='word_1_260' title='bbox 630 1815 773 1867; x_wconf 80' lang='lat' dir='ltr'><strong>plateis</strong></span> <span class='ocrx_word' id='word_1_261' title='bbox 786 1842 798 1863; x_wconf 90' lang='lat'>‚</span> <span class='ocrx_word' id='word_1_262' title='bbox 823 1821 861 1851; x_wconf 82' lang='lat' dir='ltr'><strong>et</strong></span> <span class='ocrx_word' id='word_1_263' title='bbox 877 1815 957 1851; x_wconf 83' lang='lat' dir='ltr'><strong>iam</strong></span> <span class='ocrx_word' id='word_1_264' title='bbox 972 1812 1172 1850; x_wconf 79' lang='lat' dir='ltr'><strong>dicebatur</strong></span> <span class='ocrx_word' id='word_1_265' title='bbox 1187 1812 1337 1865; x_wconf 80' lang='lat' dir='ltr'><strong>ubique,</strong></span> <span class='ocrx_word' id='word_1_266' title='bbox 1357 1811 1464 1865; x_wconf 82' lang='lat' dir='ltr'><strong>quod</strong></span> <span class='ocrx_word' id='word_1_267' title='bbox 1477 1825 1558 1850; x_wconf 84' lang='lat' dir='ltr'><strong>non</strong></span> 
     </span>
     <span class='ocr_line' id='line_1_32' title="bbox 131 1865 1558 1918; baseline -0.003 -11"><span class='ocrx_word' id='word_1_268' title='bbox 131 1877 220 1907; x_wconf 80' lang='lat' dir='ltr'><strong>erat</strong></span> <span class='ocrx_word' id='word_1_269' title='bbox 243 1870 283 1906; x_wconf 83' lang='lat' dir='ltr'><strong>ei</strong></span> <span class='ocrx_word' id='word_1_270' title='bbox 309 1869 447 1907; x_wconf 79' lang='lat' dir='ltr'><strong>similis</strong></span> <span class='ocrx_word' id='word_1_271' title='bbox 474 1870 516 1907; x_wconf 87' lang='lat' dir='ltr'><strong>in</strong></span> <span class='ocrx_word' id='word_1_272' title='bbox 543 1869 647 1909; x_wconf 83' lang='lat' dir='ltr'><strong>orbe.</strong></span> <span class='ocrx_word' id='word_1_273' title='bbox 675 1869 808 1907; x_wconf 89' lang='lat' dir='ltr'><strong>Etiam</strong></span> <span class='ocrx_word' id='word_1_274' title='bbox 837 1867 878 1905; x_wconf 88' lang='lat' dir='ltr'><strong>in</strong></span> <span class='ocrx_word' id='word_1_275' title='bbox 910 1866 1002 1905; x_wconf 84' lang='lat' dir='ltr'><strong>aula</strong></span> <span class='ocrx_word' id='word_1_276' title='bbox 1021 1865 1168 1904; x_wconf 83' lang='lat' dir='ltr'><strong>Attilae</strong></span> <span class='ocrx_word' id='word_1_277' title='bbox 1185 1865 1324 1904; x_wconf 84' lang='lat' dir='ltr'><strong>Huntii</strong></span> <span class='ocrx_word' id='word_1_278' title='bbox 1351 1872 1440 1918; x_wconf 91' lang='lat' dir='ltr'><strong>post</strong></span> <span class='ocrx_word' id='word_1_279' title='bbox 1465 1865 1558 1903; x_wconf 85' lang='lat' dir='ltr'><strong>fini-</strong></span> 
     </span>
     <span class='ocr_line' id='line_1_33' title="bbox 132 1915 1559 1975; baseline -0.003 -15"><span class='ocrx_word' id='word_1_280' title='bbox 132 1929 195 1960; x_wconf 88' lang='lat' dir='ltr'><strong>tas</strong></span> <span class='ocrx_word' id='word_1_281' title='bbox 221 1921 357 1975; x_wconf 84' lang='lat' dir='ltr'><strong>epulas</strong></span> <span class='ocrx_word' id='word_1_282' title='bbox 403 1919 479 1962; x_wconf 69' lang='lat'>(5150</span> <span class='ocrx_word' id='word_1_283' title='bbox 524 1919 695 1974; x_wconf 74' lang='grc' dir='ltr'><em>ἀντικρύ</em></span> <span class='ocrx_word' id='word_1_284' title='bbox 735 1922 814 1962; x_wconf 82' lang='grc' dir='ltr'><strong>τοῦ</strong></span> <span class='ocrx_word' id='word_1_285' title='bbox 850 1921 1015 1961; x_wconf 57' lang='lat' dir='ltr'><strong>&#39;Attila</strong></span> <span class='ocrx_word' id='word_1_286' title='bbox 1043 1916 1318 1972; x_wconf 73' lang='grc' dir='ltr'><em>παρελθόντες</em></span> <span class='ocrx_word' id='word_1_287' title='bbox 1347 1915 1559 1971; x_wconf 81' lang='grc' dir='ltr'><em>βάρβαροι</em></span> 
     </span>
     <span class='ocr_line' id='line_1_34' title="bbox 131 1969 1557 2030; baseline -0.002 -16"><span class='ocrx_word' id='word_1_288' title='bbox 131 1969 300 2030; x_wconf 73' lang='grc' dir='ltr'><em>ᾄσματα</em></span> <span class='ocrx_word' id='word_1_289' title='bbox 328 1977 580 2028; x_wconf 82' lang='grc' dir='ltr'><em>πεποιημένα</em></span> <span class='ocrx_word' id='word_1_290' title='bbox 600 1973 738 2027; x_wconf 80' lang='grc' dir='ltr'><em>ἔλεγον</em></span> <span class='ocrx_word' id='word_1_291' title='bbox 754 2008 767 2027; x_wconf 84' lang='grc'>,</span> <span class='ocrx_word' id='word_1_292' title='bbox 795 1972 909 2022; x_wconf 71' lang='grc' dir='ltr'><em>νίκας</em></span> <span class='ocrx_word' id='word_1_293' title='bbox 938 1970 1068 2014; x_wconf 70' lang='grc' dir='ltr'><em>αὐτοῦ</em></span> <span class='ocrx_word' id='word_1_294' title='bbox 1096 1971 1167 2013; x_wconf 76' lang='grc' dir='ltr'><strong>καὶ</strong></span> <span class='ocrx_word' id='word_1_295' title='bbox 1199 1970 1276 2019; x_wconf 75' lang='grc' dir='ltr'><strong>τὰς</strong></span> <span class='ocrx_word' id='word_1_296' title='bbox 1302 1971 1408 2012; x_wconf 84' lang='grc' dir='ltr'><strong><em>κατὰ</em></strong></span> <span class='ocrx_word' id='word_1_297' title='bbox 1435 1969 1557 2011; x_wconf 82' lang='grc' dir='ltr'><em>πόλε-</em></span> 
     </span>
     <span class='ocr_line' id='line_1_35' title="bbox 132 2023 1558 2085; baseline -0.001 -17"><span class='ocrx_word' id='word_1_298' title='bbox 132 2043 214 2082; x_wconf 87' lang='grc' dir='ltr'><strong>μον</strong></span> <span class='ocrx_word' id='word_1_299' title='bbox 240 2023 406 2085; x_wconf 78' lang='grc' dir='ltr'><em>ᾅδοντες</em></span> <span class='ocrx_word' id='word_1_300' title='bbox 432 2028 582 2083; x_wconf 76' lang='grc' dir='ltr'><em>α’ρετὰς</em></span> <span class='ocrx_word' id='word_1_301' title='bbox 602 2062 612 2078; x_wconf 90' lang='grc'><em>,</em></span> <span class='ocrx_word' id='word_1_302' title='bbox 655 2039 754 2070; x_wconf 83' lang='lat' dir='ltr'><strong>teste</strong></span> <span class='ocrx_word' id='word_1_303' title='bbox 782 2031 919 2069; x_wconf 91' lang='lat' dir='ltr'><strong>Prisco</strong></span> <span class='ocrx_word' id='word_1_304' title='bbox 945 2030 1119 2068; x_wconf 83' lang='lat' dir='ltr'><strong>Rhetore</strong></span> <span class='ocrx_word' id='word_1_305' title='bbox 1145 2030 1186 2067; x_wconf 88' lang='lat' dir='ltr'><strong>in</strong></span> <span class='ocrx_word' id='word_1_306' title='bbox 1214 2030 1402 2081; x_wconf 85' lang='lat' dir='ltr'><strong>excerptis</strong></span> <span class='ocrx_word' id='word_1_307' title='bbox 1431 2028 1558 2081; x_wconf 84' lang='lat' dir='ltr'><strong>Lega-</strong></span> 
     </span>
     <span class='ocr_line' id='line_1_36' title="bbox 131 2080 1554 2138; baseline -0.001 -15"><span class='ocrx_word' id='word_1_308' title='bbox 131 2086 230 2126; x_wconf 85' lang='lat' dir='ltr'><strong>tion.</strong></span> <span class='ocrx_word' id='word_1_309' title='bbox 260 2085 470 2124; x_wconf 88' lang='lat' dir='ltr'><strong>Hoeschel.</strong></span> <span class='ocrx_word' id='word_1_310' title='bbox 502 2101 541 2138; x_wconf 93' lang='lat' dir='ltr'><strong>p.</strong></span> <span class='ocrx_word' id='word_1_311' title='bbox 564 2086 656 2136; x_wconf 84' lang='lat'><strong>52.;</strong></span> <span class='ocrx_word' id='word_1_312' title='bbox 703 2084 774 2124; x_wconf 82' lang='grc' dir='ltr'><em>καί</em></span> <span class='ocrx_word' id='word_1_313' title='bbox 800 2081 838 2124; x_wconf 82' lang='grc' dir='ltr'><strong>οἱ</strong></span> <span class='ocrx_word' id='word_1_314' title='bbox 881 2084 957 2134; x_wconf 86' lang='grc' dir='ltr'><strong>μὲν</strong></span> <span class='ocrx_word' id='word_1_315' title='bbox 990 2080 1134 2136; x_wconf 73' lang='grc' dir='ltr'><em>ἥδοντο</em></span> <span class='ocrx_word' id='word_1_316' title='bbox 1167 2086 1254 2128; x_wconf 84' lang='grc' dir='ltr'><em>τοῖς</em></span> <span class='ocrx_word' id='word_1_317' title='bbox 1296 2080 1554 2134; x_wconf 81' lang='grc' dir='ltr'><em>ποιήμασιν,</em></span> 
     </span>
     <span class='ocr_line' id='line_1_37' title="bbox 133 2133 1558 2190; baseline -0.003 -12"><span class='ocrx_word' id='word_1_318' title='bbox 133 2139 368 2188; x_wconf 87' lang='lat' dir='ltr'><strong>continuat,</strong></span> <span class='ocrx_word' id='word_1_319' title='bbox 398 2136 436 2179; x_wconf 81' lang='grc' dir='ltr'><strong>οἱ</strong></span> <span class='ocrx_word' id='word_1_320' title='bbox 464 2139 510 2178; x_wconf 72' lang='grc' dir='ltr'><strong>δὲ</strong></span> <span class='ocrx_word' id='word_1_321' title='bbox 548 2142 631 2179; x_wconf 80' lang='grc' dir='ltr'><strong>τῶν</strong></span> <span class='ocrx_word' id='word_1_322' title='bbox 657 2139 847 2189; x_wconf 82' lang='grc' dir='ltr'><em>πολέμων</em></span> <span class='ocrx_word' id='word_1_323' title='bbox 883 2133 1284 2190; x_wconf 73' lang='grc' dir='ltr'><em>ἀναμιμνησκόμενοι</em></span> <span class='ocrx_word' id='word_1_324' title='bbox 1312 2135 1558 2188; x_wconf 71' lang='grc' dir='ltr'><em>διεγείροντο</em></span> 
     </span>
     <span class='ocr_line' id='line_1_38' title="bbox 133 2182 1560 2247; baseline -0.002 -16"><span class='ocrx_word' id='word_1_325' title='bbox 133 2196 218 2239; x_wconf 79' lang='grc' dir='ltr'><em>τοῖς</em></span> <span class='ocrx_word' id='word_1_326' title='bbox 245 2189 536 2247; x_wconf 76' lang='grc' dir='ltr'><em>φρονήμασιν,</em></span> <span class='ocrx_word' id='word_1_327' title='bbox 564 2187 679 2233; x_wconf 71' lang='grc' dir='ltr'><em>ἄλλοι</em></span> <span class='ocrx_word' id='word_1_328' title='bbox 709 2194 749 2233; x_wconf 81' lang='grc' dir='ltr'><strong>δ’</strong></span> <span class='ocrx_word' id='word_1_329' title='bbox 774 2189 961 2245; x_wconf 78' lang='grc' dir='ltr'><em>ἐχώρουν</em></span> <span class='ocrx_word' id='word_1_330' title='bbox 1001 2193 1044 2239; x_wconf 81' lang='grc' dir='ltr'><strong>ἐς</strong></span> <span class='ocrx_word' id='word_1_331' title='bbox 1072 2189 1260 2244; x_wconf 78' lang='grc' dir='ltr'><em>δάκρυα,</em></span> <span class='ocrx_word' id='word_1_332' title='bbox 1290 2182 1348 2229; x_wconf 70' lang='grc' dir='ltr'><strong>ὧν</strong></span> <span class='ocrx_word' id='word_1_333' title='bbox 1374 2187 1455 2229; x_wconf 77' lang='grc' dir='ltr'><strong>ὕπὸ</strong></span> <span class='ocrx_word' id='word_1_334' title='bbox 1482 2189 1560 2230; x_wconf 81' lang='grc' dir='ltr'><strong>τοῦ</strong></span> 
     </span>
     <span class='ocr_line' id='line_1_39' title="bbox 129 2241 1560 2300; baseline -0.002 -15"><span class='ocrx_word' id='word_1_335' title='bbox 129 2243 289 2300; x_wconf 79' lang='grc' dir='ltr'><em>χρόνον</em></span> <span class='ocrx_word' id='word_1_336' title='bbox 316 2245 481 2300; x_wconf 70' lang='grc' dir='ltr'><em>ἠσθένει</em></span> <span class='ocrx_word' id='word_1_337' title='bbox 526 2245 573 2286; x_wconf 87' lang='grc' dir='ltr'><strong>τὸ</strong></span> <span class='ocrx_word' id='word_1_338' title='bbox 620 2248 743 2298; x_wconf 74' lang='grc' dir='ltr'><em>σῶμα</em></span> <span class='ocrx_word' id='word_1_339' title='bbox 794 2246 867 2287; x_wconf 81' lang='grc' dir='ltr'><em>καί</em></span> <span class='ocrx_word' id='word_1_340' title='bbox 909 2243 1136 2300; x_wconf 81' lang='grc' dir='ltr'><em>ἡσυχάζειν</em></span> <span class='ocrx_word' id='word_1_341' title='bbox 1163 2242 1186 2284; x_wconf 81' lang='grc' dir='ltr'><strong><em>ὅ</em></strong></span> <span class='ocrx_word' id='word_1_342' title='bbox 1214 2241 1354 2296; x_wconf 74' lang='grc' dir='ltr'><em>θυμὸς</em></span> <span class='ocrx_word' id='word_1_343' title='bbox 1379 2242 1560 2297; x_wconf 78' lang='grc' dir='ltr'><em>ἠναγκά-</em></span> 
     </span>
     <span class='ocr_line' id='line_1_40' title="bbox 134 2299 1559 2349; baseline -0.003 -9"><span class='ocrx_word' id='word_1_344' title='bbox 134 2301 241 2349; x_wconf 82' lang='grc' dir='ltr'><em>ζετο.</em></span> <span class='ocrx_word' id='word_1_345' title='bbox 295 2302 575 2340; x_wconf 83' lang='lat' dir='ltr'><strong>successerunt</strong></span> <span class='ocrx_word' id='word_1_346' title='bbox 611 2302 710 2341; x_wconf 87' lang='lat' dir='ltr'><strong>haec</strong></span> <span class='ocrx_word' id='word_1_347' title='bbox 748 2304 923 2341; x_wconf 91' lang='lat' dir='ltr'><strong>carmina</strong></span> <span class='ocrx_word' id='word_1_348' title='bbox 961 2303 1002 2340; x_wconf 91' lang='lat' dir='ltr'><strong>in</strong></span> <span class='ocrx_word' id='word_1_349' title='bbox 1027 2301 1159 2339; x_wconf 90' lang='lat' dir='ltr'><strong>locum</strong></span> <span class='ocrx_word' id='word_1_350' title='bbox 1190 2299 1351 2340; x_wconf 88' lang='lat' dir='ltr'><strong>illorum</strong></span> <span class='ocrx_word' id='word_1_351' title='bbox 1377 2305 1559 2338; x_wconf 84' lang='lat' dir='ltr'><strong>veterum</strong></span> 
     </span>
     <span class='ocr_line' id='line_1_41' title="bbox 132 2352 1561 2410; baseline -0.002 -15"><span class='ocrx_word' id='word_1_352' title='bbox 132 2357 486 2409; x_wconf 86' lang='lat' dir='ltr'><strong>panegyricorum‚</strong></span> <span class='ocrx_word' id='word_1_353' title='bbox 505 2371 527 2394; x_wconf 92' lang='lat' dir='ltr'><strong>e</strong></span> <span class='ocrx_word' id='word_1_354' title='bbox 554 2371 724 2408; x_wconf 87' lang='lat' dir='ltr'><strong>quorum</strong></span> <span class='ocrx_word' id='word_1_355' title='bbox 753 2358 914 2395; x_wconf 87' lang='lat' dir='ltr'><strong>immani</strong></span> <span class='ocrx_word' id='word_1_356' title='bbox 932 2369 1097 2395; x_wconf 86' lang='lat' dir='ltr'><strong>numero</strong></span> <span class='ocrx_word' id='word_1_357' title='bbox 1115 2356 1341 2410; x_wconf 86' lang='lat' dir='ltr'><strong>superstites</strong></span> <span class='ocrx_word' id='word_1_358' title='bbox 1367 2352 1561 2392; x_wconf 83' lang='lat' dir='ltr'><strong>habemus</strong></span> 
     </span>
     <span class='ocr_line' id='line_1_42' title="bbox 133 2407 1559 2464; baseline -0.001 -16"><span class='ocrx_word' id='word_1_359' title='bbox 133 2411 344 2449; x_wconf 90' lang='lat' dir='ltr'><strong>duodecim</strong></span> <span class='ocrx_word' id='word_1_360' title='bbox 373 2425 396 2450; x_wconf 91' lang='lat' dir='ltr'><strong>a</strong></span> <span class='ocrx_word' id='word_1_361' title='bbox 417 2410 588 2450; x_wconf 86' lang='lat' dir='ltr'><strong>Cellario</strong></span> <span class='ocrx_word' id='word_1_362' title='bbox 601 2420 799 2464; x_wconf 72' lang='lat' dir='ltr'><strong>postremo</strong></span> <span class='ocrx_word' id='word_1_363' title='bbox 827 2411 967 2449; x_wconf 87' lang='lat' dir='ltr'><strong>editos.</strong></span> <span class='ocrx_word' id='word_1_364' title='bbox 999 2410 1140 2447; x_wconf 90' lang='lat' dir='ltr'><strong>Graeci</strong></span> <span class='ocrx_word' id='word_1_365' title='bbox 1170 2423 1321 2448; x_wconf 88' lang='lat' dir='ltr'><strong>morem</strong></span> <span class='ocrx_word' id='word_1_366' title='bbox 1347 2407 1456 2446; x_wconf 90' lang='lat' dir='ltr'><strong>hunc</strong></span> <span class='ocrx_word' id='word_1_367' title='bbox 1485 2407 1559 2446; x_wconf 89' lang='lat' dir='ltr'><strong>do-</strong></span> 
     </span>
     <span class='ocr_line' id='line_1_43' title="bbox 135 2462 1559 2518; baseline -0.003 -14"><span class='ocrx_word' id='word_1_368' title='bbox 135 2467 264 2504; x_wconf 87' lang='lat' dir='ltr'><strong>minos</strong></span> <span class='ocrx_word' id='word_1_369' title='bbox 290 2479 380 2504; x_wconf 81' lang='lat' dir='ltr'><strong>suos</strong></span> <span class='ocrx_word' id='word_1_370' title='bbox 408 2479 642 2518; x_wconf 86' lang='lat' dir='ltr'><strong>quacunque</strong></span> <span class='ocrx_word' id='word_1_371' title='bbox 670 2468 873 2504; x_wconf 89' lang='lat' dir='ltr'><strong>occasione</strong></span> <span class='ocrx_word' id='word_1_372' title='bbox 892 2464 1132 2504; x_wconf 85' lang='lat' dir='ltr'><strong>carminibus</strong></span> <span class='ocrx_word' id='word_1_373' title='bbox 1150 2465 1192 2501; x_wconf 90' lang='lat' dir='ltr'><strong>in</strong></span> <span class='ocrx_word' id='word_1_374' title='bbox 1219 2463 1335 2515; x_wconf 89' lang='lat' dir='ltr'><strong>plena</strong></span> <span class='ocrx_word' id='word_1_375' title='bbox 1362 2463 1471 2502; x_wconf 81' lang='lat' dir='ltr'><strong>curia</strong></span> <span class='ocrx_word' id='word_1_376' title='bbox 1489 2462 1559 2500; x_wconf 87' lang='lat' dir='ltr'><strong>de-</strong></span> 
     </span>
     <span class='ocr_line' id='line_1_44' title="bbox 135 2515 1560 2567; baseline -0.001 -11"><span class='ocrx_word' id='word_1_377' title='bbox 135 2521 300 2559; x_wconf 84' lang='lat' dir='ltr'><strong>cantatis</strong></span> <span class='ocrx_word' id='word_1_378' title='bbox 326 2520 390 2558; x_wconf 86' lang='lat' dir='ltr'><strong>vel</strong></span> <span class='ocrx_word' id='word_1_379' title='bbox 417 2522 589 2563; x_wconf 80' lang='lat' dir='ltr'><strong>recitatis</strong></span> <span class='ocrx_word' id='word_1_380' title='bbox 616 2519 819 2567; x_wconf 80' lang='lat' dir='ltr'><strong>laudandi,</strong></span> <span class='ocrx_word' id='word_1_381' title='bbox 851 2527 897 2557; x_wconf 86' lang='lat' dir='ltr'><strong>ut</strong></span> <span class='ocrx_word' id='word_1_382' title='bbox 924 2519 975 2557; x_wconf 92' lang='lat' dir='ltr'><strong>ad</strong></span> <span class='ocrx_word' id='word_1_383' title='bbox 1002 2517 1275 2565; x_wconf 84' lang='lat' dir='ltr'><strong>occidentales,</strong></span> <span class='ocrx_word' id='word_1_384' title='bbox 1306 2518 1360 2556; x_wconf 84' lang='lat' dir='ltr'><strong>ita</strong></span> <span class='ocrx_word' id='word_1_385' title='bbox 1387 2517 1438 2555; x_wconf 89' lang='lat' dir='ltr'><strong>ad</strong></span> <span class='ocrx_word' id='word_1_386' title='bbox 1463 2515 1560 2556; x_wconf 87' lang='lat' dir='ltr'><strong>Ara-</strong></span> 
     </span>
     <span class='ocr_line' id='line_1_45' title="bbox 136 2571 1559 2627; baseline -0.004 -12"><span class='ocrx_word' id='word_1_387' title='bbox 136 2572 207 2615; x_wconf 78' lang='lat' dir='ltr'><strong>bes</strong></span> <span class='ocrx_word' id='word_1_388' title='bbox 235 2588 392 2627; x_wconf 87' lang='lat' dir='ltr'><strong>quoque</strong></span> <span class='ocrx_word' id='word_1_389' title='bbox 435 2575 746 2614; x_wconf 72' lang='lat' dir='ltr'><strong>transmiserimt.</strong></span> <span class='ocrx_word' id='word_1_390' title='bbox 824 2574 1017 2626; x_wconf 85' lang='lat' dir='ltr'><strong>Persaepe</strong></span> <span class='ocrx_word' id='word_1_391' title='bbox 1054 2572 1158 2625; x_wconf 85' lang='lat' dir='ltr'><strong>legas</strong></span> <span class='ocrx_word' id='word_1_392' title='bbox 1185 2572 1291 2625; x_wconf 87' lang='lat' dir='ltr'><strong>apud</strong></span> <span class='ocrx_word' id='word_1_393' title='bbox 1318 2571 1559 2611; x_wconf 90' lang='lat' dir='ltr'><strong>Abulfedam</strong></span> 
     </span>
     <span class='ocr_line' id='line_1_46' title="bbox 137 2626 1562 2679; baseline 0 -15"><span class='ocrx_word' id='word_1_394' title='bbox 137 2626 354 2679; x_wconf 82' lang='lat' dir='ltr'><strong>fragmenta</strong></span> <span class='ocrx_word' id='word_1_395' title='bbox 382 2637 450 2668; x_wconf 87' lang='lat' dir='ltr'><strong>aut</strong></span> <span class='ocrx_word' id='word_1_396' title='bbox 494 2629 623 2668; x_wconf 85' lang='lat' dir='ltr'><strong>saltim</strong></span> <span class='ocrx_word' id='word_1_397' title='bbox 658 2630 889 2667; x_wconf 86' lang='lat' dir='ltr'><strong>memoriam</strong></span> <span class='ocrx_word' id='word_1_398' title='bbox 918 2628 1062 2666; x_wconf 82' lang='lat' dir='ltr'><strong>factam</strong></span> <span class='ocrx_word' id='word_1_399' title='bbox 1089 2629 1338 2677; x_wconf 86' lang='lat' dir='ltr'><strong>carminum,</strong></span> <span class='ocrx_word' id='word_1_400' title='bbox 1369 2640 1471 2679; x_wconf 86' lang='lat' dir='ltr'><strong>quae</strong></span> <span class='ocrx_word' id='word_1_401' title='bbox 1495 2626 1562 2664; x_wconf 88' lang='lat' dir='ltr'><strong>hic</strong></span> 
     </span>
     <span class='ocr_line' id='line_1_47' title="bbox 135 2680 1559 2740; baseline -0.002 -17"><span class='ocrx_word' id='word_1_402' title='bbox 135 2680 199 2723; x_wconf 67' lang='lat' dir='ltr'><strong>vel</strong></span> <span class='ocrx_word' id='word_1_403' title='bbox 227 2681 294 2723; x_wconf 87' lang='lat' dir='ltr'><strong>ille</strong></span> <span class='ocrx_word' id='word_1_404' title='bbox 321 2683 518 2724; x_wconf 80' lang='lat' dir='ltr'><strong>Arabicus</strong></span> <span class='ocrx_word' id='word_1_405' title='bbox 544 2687 662 2740; x_wconf 71' lang='lat' dir='ltr'><strong>poe&#39;ta</strong></span> <span class='ocrx_word' id='word_1_406' title='bbox 689 2685 731 2723; x_wconf 87' lang='lat' dir='ltr'><strong>iu</strong></span> <span class='ocrx_word' id='word_1_407' title='bbox 750 2683 868 2723; x_wconf 85' lang='lat' dir='ltr'><strong>huius</strong></span> <span class='ocrx_word' id='word_1_408' title='bbox 900 2682 962 2723; x_wconf 83' lang='lat' dir='ltr'><strong>vel</strong></span> <span class='ocrx_word' id='word_1_409' title='bbox 991 2682 1096 2722; x_wconf 84' lang='lat' dir='ltr'><strong>illius</strong></span> <span class='ocrx_word' id='word_1_410' title='bbox 1121 2681 1308 2735; x_wconf 87' lang='lat' dir='ltr'><strong>principis</strong></span> <span class='ocrx_word' id='word_1_411' title='bbox 1336 2681 1559 2721; x_wconf 82' lang='lat' dir='ltr'><strong>Saracenici</strong></span> 
     </span>
    </p>
   </div>
  </div>
 </body>
</html>
