1884 3132
170 170 244 210 An
286 169 583 212 CONSTANT.
610 171 805 211 ronpn.
843 170 914 209 DE
952 169 1132 211 CERlM.
1174 171 1273 209 Lm.
1314 171 1365 209 11.
1415 143 1523 221 773

97 269 166 309 filii
196 271 360 321 Irenae,
389 285 412 310 a
440 277 568 310 matre
593 271 787 310 excaecati
815 277 855 308 et
881 270 1048 322 imperio
1075 270 1220 322 privati
1242 283 1253 316 ς
1290 283 1411 321 quam
1437 269 1524 307 Eu-

96 324 337 378 phrosynam
363 339 386 364 e
413 326 653 364 monasterio
681 326 723 363 in
751 324 1050 363 matrimonium
1082 325 1195 362 duxit
1223 323 1397 362 michael
1433 323 1526 362 Bal-

98 378 173 418 bus
202 381 262 418 lm
295 408 306 418 .

207 394 372 487 A.ppen.
405 433 524 488 [647‚
549 431 628 485 13.]
659 429 684 470 ὅ
710 428 961 485 τυφλωθεὶς.
1019 432 1144 472 Addit
1174 431 1258 474 AB.
1291 431 1405 484 (nam
1434 432 1523 471 DC.

94 485 205 526 hunc
235 487 446 527 articulum
473 501 554 526 non
581 488 764 540 praestat)
792 488 891 536 παρ’
917 485 1062 538 αὐτῆς.

206 543 250 582 Β.
272 555 308 581 ι.
338 541 454 596 [647,
483 540 569 596 15.]
599 537 767 594 Εἰρήνη.
823 541 952 580 Huius
981 556 1062 580 non
1090 541 1269 580 meminit
1295 541 1362 580 Du
1392 541 1526 595 Cange

98 595 214 639 Fam.
240 597 330 650 Byz.
356 611 395 649 p.
418 610 508 650 127.

206 650 255 690 B.
280 665 320 704 7.
348 650 461 705 [647,
486 648 563 704 ¹9·]
597 647 808 701 Θεοδῶρα.
844 650 899 688 V.
918 650 1155 704 Theophan.
1188 665 1227 703 p.
1250 649 1342 701 408.
1366 650 1415 688 C.

207 705 258 744 B.
279 717 343 745 11.
370 704 485 760 [647,
508 703 595 758 22]
625 704 762 743 λίθου.
822 704 989 743 Videtur
1015 720 1160 744 nomen
1189 705 1428 743 adiectivum
1458 720 1526 745 ex-

101 757 267 811 cidisse,
304 759 412 813 quod
445 758 577 798 natale
606 758 735 798 solnm
762 766 831 797 aut
857 758 1032 798 colorem
1070 760 1278 798 marmoris
1316 760 1523 800 indicaret.

99 812 246 853 Carent
270 813 349 854 hoc
373 813 540 853 articulo
565 820 604 852 et
632 814 886 866 sequentibus
913 814 1030 853 ambo
1068 814 1250 866 catalogi.

208 868 256 908 B.
280 882 343 910 ιι.
370 867 488 923 [647,
512 866 595 920 22.}
634 867 880 920 Πετρωνᾶς.
945 868 1019 908 Est
1047 869 1153 908 idem
1180 868 1274 920 ille,
1311 869 1381 923 qui
1407 884 1527 924 supra

100 937 144 976 p.
165 921 260 963 208.
284 923 333 962 C.
380 950 394 961 .
418 929 675 961 memoram.
824 940 825 944 ¹

210 977 260 1016 C.
281 991 322 1032 7.
373 977 469 1027 648,
490 975 553 1030 6.]
591 971 759 1029 Εἰρήνη.
834 976 1005 1016 Videtur
1039 976 1138 1016 haec
1167 990 1276 1022 esse,
1305 992 1423 1030 quam
1458 979 1527 1020 Du

101 1031 234 1084 Gange
261 1045 301 1084 p.
326 1030 416 1071 135.
445 1031 496 1071 F.
517 1031 584 1080 Β.,
617 1030 686 1070 sed
715 1031 864 1084 absque
890 1033 1077 1080 nomine,
1124 1031 1301 1084 designat
1343 1034 1385 1070 in
1413 1040 1527 1073 stem-

100 1092 208 1179 θεῖε
232 1085 495 1135 Theodorae,
539 1092 661 1139 atque
695 1093 863 1139 nuptam
905 1086 1023 1126 fuisse
1049 1085 1257 1139 Symbatio
1285 1087 1527 1140 Logothetae

142 1154 261 1179 romi.

211 1194 266 1234 D.
295 1208 336 1234 2.
378 1192 494 1249 [648,
528 1192 614 1248 11.]
641 1192 872 1245 Παγκαλώ.
931 1194 1080 1233 Nomen
1122 1194 1198 1234 hoc
1243 1196 1420 1248 ignotum
1458 1197 1526 1236 Du

105 1249 257 1301 Cangio
283 1247 311 1288 l.
338 1262 375 1287 e.
401 1263 443 1300 p.
467 1248 576 1299 158„
604 1248 783 1302 adeoque
807 1248 946 1302 procul
973 1249 1098 1289 dubio
1123 1251 1286 1290 caeteris
1324 1254 1527 1306 scriptori-

102 1303 179 1342 bus
205 1303 430 1355 Byzantinis
456 1302 665 1342 indictum.

212 1357 267 1395 D.
287 1355 329 1396 8.
360 1355 477 1410 [648,
505 1356 590 1410 16.]
618 1353 868 1407 Συμβάτιος.
922 1359 1147 1399 Marianum
1174 1360 1350 1413 quidem,
1378 1367 1420 1399 at
1446 1374 1529 1400 non

106 1411 218 1451 hune
243 1411 492 1464 Symbatium
507 1440 519 1459 ,
548 1411 670 1450 habet
696 1412 764 1449 Du
786 1412 919 1465 Gange
944 1412 973 1452 I.
1006 1429 1044 1453 c.

186 1464 281 1520 375.
313 1465 364 1505 A.
391 1479 424 1508 1.
463 1464 580 1519 [648‚
617 1463 709 1519 πα]
740 1463 1009 1506 Ἀναστασύκ.
1076 1468 1184 1507 Haec
1228 1481 1321 1520 ergo
1356 1483 1437 1507 una
1472 1477 1530 1508 est

105 1527 280 1574 quatuor
310 1519 443 1558 Basilii
481 1519 677 1568 filiarum,
721 1533 819 1572 quas
855 1521 922 1559 Du
955 1522 1087 1574 Cauge
1121 1537 1162 1575 p»,
1201 1521 1292 1571 141.
1335 1531 1530 1562 memorat

109 1575 294 1629 quidem,
325 1574 397 1613 sed
422 1573 575 1627 absque
597 1575 771 1612 nomine.
828 1574 939 1615 Duas
963 1576 1061 1615 alias
1088 1577 1127 1614 in
1157 1578 1375 1615 continenti
1407 1580 1532 1617 nomi-

109 1636 179 1668 nat
210 1628 379 1678 Noster,
421 1628 583 1668 Annam
621 1635 660 1667 et
702 1627 908 1668 Helenam.
982 1631 1165 1669 Tandem
1202 1630 1243 1668 in
1274 1631 1352 1670 fine
1392 1634 1530 1684 capitis

108 1685 282 1723 Mariam
306 1682 500 1721 nominat.
556 1682 763 1723 Habemus
800 1696 893 1738 ergo
933 1686 1095 1724 nomina
1137 1685 1317 1724 omnium
1358 1694 1530 1739 quatuor

108 1751 291 1777 sororum
318 1736 493 1776 illarum.

219 1792 278 1832 A.
294 1806 341 1846 9·
374 1790 493 1846 [649,
531 1789 598 1845 m]
640 1791 717 1831 τοῦ
753 1789 975 1844 μακαρίου.
1045 1794 1385 1834 Praetervideram
1423 1795 1533 1835 hunc

111 1847 248 1886 locum
266 1876 279 1898 ‚
315 1845 485 1898 ideoque
510 1848 720 1886 omiseram
747 1861 838 1886 eum
863 1850 904 1885 in
934 1852 1175 1902 argumentis
1213 1848 1290 1887 ilhs
1330 1849 1500 1902 allegare
1517 1881 1527 1895 ,

113 1900 260 1953 quibus
287 1900 600 1940 demonstratum
637 1903 690 1941 ivi
732 1902 774 1941 in
811 1903 1078 1955 praefatione,
1119 1903 1312 1943 nonnulla
1341 1904 1530 1944 Ceremo·

113 1954 212 1994 nlali
237 1954 331 1993 huie
362 1961 494 1994 assuta
519 1955 660 2005 fuisse,
688 1958 869 2009 ignotum
894 1971 974 2010 qua
1011 1972 1132 1996 manu
1152 1987 1166 2009 ,
1206 1972 1301 1997 vero
1341 1960 1428 1996 eius
1458 1973 1531 1996 au-

113 2017 238 2056 ctore,
267 2008 531 2048 Constantino
548 2009 765 2064 Porphyr„
794 2011 938 2051 Leonis
964 2011 1061 2061 filio,
1090 2013 1322 2066 posteriora.
1376 2009 1533 2051 Mami-

115 2076 205 2114 ριος
230 2064 338 2102 enim
363 2077 410 2102 ea
436 2071 544 2103 certe
568 2071 695 2104 aetate
715 2066 872 2105 nonnisi
901 2066 954 2105 de
977 2067 1060 2106 vita
1086 2066 1283 2106 defunctis
1309 2065 1532 2117 dicebatur,

115 2124 165 2157 ut
187 2117 306 2156 hodie
342 2114 571 2170 μακαρίτης
613 2132 731 2158 nemo
773 2120 824 2158 de
865 2122 956 2159 vivo
991 2121 1106 2160 dicit.
1171 2121 1369 2174 Ideoque,
1407 2135 1533 2174 quum

117 2171 247 2210 dictus
282 2171 567 2210 Constantinus
598 2170 804 2225 μακάριος
845 2175 1064 2228 appelletur
1079 2204 1092 2223 ,
1139 2183 1293 2215 constat
1336 2188 1428 2214 enm
1463 2175 1534 2214 illo

115 2233 318 2277 tempore,
347 2239 473 2278 quum
498 2227 571 2264 ista
593 2227 871 2278 scriberentur,
898 2230 940 2268 in
967 2231 1072 2269 vivis
1098 2228 1268 2282 amplius
1293 2243 1373 2268 non
1402 2230 1535 2269 fuisse.

117 2280 210 2318 Scio
237 2279 397 2331 quidem
416 2307 429 2327 ‚
458 2279 764 2332 Olympionicas>
784 2282 879 2321 olim
905 2280 1138 2335 μακαρίους
1166 2284 1286 2322 fuisse
1309 2284 1463 2334 dictos3
1495 2299 1536 2327 v.

119 2333 362 2373 Artemidor.
398 2334 448 2371 L.
483 2334 537 2372 V.
572 2349 614 2372 n.
654 2335 744 2388 76.:
792 2351 930 2376 verum
964 2352 1012 2376 ex
1044 2338 1117 2376 illo
1142 2339 1230 2390 ipso
1264 2338 1353 2376 loco
1378 2352 1537 2391 quoque

119 2394 298 2436 constat,
326 2394 507 2426 mortuos
541 2387 611 2426 illa
635 2390 712 2427 iam
740 2397 869 2430 aetate
893 2392 1030 2430 eodem
1058 2394 1218 2430 nomine
1245 2391 1397 2431 laudari
1439 2407 1535 2432 con-

120 2442 302 2480 suevisse.
354 2441 446 2479 Scio
473 2455 633 2494 quoque
659 2443 930 2483 Alexandrum
969 2447 1209 2498 Episcopum
1248 2447 1353 2498 apud
1387 2446 1537 2486 Euseb.

120 2495 223 2536 Hist.
249 2493 403 2534 Eccles.
429 2496 477 2534 L.
512 2496 585 2537 vl.
633 2510 669 2534 c.
724 2511 786 2536 n.
828 2499 907 2537 fine
943 2500 1183 2539 Clementem
1222 2500 1537 2540 Alexandrinum

117 2549 253 2587 adhuc
280 2549 419 2588 vivum
447 2545 516 2587 τὸν
539 2547 745 2599 μακάριον
771 2550 1046 2605 πρεσβύτερον
1068 2553 1279 2607 appellare,
1311 2563 1350 2594 et
1380 2556 1420 2594 in
1446 2559 1536 2595 uni-

118 2616 282 2641 versum
310 2602 470 2652 beatos,
502 2602 631 2642 felices
662 2604 840 2644 homines
870 2607 999 2645 adhuc
1027 2610 1138 2648 vivos
1166 2608 1256 2647 olim
1292 2610 1535 2661 μακαρίους,

122 2658 213 2694 vita
240 2657 393 2697 functos
422 2664 557 2697 autem
580 2656 814 2711 μακαρίτας
843 2661 961 2701 fuisse
986 2662 1110 2702 dictos
1128 2692 1140 2715 ,
1183 2664 1291 2716 quod
1330 2664 1432 2704 clare
1468 2680 1539 2719 ap·-
