1884 3132
190 177 266 220 ,ω
307 173 606 220 consa-m.
645 171 847 215 ponpa.
884 172 957 213 mi
1004 169 1189 212 cmm.
1213 168 1312 210 nn.
1346 166 1398 211 11.
1440 149 1560 224 887*

102 281 237 337 pacha
269 279 326 336 fit
356 280 493 344 parth·
525 277 581 317 du
625 277 741 317 Caire
780 291 831 316 en
866 274 1018 329 grande
1057 287 1203 329 pompe
1238 274 1276 312 le
1300 273 1481 313 Mahmel
1504 287 1555 312 ou

109 337 217 391 drap
245 345 471 381 mortuam,
499 348 573 388 que
593 333 648 371 les
677 346 770 383 roys
807 340 845 371 et
886 332 942 369 les
965 331 1113 384 pacha-5
1137 329 1345 383 d’Egypte
1370 337 1439 368 ont
1464 343 1557 367 cou-

106 401 210 431 tume
237 391 456 441 d'envoyer
479 397 561 428 tous
588 388 643 426 les
670 401 742 426 ans
768 389 795 425 ὰ
822 387 864 425 la
890 386 1058 440 Mecqzoe
1078 398 1186 439 pour
1212 385 1372 423 coum-ir
1395 384 1433 422 le
1451 392 1556 423 tom-

109 457 208 496 beau
221 456 272 496 de
291 453 527 494 Mahomet.''
584 453 674 492 Vox
701 443 816 498 &⁴3
829 481 842 502 ,
872 451 1055 489 Mahmel
1068 480 1080 501 ‚
1120 464 1200 489 non
1224 463 1403 504 pannum
1426 450 1555 501 jera·

108 511 186 550 lem
206 541 218 560 ‚
248 510 317 550 sed
343 510 524 549 lecticam
551 515 687 555 notat,
720 521 849 561 neque
879 507 1052 545 mittitur
1079 504 1147 544 ille
1173 518 1329 558 pannus
1347 534 1359 553 ,
1387 504 1550 558 endyta‚

109 566 164 605 ad
205 564 420 620 tegendum
459 563 756 604 Muhammedis
797 560 1050 615 sepulcrum,
1087 560 1196 613 quod
1248 559 1434 598 Medinae
1474 567 1555 611 est,

111 630 182 670 s'ed
222 631 275 670 ad
318 629 530 684 tegendam
573 629 715 669 aedem
755 629 1015 676 Meccanam3
1073 626 1183 664 unde
1224 627 1349 665 etiam
1391 616 1556 674 {yn-KH,

110 686 291 726 Alkiswe
318 701 387 726 seu
416 694 675 739 tegumentum
694 715 704 732 ,
734 684 879 734 endyta
900 713 911 730 ‚
959 681 1199 734 appellatur.
1259 681 1312 719 Et
1350 679 1555 719 chartula-

111 741 197 780 rius
225 739 316 789 ille,
343 741 455 780 cuius
482 747 542 779 est
573 739 726 778 reditus
754 751 944 791 agrorum
989 737 1052 775 his
1098 736 1253 789 endytis
1272 736 1554 788 comparandis

108 802 153 835 et
183 795 234 834 ad
274 796 455 835 Meccam
497 794 702 834 mittendis
743 793 1037 832 destinatorum
1065 791 1251 844 colligere
1277 792 1477 844 istumque
1505 790 1557 830 ad

112 876 231 901 usum
262 861 520 915 impendere,
548 859 771 914 appellatur
795 858 932 898 Nadir
966 858 1001 896 il
1034 857 1175 896 Kiswe
1196 886 1208 904 ‚
1243 847 1388 906 {37⁹5ss
1414 847 1517 909 525-22'
1540 884 1555 902 ,

110 916 349 956 l'intendant
387 917 441 956 du
481 916 612 963 habit,
660 922 707 953 ut
740 914 846 953 idem
874 911 1088 952 Wansleb.
1114 926 1159 965 p.
1181 910 1277 966 549.
1314 913 1456 961 vertit,
1487 912 1558 950 sed

112 972 261 1010 rectius
288 971 508 1010 reddideris
536 967 558 1008 ὁ
590 967 891 1020 ἑνδυτοφύλαξ,
921 970 1116 1022 inspector
1154 966 1220 1007 vel
1246 975 1408 1006 curator
1434 967 1559 1018 emb·-

110 1035 189 1066 tae.
243 1025 360 1065 Conf,
390 1027 459 1065 Du
487 1025 621 1078 Gange
647 1038 688 1063 v.
706 1020 895 1075 Ἐνδύτης
922 1029 962 1062 et
990 1022 1171 1068 Endrta.

126 1132 131 1134 ,
192 1090 288 1144 442.
307 1091 355 1131 C.
375 1091 419 1142 4.
442 1089 555 1146 [764
576 1088 667 1143 ομ]
682 1088 755 1141 τῆς
780 1087 981 1140 διανομῆς
1020 1087 1241 1140 γενομένης
1265 1087 1347 1127 τῶν
1375 1082 1558 1138 νάρδων.

114 1147 206 1188 Mos
244 1153 353 1196 erat,
395 1153 442 1185 ut
499 1145 666 1185 sabbato
706 1158 851 1197 magno
892 1142 1159 1196 sceuophylax
1186 1145 1226 1181 in
1256 1141 1562 1195 sceuophylacio

110 1216 280 1256 magnae
305 1201 493 1240 ecclesiae
527 1214 661 1240 coram
691 1199 935 1252 Imperatore
973 1205 1014 1237 et
1040 1197 1267 1250 patriarcha
1296 1198 1442 1236 nardos
1458 1226 1470 1246 ,
1517 1197 1560 1236 id

113 1265 173 1297 est
214 1256 379 1310 pyxides
422 1255 549 1294 nardo
583 1254 748 1307 plenas,
787 1253 1067 1301 distribueret,
1107 1252 1176 1291 illo
1215 1259 1313 1305 puta
1352 1259 1559 1305 unguento

113 1311 311 1361 odorato,
339 1310 520 1349 nondum
547 1317 777 1348 consecrato
793 1338 803 1355 ‚
833 1308 943 1360 quod
969 1315 1059 1360 post
1085 1309 1423 1346 consecrationem
1451 1322 1473 1345 a
1494 1321 1560 1346 sa-

114 1367 275 1407 cerdote
310 1365 456 1404 factam
497 1358 542 1403 τό
579 1364 716 1414 μῦρον
757 1362 979 1416 appellatur
1032 1369 1072 1400 et
1125 1362 1322 1414 ungendis
1349 1362 1560 1412 crucibus,

114 1423 195 1461 aris
221 1421 388 1473 aliisque
429 1419 551 1458 sacris
590 1420 695 1456 vasis
735 1419 872 1457 servit.
930 1416 1028 1455 Vid.
1051 1430 1143 1469 pag.
1167 1430 1236 1455 21.
1266 1417 1312 1455 B.
1330 1422 1370 1454 et
1406 1430 1491 1469 107·
1511 1417 1558 1454 C.

113 1475 308 1516 Solebant
333 1474 442 1513 enim
474 1487 521 1513 eo
550 1480 732 1526 tempore
759 1473 941 1511 homines
970 1470 1230 1523 elegantiores
1259 1470 1419 1523 pyxides
1445 1471 1560 1509 nardi

117 1545 252 1573 secum
278 1544 414 1583 gerere
434 1558 446 1581 ,
478 1535 526 1567 ut
550 1542 623 1566 nos
652 1527 772 1566 hodie
802 1527 963 1580 pyxides
991 1526 1157 1578 pulvere
1185 1526 1468 1564 sternutatorio
1494 1540 1562 1578 ge·

115 1588 240 1626 rimus
268 1591 446 1624 onustas.
475 1581 715 1622 Aldhelmus
741 1582 792 1620 de
818 1581 1002 1620 laudibus
1028 1580 1290 1633 virginitatis:
1342 1593 1458 1618 omne
1482 1594 1562 1633 pa-

114 1641 340 1681 tn’nwnium
372 1648 411 1678 ee
446 1647 768 1678 ornamentorum
801 1637 971 1689 gloriam
1008 1644 1089 1673 tam
1120 1635 1410 1674 discriminalia
1448 1635 1560 1687 capi-

113 1707 198 1736 tum
238 1703 278 1734 et
316 1693 568 1748 periscelides
608 1706 764 1730 crurum
785 1721 798 1739 ‚
834 1705 952 1744 quam
977 1690 1224 1740 olfac-toribla
1250 1689 1372 1727 nardi
1404 1697 1444 1727 et
1476 1703 1561 1727 cre-

109 1750 268 1807 pundia
294 1749 394 1788 collo
422 1763 444 1786 e
472 1748 709 1800 gemmiferis
734 1747 876 1784 lunulis
899 1745 1112 1800 pendentia
1152 1744 1211 1782 ad
1240 1745 1377 1797 stipem
1414 1745 1563 1782 mancis

114 1816 155 1845 et
178 1802 456 1844 matriculariis
478 1802 656 1857 prodzga
676 1801 915 1840 liberalitate
956 1799 1212 1838 contulerunt.
1270 1798 1381 1837 Alias
1418 1797 1560 1850 legun-

64 1869 66 1871 ’
116 1868 187 1901 tur
216 1861 479 1911 Imperatores
522 1863 614 1895 ante
658 1856 775 1894 festos
810 1855 895 1894 dies
924 1860 964 1892 et
1001 1853 1269 1908 processiones
1310 1852 1560 1894 solenniores

116 1913 341 1967 τριψίδια,
369 1912 522 1961 frusta,
550 1910 702 1951 schidia
733 1909 999 1956 cinnamomi,
1030 1910 1126 1947 item
1156 1902 1372 1959 ὄσφράδια
1400 1921 1467 1946 seu
1498 1907 1560 1946 fa-

116 1967 285 2010 sciculos
312 1966 459 2005 florum
486 1965 764 2014 distribuisse,
794 1965 845 2004 de
871 1964 1016 2017 quibus
1044 1963 1123 2001 dixi
1150 1976 1222 2001 suo
1254 1961 1357 2001 loco.

227 2023 274 2062 C.
305 2036 347 2076 7.
383 2020 497 2076 [765,
535 2020 584 2074 1.]
632 2019 677 2059 ἐν
709 2020 768 2074 τῷ
794 2013 969 2072 ἓσπεριζο
1004 2016 1169 2071 δεύτνῳ.
1228 2017 1366 2067 Quare
1407 2015 1562 2054 addidit

118 2074 325 2132 ἓσπερίῳ,
371 2076 481 2129 quod
509 2074 753 2129 superfluum
782 2075 972 2113 videtur?
1017 2072 1265 2110 Dixeruntne
1291 2070 1386 2110 novi
1418 2071 1561 2109 Graeci

119 2134 285 2172 δεῖπνον
316 2146 389 2184 pro
423 2129 602 2184 ἀρίστῳ,
629 2129 805 2182 prandio
825 2159 837 2176 ‚
865 2136 910 2167 ut
936 2141 1095 2166 necesse
1121 2126 1243 2164 fuerit
1269 2126 1319 2164 ad
1347 2125 1562 2178 designan-

118 2188 215 2227 dam
243 2200 410 2226 coenam
441 2185 588 2224 addere
616 2199 756 2223 vocem
784 2179 1001 2234 ἑσπέριοςῖ
1031 2182 1095 2221 An
1121 2179 1325 2230 abundat,
1354 2186 1401 2218 ut
1432 2179 1561 2218 multa

120 2250 163 2282 ct
190 2241 299 2295 apud
323 2241 518 2280 Nostrum
546 2247 586 2279 et
607 2238 707 2279 alios
733 2238 974 2293 negligentes
1002 2237 1196 2275 sermonis
1222 2235 1401 2289 castigati
1429 2241 1469 2273 et
1496 2236 1562 2273 in-

116 2297 246 2336 fantes
272 2295 514 2348 scriptores?

229 2352 285 2390 D.
305 2350 346 2388 6.
367 2349 486 2404 [765,
514 2346 591 2401 ιο.]
619 2344 722 2398 μετὰ
740 2344 815 2401 τὴν
842 2341 1075 2399 ἐκφώνησιν
1102 2343 1178 2383 τοῦ
1203 2343 1410 2395 μυστικοῦ
1437 2338 1564 2394 ὀργά-

121 2420 214 2449 νου.
268 2405 431 2458 Ergone
468 2403 759 2445 instrumentali
796 2415 954 2456 quoque
990 2400 1141 2438 musica
1170 2401 1210 2438 in
1240 2401 1363 2438 sacris
1394 2398 1564 2437 uteban-

121 2468 191 2502 tur
234 2460 407 2499 Graeci?
476 2459 603 2511 Atqui
646 2472 768 2510 supra
811 2456 1147 2502 asseveravimus,
1191 2468 1278 2493 eam
1316 2468 1362 2492 ex
1389 2452 1565 2492 ecclesiis

123 2516 313 2565 GraeciS,
354 2521 392 2552 et
430 2513 482 2552 ad
509 2527 648 2552 eorum
677 2511 899 2564 exemplum
927 2524 949 2549 e
977 2509 1151 2548 Russicis
1179 2522 1364 2562 quoque,
1395 2515 1442 2546 ut
1475 2521 1563 2547 rem

125 2576 286 2623 turpem
327 2575 368 2608 et
407 2568 642 2621 profanam,
679 2566 851 2605 exulare.
912 2565 1030 2603 Certe
1057 2577 1253 2616 nusquam
1281 2564 1473 2611 memini,
1499 2576 1570 2601 me

123 2626 332 2678 vestigium
350 2623 490 2677 organi
513 2629 583 2661 aut
610 2621 711 2662 alius
738 2619 992 2660 instrumenti
1009 2620 1151 2658 musici
1187 2619 1229 2658 in
1245 2618 1409 2657 Graecis
1437 2616 1563 2656 eccle-

123 2680 192 2729 ὡς
216 2679 419 2731 reperisse.

235 2731 331 2793 443,-
353 2735 408 2774 A.
430 2747 471 2787 7·-
498 2730 607 2788 [765,
626 2729 716 2786 22]
746 2727 1020 2783 προσεξένισε.
1051 2725 1142 2768 Non
1172 2726 1318 2767 malam
1341 2733 1442 2783 puto
1459 2725 1567 2767 hane-
