1884 3132
306 139 415 177 202
570 139 644 181 10.
686 139 793 182 IAC.
839 141 1036 182 REISKII
1085 138 1465 185 COMMENTARH

410 241 467 280 D.
500 240 540 280 5.
569 239 658 296 [96‚
683 240 768 295 19.]
798 241 1096 295 σπαθαρικιόυ.
1125 242 1423 295 Spatharicium
1452 243 1614 286 videtur
1637 246 1757 285 statio

303 303 374 335 aut
416 296 611 335 habitatio
652 297 959 349 spathariorum
981 298 1118 350 fuisse,
1133 312 1259 352 prope
1290 299 1452 339 Circum
1468 330 1480 350 ‚
1510 306 1558 339 ut
1591 315 1638 341 ex
1671 301 1758 341 aliis

303 352 436 390 Nostri
464 350 560 391 locis
585 359 709 405 patet.

359 405 427 447 58.
457 406 510 445 A.
543 408 582 446 5.
617 406 785 462 [97‚2.]
816 405 1035 458 στείχεται.
1092 409 1150 447 Μ.
1185 412 1417 461 στοιχεῖται

412 462 460 500 Β.
493 461 532 502 5.
586 477 654 517 97,
679 462 765 517 15.]
807 462 867 509 εἰς
893 459 957 506 τὸ.
984 462 1111 510 Μ.εἷς
1144 462 1226 507 τὸν.

412 517 459 556 Β.
493 533 532 573 7.
585 533 653 572 97,
683 519 767 573 ι6.]
796 517 953 571 γίνεται
973 517 1300 568 μεταστάσιμον.
1354 520 1529 560 Secessus
1541 520 1626 578 fit,
1657 535 1761 561 sece-

303 573 412 614 ditm·
452 579 494 614 1‘n
517 575 791 614 Com-istoriam
804 605 814 624 ,
847 581 885 612 et
910 574 1073 627 quidem
1104 577 1146 613 in
1181 576 1299 614 Circo
1313 605 1325 627 ,
1355 584 1425 615 aut
1462 591 1591 630 prope
1625 577 1759 616 illum.

256 640 260 645 “
303 630 404 695 ξας.
435 631 542 669 enim
562 629 659 682 [416.
675 630 812 670 C.ult.
837 630 889 669 cf.
915 629 1006 683 lego
1026 630 1076 669 de
1107 630 1329 683 Spathariis
1370 632 1450 671 τοῦ
1473 630 1760 687 σπαθαρικίου

301 699 394 740 ητοι
423 686 500 726 τοῦ
516 681 796 739 ἱπποδρόμου.
1715 693 1717 695 ’

81 742 153 792 ἘιΙ.
180 741 219 776 L.
246 741 293 788 64
415 740 459 784 C,
491 755 528 780 1.
561 740 651 796 [97‚
681 741 771 796 22.]
808 735 1009 792 μεγάλου.
1082 741 1185 780 Erat
1212 755 1357 795 nempe
1389 756 1565 797 parvum
1600 756 1765 797 quoque

305 796 595 836 Consistorium
610 826 621 846 ‚
668 793 714 836 τὸ
746 791 988 851 χειμερινὸν
1005 826 1016 846 ,
1051 798 1252 837 hibermmz
1294 798 1447 838 dictum
1463 828 1476 852 ‚
1518 812 1665 853 magno
1700 800 1764 840 vi-

306 854 457 893 cinum.
481 867 525 907 p.
555 852 646 893 136.
665 853 720 893 D.

1739 919 1762 943 0

418 954 467 994 C.
498 969 537 996 2.
567 954 655 1011 [98‚
669 953 734 1020 11]
775 951 927 995 ὕπατοι
938 951 1245 1005 κονσιστωρίου.
1260 955 1318 994 Μ.
1333 948 1488 995 ὕπατοι
1513 950 1766 1010 scomma-oripo

308 1008 351 1050 id
388 1017 446 1049 est
476 1024 783 1064 κονσιστωριον.
847 1011 980 1050 Habet
1009 1012 1117 1050 enim
1144 1011 1209 1050 hic
1249 1010 1436 1051 librarius
1463 1012 1506 1050 in
1547 1025 1660 1050 more
1697 1026 1766 1064 po-·

309 1068 457 1117 situm,
487 1074 571 1106 utv
590 1067 710 1106 finale
747 1068 930 1115 omittat,
985 1081 1064 1120 qua
1098 1067 1148 1105 de
1180 1081 1224 1105 re
1265 1067 1347 1106 vid.
1372 1066 1422 1105 ad
1449 1081 1491 1119 p.
1516 1067 1613 1121 519.
1639 1066 1686 1105 C.
1719 1068 1764 1107 5.

309 1122 425 1161 Stant
450 1122 610 1178 Hypati
635 1125 924 1172 consistorium,
958 1123 1000 1161 id
1015 1130 1073 1161 est
1090 1122 1406 1176 congrediuntur
1439 1129 1480 1161 et
1514 1128 1699 1162 constant
1722 1124 1771 1162 in·

312 1177 627 1227 Consistorium,
657 1193 728 1218 seu
755 1180 795 1218 in
829 1193 974 1232 corpus
995 1178 1228 1218 consistens.

418 1233 466 1273 C.
492 1233 534 1285 4.
567 1233 658 1288 [98‚
678 1233 742 1288 2.]
785 1229 997 1286 κιβώριον.
1034 1234 1158 1272 Nemo
1181 1234 1247 1272 hic
1275 1233 1326 1273 de
1361 1233 1524 1273 Ciborio
1556 1247 1670 1272 sacro
1699 1231 1767 1273 vel

308 1287 574 1328 ecclesiastico
615 1291 785 1343 cogitet,
815 1289 866 1328 de
905 1304 985 1343 quo
1012 1289 1249 1343 plerumque
1279 1303 1326 1328 ea
1354 1304 1430 1329 vox
1453 1295 1696 1341 usurpatur,
1726 1295 1768 1328 et

307 1345 374 1383 cui
409 1344 580 1384 debebat
612 1346 776 1399 propria
809 1359 893 1384 esse
931 1358 976 1384 ex
1016 1346 1198 1398 origine:
1230 1344 1299 1383 sed
1343 1345 1578 1398 intelligitur
1620 1343 1687 1382 hic
1717 1340 1766 1383 τὰ

307 1393 508 1449 κιβώριον
535 1401 612 1439 τοῦ
635 1399 936 1453 κονσιστωρίου
953 1430 965 1451 ,
994 1400 1166 1440 thronus
1188 1400 1404 1452 imperialis
1445 1402 1488 1439 in
1522 1399 1767 1439 Consistorio

309 1454 386 1494 sub
409 1455 574 1495 Ciborio
593 1463 727 1506 stans,
757 1456 809 1495 ad
835 1470 954 1509 quem
988 1456 1119 1495 tribus
1140 1455 1330 1519 gradibus
1353 1455 1628 1510 porphyretici
1658 1469 1768 1494 mar-

310 1510 435 1550 moris
478 1511 785 1551 ascendebatur.
842 1512 916 1550 Est
938 1513 1098 1566 proprie
1122 1513 1318 1563 κιβωριον
1341 1511 1507 1564 origims
1547 1509 1770 1550 Hebraicae
1823 1527 1850 1532 ”

311 1568 424 1621 Πῆέξ
442 1574 635 1620 notatque
662 1563 709 1606 τὸ
729 1564 983 1620 ἱλαστήριον,
1003 1582 1137 1607 arcam
1180 1566 1374 1618 foederis,
1410 1566 1518 1620 apud
1551 1581 1673 1619 quam
1709 1580 1770 1604 ex-

312 1622 532 1676 piabantur
572 1623 735 1674 Iudaei;
788 1622 934 1662 deinde
968 1624 1261 1662 imitamentum
1305 1624 1390 1662 eius
1431 1629 1472 1662 et
1495 1622 1691 1661 successio
1724 1623 1768 1660 in

315 1678 490 1718 ecclesiis
525 1679 783 1730 Christianis,
821 1693 963 1732 pegma
1007 1679 1109 1718 illud
1147 1685 1322 1732 quatuor
1347 1677 1544 1718 columnis
1581 1681 1768 1716 constans

315 1741 357 1773 et
380 1735 613 1785 suffultum,
650 1741 788 1788 tegens
819 1734 946 1774 altare
974 1735 1049 1775 sub
1089 1749 1137 1774 eo
1171 1734 1348 1788 positum
1363 1733 1519 1788 ‚ffitecto
1553 1733 1639 1772 sive
1668 1732 1770 1771 absi-

315 1788 438 1840 dato,
467 1791 639 1845 θολωτῷ
655 1820 666 1841 ‚
695 1792 780 1831 sive
804 1791 1044 1844 pyramidali
1061 1821 1073 1842 ,
1104 1791 1187 1830 sive
1217 1790 1381 1829 tandem
1407 1789 1528 1842 plano
1573 1787 1770 1841 quadran-

317 1843 462 1898 gulari.
518 1846 674 1884 Deinde
706 1861 803 1886 vero
823 1854 1041 1900 propagato
1066 1855 1105 1886 et
1127 1845 1316 1899 ampliato
1341 1859 1415 1883 usu
1435 1839 1631 1895 κιβώριον
1649 1857 1770 1882 omne

315 1899 418 1939 illud
453 1900 607 1940 dictum
636 1901 714 1941 fuit
730 1932 742 1953 ‚
773 1903 882 1955 quod
917 1903 1090 1941 eundem
1126 1915 1243 1941 usum
1273 1906 1490 1954 praestaret
1505 1929 1516 1950 ,
1547 1913 1668 1951 quem
1708 1899 1774 1938 Ci-

316 1954 480 1995 borium
503 1957 692 1996 tribunae
724 1965 898 2011 praestat
931 1957 1070 2008 altari,
1103 1957 1145 1996 id
1180 1963 1237 1995 est
1257 1956 1367 2009 quod
1399 1955 1624 2008 suppositas
1655 1954 1770 1994 sellas

317 2010 552 2052 hominesve
577 2015 674 2066 tegit
691 2043 703 2063 ,
735 2021 775 2052 et
805 2013 857 2052 ab
877 2013 1023 2067 illapsu
1042 2013 1248 2052 radiorum
1279 2011 1395 2062 solis,
1424 2011 1646 2050 aliarumve
1667 2011 1771 2049 aeris

319 2067 560 2107 iniuriarum
585 2076 744 2119 tuetur,
773 2069 1073 2119 umbraculum,
1104 2066 1395 2117 baldachinu53
1426 2068 1521 2122 itegn
1541 2065 1680 2105 lectica
1694 2079 1772 2118 ge*

320 2123 478 2162 statilis.
513 2124 690 2163 Glossae:
723 2123 960 2176 Βαστέρνα,
987 2118 1175 2176 κιβούριν
1197 2120 1241 2160 ἐκ
1274 2118 1432 2173 ξύλων,
1460 2123 1491 2179 ‘f'
1516 2119 1693 2173 ὀχοῦσιν
1725 2117 1772 2159 αἱ

321 2176 544 2231 παρθένοι.
579 2180 679 2224 Item
705 2186 929 2218 structurae
952 2179 1044 2218 illae
1083 2185 1154 2216 aut
1190 2185 1376 2216 arcuatae
1411 2179 1452 2217 in
1485 2190 1669 2222 summu,
1702 2182 1771 2214 aut

323 2232 367 2270 in
401 2247 548 2272 conum
563 2265 575 2286 ‚
604 2234 906 2288 pyramidemve
946 2241 1219 2287 assurgentes,
1251 2248 1370 2286 super
1397 2233 1601 2287 sepulcris.
1628 2232 1679 2271 V.
1701 2231 1771 2269 Du

324 2287 459 2340 Gange
481 2289 523 2327 h.
546 2303 585 2330 v.
643 2291 807 2329 Veteres
835 2303 993 2343 quoque
1025 2303 1135 2342 reges
1157 2289 1232 2327 sub
1264 2289 1449 2328 uranisco
1475 2289 1634 2334 sedisse,
1661 2293 1772 2340 patet

324 2355 346 2380 e
380 2342 587 2384 Plutarchi
608 2345 712 2385 Vitis
737 2360 776 2398 p.
808 2345 921 2399 1389.
958 2347 996 2385 3.
1023 2345 1087 2383 ed.
1120 2344 1174 2382 H.
1206 2345 1345 2397 Steph.
1385 2351 1424 2383 et
1453 2358 1475 2383 e
1505 2342 1772 2395 descriptione

323 2396 462 2436 throni
485 2399 701 2440 Alexandri
735 2402 797 2440 M.
827 2400 935 2455 apud
968 2400 1194 2439 Diodorum
1229 2399 1352 2439 Sicul.
1378 2400 1424 2442 L.
1458 2398 1631 2447 XVIII„
1652 2404 1691 2436 et
1709 2411 1774 2436 res

324 2459 421 2491 nota
458 2462 526 2493 est.
583 2457 646 2494 De
672 2456 833 2496 ciboriis
867 2456 1138 2495 ecclesiasticis
1180 2453 1257 2493 hoc
1277 2455 1438 2505 addam,
1467 2454 1520 2493 ob
1547 2453 1774 2506 argumenti

325 2507 628 2549 similitudinem
642 2541 654 2562 ‚
694 2526 808 2551 arcas
853 2519 892 2551 et
934 2512 1111 2550 ecclesias
1139 2523 1186 2548 ea
1211 2509 1330 2549 fuisse
1357 2510 1474 2551 dicta.
1535 2509 1774 2562 Coopemcra

325 2565 480 2615 argenti
507 2563 568 2617 [id
589 2573 648 2604 est
667 2566 874 2621 argentea]
902 2581 1021 2606 arcae
1039 2566 1083 2605 S.
1113 2565 1325 2619 Apollonii
1352 2570 1597 2603 memoratur
1628 2563 1671 2601 in
1691 2563 1774 2602 the-

327 2630 448 2656 sauro
469 2618 656 2659 ecclesiae
684 2623 911 2662 Canusinae
949 2621 1056 2675 apud
1087 2622 1282 2660 Murator.
1313 2621 1362 2661 Τ.
1393 2620 1448 2658 V.
1481 2619 1578 2658 Rer.
1614 2617 1703 2660 Ital.
1731 2633 1774 2673 p.

329 2670 423 2715 385.
476 2672 664 2714 Ademar.
688 2676 972 2731 Caban.(apud
997 2676 1214 2730 DuCange
1230 2689 1270 2715 v.
1290 2675 1471 2714 Ecclesia
1496 2681 1535 2713 et
1554 2673 1772 2725 Munera.):

329 2724 413 2767 Hic
455 2731 667 2783 composuit
688 2750 690 2752 v
708 2747 824 2787 super·
860 2734 987 2774 altare
1038 2731 1259 2772 Servatoris
1295 2731 1493 2770 ecclesiam
1531 2744 1586 2770 ex
1610 2743 1707 2771 altro
1737 2738 1778 2768 ee
