<?xml version="1.0" encoding="UTF-8"?>
<!DOCTYPE html PUBLIC "-//W3C//DTD XHTML 1.0 Transitional//EN"
    "http://www.w3.org/TR/xhtml1/DTD/xhtml1-transitional.dtd">
<html xmlns="http://www.w3.org/1999/xhtml" xml:lang="en" lang="en">
 <head>
  <title>
</title>
<meta http-equiv="Content-Type" content="text/html;charset=utf-8" />
  <meta name='ocr-system' content='tesseract 3.04.00' />
  <meta name='ocr-capabilities' content='ocr_page ocr_carea ocr_par ocr_line ocrx_word'/>
</head>
<body>
  <div class='ocr_page' id='page_1' title='image "./corpusscriptorum08niebuoft/corpusscriptorum08niebuoft_0482.png"; bbox 0 0 1884 3132; ppageno 0'>
   <div class='ocr_carea' id='block_1_1' title="bbox 299 135 1742 313">
    <p class='ocr_par' dir='ltr' id='par_1_1' title="bbox 299 135 1742 313">
     <span class='ocr_line' id='line_1_1' title="bbox 299 135 1546 210; baseline 0.002 -15"><span class='ocrx_word' id='word_1_1' title='bbox 299 135 416 210; x_wconf 77' lang='grc'><strong>474</strong></span> <span class='ocrx_word' id='word_1_2' title='bbox 592 153 664 196; x_wconf 86' lang='lat'><strong>10.</strong></span> <span class='ocrx_word' id='word_1_3' title='bbox 705 153 811 196; x_wconf 83' lang='lat' dir='ltr'>1AC.</span> <span class='ocrx_word' id='word_1_4' title='bbox 850 155 1044 195; x_wconf 75' lang='lat' dir='ltr'><strong>RfflsKu</strong></span> <span class='ocrx_word' id='word_1_5' title='bbox 1086 150 1478 197; x_wconf 68' lang='lat' dir='ltr'>COMMENTARI&#39;I&#39;</span> <span class='ocrx_word' id='word_1_6' title='bbox 1540 150 1546 154; x_wconf 82' lang='grc'><strong><em>’</em></strong></span> 
     </span>
     <span class='ocr_line' id='line_1_2' title="bbox 412 253 1742 313; baseline 0.002 -15"><span class='ocrx_word' id='word_1_7' title='bbox 412 258 467 298; x_wconf 89' lang='grc' dir='ltr'><strong>Α.</strong></span> <span class='ocrx_word' id='word_1_8' title='bbox 488 257 529 310; x_wconf 98' lang='grc'><strong>4.</strong></span> <span class='ocrx_word' id='word_1_9' title='bbox 553 257 664 313; x_wconf 72' lang='grc' dir='ltr'><strong>[44α,</strong></span> <span class='ocrx_word' id='word_1_10' title='bbox 689 257 754 312; x_wconf 55' lang='lat' dir='ltr'><strong>m]</strong></span> <span class='ocrx_word' id='word_1_11' title='bbox 769 253 940 311; x_wconf 71' lang='grc' dir='ltr'><strong><em>ῥοὴσιον</em></strong></span> <span class='ocrx_word' id='word_1_12' title='bbox 958 266 997 298; x_wconf 84' lang='lat' dir='ltr'><strong>et</strong></span> <span class='ocrx_word' id='word_1_13' title='bbox 1013 253 1247 309; x_wconf 65' lang='grc' dir='ltr'><strong>ἕξωβούλιν.</strong></span> <span class='ocrx_word' id='word_1_14' title='bbox 1283 259 1393 310; x_wconf 82' lang='lat' dir='ltr'><strong>Quid</strong></span> <span class='ocrx_word' id='word_1_15' title='bbox 1421 259 1519 299; x_wconf 79' lang='lat' dir='ltr'><strong>haec</strong></span> <span class='ocrx_word' id='word_1_16' title='bbox 1546 260 1742 301; x_wconf 85' lang='lat' dir='ltr'><strong>voeabula</strong></span> 
     </span>
    </p>
   </div>
   <div class='ocr_carea' id='block_1_2' title="bbox 302 314 1742 480">
    <p class='ocr_par' dir='ltr' id='par_1_2' title="bbox 302 314 1742 480">
     <span class='ocr_line' id='line_1_3' title="bbox 303 314 1742 368; baseline 0.001 -13"><span class='ocrx_word' id='word_1_17' title='bbox 303 315 378 355; x_wconf 88' lang='lat' dir='ltr'><strong>sibi</strong></span> <span class='ocrx_word' id='word_1_18' title='bbox 413 314 565 364; x_wconf 85' lang='lat' dir='ltr'><strong>velint,</strong></span> <span class='ocrx_word' id='word_1_19' title='bbox 607 314 674 353; x_wconf 87' lang='lat' dir='ltr'><strong>alii</strong></span> <span class='ocrx_word' id='word_1_20' title='bbox 709 328 775 353; x_wconf 91' lang='lat' dir='ltr'><strong>me</strong></span> <span class='ocrx_word' id='word_1_21' title='bbox 817 314 988 353; x_wconf 84' lang='lat' dir='ltr'>dixerint</span> <span class='ocrx_word' id='word_1_22' title='bbox 1030 314 1183 355; x_wconf 84' lang='lat' dir='ltr'><strong>melius.</strong></span> <span class='ocrx_word' id='word_1_23' title='bbox 1237 315 1324 368; x_wconf 83' lang='lat' dir='ltr'><strong>Ego</strong></span> <span class='ocrx_word' id='word_1_24' title='bbox 1351 314 1512 368; x_wconf 89' lang='lat' dir='ltr'><strong>quidem</strong></span> <span class='ocrx_word' id='word_1_25' title='bbox 1549 315 1615 355; x_wconf 81' lang='lat' dir='ltr'><strong>hic</strong></span> <span class='ocrx_word' id='word_1_26' title='bbox 1640 317 1742 356; x_wconf 88' lang='lat' dir='ltr'><strong>nihil</strong></span> 
     </span>
     <span class='ocr_line' id='line_1_4' title="bbox 302 369 1742 421; baseline 0 -11"><span class='ocrx_word' id='word_1_27' title='bbox 302 370 435 420; x_wconf 84' lang='lat' dir='ltr'><strong>video,</strong></span> <span class='ocrx_word' id='word_1_28' title='bbox 451 371 527 409; x_wconf 86' lang='lat' dir='ltr'><strong>nisi</strong></span> <span class='ocrx_word' id='word_1_29' title='bbox 556 370 633 409; x_wconf 91' lang='lat' dir='ltr'><strong>hoc</strong></span> <span class='ocrx_word' id='word_1_30' title='bbox 651 384 794 421; x_wconf 87' lang='lat' dir='ltr'><strong>unum,</strong></span> <span class='ocrx_word' id='word_1_31' title='bbox 824 369 1025 408; x_wconf 79' lang='lat' dir='ltr'><strong>rhoe&#39;sium</strong></span> <span class='ocrx_word' id='word_1_32' title='bbox 1055 384 1079 408; x_wconf 88' lang='lat' dir='ltr'><strong>a</strong></span> <span class='ocrx_word' id='word_1_33' title='bbox 1107 369 1239 409; x_wconf 88' lang='lat' dir='ltr'><strong>colore</strong></span> <span class='ocrx_word' id='word_1_34' title='bbox 1268 369 1391 409; x_wconf 89' lang='lat' dir='ltr'><strong>rubro</strong></span> <span class='ocrx_word' id='word_1_35' title='bbox 1406 370 1462 409; x_wconf 91' lang='lat' dir='ltr'><strong>sic</strong></span> <span class='ocrx_word' id='word_1_36' title='bbox 1478 384 1563 410; x_wconf 85' lang='lat' dir='ltr'><strong>esse</strong></span> <span class='ocrx_word' id='word_1_37' title='bbox 1578 371 1742 417; x_wconf 83' lang='lat' dir='ltr'><strong>dictum,</strong></span> 
     </span>
     <span class='ocr_line' id='line_1_5' title="bbox 315 421 1741 480; baseline 0 -16"><span class='ocrx_word' id='word_1_38' title='bbox 315 423 319 427; x_wconf 77' lang='grc'><strong>’</strong></span> <span class='ocrx_word' id='word_1_39' title='bbox 411 426 466 464; x_wconf 87' lang='lat' dir='ltr'><strong>A.</strong></span> <span class='ocrx_word' id='word_1_40' title='bbox 490 440 529 479; x_wconf 82' lang='lat'><strong>7.</strong></span> <span class='ocrx_word' id='word_1_41' title='bbox 549 424 669 480; x_wconf 68' lang='grc'><strong>[449.,</strong></span> <span class='ocrx_word' id='word_1_42' title='bbox 690 424 745 478; x_wconf 87' lang='grc'><strong>4.]</strong></span> <span class='ocrx_word' id='word_1_43' title='bbox 792 421 1101 475; x_wconf 80' lang='grc' dir='ltr'><strong>ὄψικευόμενος.</strong></span> <span class='ocrx_word' id='word_1_44' title='bbox 1156 424 1355 476; x_wconf 86' lang='lat' dir='ltr'><strong>Dubium,</strong></span> <span class='ocrx_word' id='word_1_45' title='bbox 1385 425 1436 464; x_wconf 88' lang='lat' dir='ltr'><strong>ad</strong></span> <span class='ocrx_word' id='word_1_46' title='bbox 1462 425 1711 479; x_wconf 85' lang='lat' dir='ltr'><strong>prohedrum</strong></span> <span class='ocrx_word' id='word_1_47' title='bbox 1727 457 1741 477; x_wconf 83' lang='lat'>‚</span> 
     </span>
    </p>
   </div>
   <div class='ocr_carea' id='block_1_3' title="bbox 301 479 1742 535">
    <p class='ocr_par' dir='ltr' id='par_1_3' title="bbox 301 479 1742 535">
     <span class='ocr_line' id='line_1_6' title="bbox 301 479 1742 535; baseline 0.001 -16"><span class='ocrx_word' id='word_1_48' title='bbox 301 495 353 520; x_wconf 87' lang='lat' dir='ltr'><strong>an</strong></span> <span class='ocrx_word' id='word_1_49' title='bbox 383 481 434 519; x_wconf 88' lang='lat' dir='ltr'><strong>ad</strong></span> <span class='ocrx_word' id='word_1_50' title='bbox 462 481 724 535; x_wconf 87' lang='lat' dir='ltr'><strong>drungarium</strong></span> <span class='ocrx_word' id='word_1_51' title='bbox 763 481 986 533; x_wconf 81' lang='lat' dir='ltr'>pertineat,</span> <span class='ocrx_word' id='word_1_52' title='bbox 1041 488 1082 519; x_wconf 91' lang='lat' dir='ltr'><strong>et</strong></span> <span class='ocrx_word' id='word_1_53' title='bbox 1122 480 1192 519; x_wconf 85' lang='lat' dir='ltr'><strong>diu</strong></span> <span class='ocrx_word' id='word_1_54' title='bbox 1233 479 1438 519; x_wconf 82' lang='lat' dir='ltr'><strong>fluctuavi.</strong></span> <span class='ocrx_word' id='word_1_55' title='bbox 1492 481 1599 520; x_wconf 88' lang='lat' dir='ltr'><strong>Sane</strong></span> <span class='ocrx_word' id='word_1_56' title='bbox 1627 482 1742 521; x_wconf 84' lang='lat' dir='ltr'><strong>initio</strong></span> 
     </span>
    </p>
   </div>
   <div class='ocr_carea' id='block_1_4' title="bbox 307 536 1773 590">
    <p class='ocr_par' dir='ltr' id='par_1_4' title="bbox 307 536 1773 590">
     <span class='ocr_line' id='line_1_7' title="bbox 307 536 1773 590; baseline 0.001 -15"><span class='ocrx_word' id='word_1_57' title='bbox 307 544 537 576; x_wconf 80' lang='lat' dir='ltr'><strong>verteram:</strong></span> <span class='ocrx_word' id='word_1_58' title='bbox 588 537 681 575; x_wconf 75' lang='lat' dir='ltr'><strong>illac</strong></span> <span class='ocrx_word' id='word_1_59' title='bbox 715 537 883 588; x_wconf 74' lang='lat' dir='ltr'><strong>ingresso</strong></span> <span class='ocrx_word' id='word_1_60' title='bbox 915 545 953 575; x_wconf 83' lang='lat' dir='ltr'><strong>et</strong></span> <span class='ocrx_word' id='word_1_61' title='bbox 988 536 1038 574; x_wconf 88' lang='lat' dir='ltr'><strong>ab</strong></span> <span class='ocrx_word' id='word_1_62' title='bbox 1076 537 1254 574; x_wconf 76' lang='lat' dir='ltr'><em>acolutho</em></span> <span class='ocrx_word' id='word_1_63' title='bbox 1278 538 1419 590; x_wconf 77' lang='lat' dir='ltr'><strong>stipato</strong></span> <span class='ocrx_word' id='word_1_64' title='bbox 1435 565 1445 582; x_wconf 90' lang='lat'><strong>‚</strong></span> <span class='ocrx_word' id='word_1_65' title='bbox 1485 543 1531 575; x_wconf 83' lang='lat' dir='ltr'><strong>ut</strong></span> <span class='ocrx_word' id='word_1_66' title='bbox 1558 537 1609 575; x_wconf 87' lang='lat' dir='ltr'><strong>ad</strong></span> <span class='ocrx_word' id='word_1_67' title='bbox 1645 551 1743 590; x_wconf 88' lang='lat' dir='ltr'><strong>pro-</strong></span> <span class='ocrx_word' id='word_1_68' title='bbox 1771 573 1773 576; x_wconf 90' lang='lat'>.</span> 
     </span>
    </p>
   </div>
   <div class='ocr_carea' id='block_1_5' title="bbox 299 585 1743 923">
    <p class='ocr_par' dir='ltr' id='par_1_5' title="bbox 300 585 1743 812">
     <span class='ocr_line' id='line_1_8' title="bbox 300 585 1741 644; baseline 0.001 -14"><span class='ocrx_word' id='word_1_69' title='bbox 300 592 474 631; x_wconf 78' lang='lat' dir='ltr'><strong>hedi-um</strong></span> <span class='ocrx_word' id='word_1_70' title='bbox 503 592 676 642; x_wconf 81' lang='lat' dir='ltr'><strong>rediret,</strong></span> <span class='ocrx_word' id='word_1_71' title='bbox 706 606 787 644; x_wconf 87' lang='lat' dir='ltr'><strong>qno</strong></span> <span class='ocrx_word' id='word_1_72' title='bbox 820 605 914 630; x_wconf 89' lang='lat' dir='ltr'><strong>casu</strong></span> <span class='ocrx_word' id='word_1_73' title='bbox 935 590 1148 644; x_wconf 82' lang='lat' dir='ltr'><strong>legendum</strong></span> <span class='ocrx_word' id='word_1_74' title='bbox 1178 592 1228 630; x_wconf 89' lang='lat' dir='ltr'><strong>sit</strong></span> <span class='ocrx_word' id='word_1_75' title='bbox 1266 585 1566 641; x_wconf 81' lang='grc' dir='ltr'><em>ὄψικευόμενον</em></span> <span class='ocrx_word' id='word_1_76' title='bbox 1602 593 1644 630; x_wconf 89' lang='lat' dir='ltr'><strong>in</strong></span> <span class='ocrx_word' id='word_1_77' title='bbox 1673 607 1741 631; x_wconf 87' lang='lat' dir='ltr'><strong>ae-</strong></span> 
     </span>
     <span class='ocr_line' id='line_1_9' title="bbox 300 646 1743 700; baseline -0.001 -13"><span class='ocrx_word' id='word_1_78' title='bbox 300 650 503 691; x_wconf 70' lang='lat' dir='ltr'><strong>,cusativoz</strong></span> <span class='ocrx_word' id='word_1_79' title='bbox 552 647 644 686; x_wconf 88' lang='lat' dir='ltr'><strong>dein</strong></span> <span class='ocrx_word' id='word_1_80' title='bbox 682 648 860 696; x_wconf 82' lang='lat' dir='ltr'><strong>mutavi,</strong></span> <span class='ocrx_word' id='word_1_81' title='bbox 898 649 1053 685; x_wconf 89' lang='lat' dir='ltr'><strong>nescius</strong></span> <span class='ocrx_word' id='word_1_82' title='bbox 1097 648 1301 700; x_wconf 84' lang='lat' dir='ltr'><strong>optimone</strong></span> <span class='ocrx_word' id='word_1_83' title='bbox 1338 646 1520 686; x_wconf 89' lang='lat' dir='ltr'><strong>consilio.</strong></span> <span class='ocrx_word' id='word_1_84' title='bbox 1591 647 1743 686; x_wconf 79' lang='lat' dir='ltr'><strong>Vereor</strong></span> 
     </span>
     <span class='ocr_line' id='line_1_10' title="bbox 300 701 1741 756; baseline 0 -14"><span class='ocrx_word' id='word_1_85' title='bbox 300 710 458 751; x_wconf 88' lang='lat' dir='ltr'><strong>tamen,</strong></span> <span class='ocrx_word' id='word_1_86' title='bbox 488 718 566 752; x_wconf 86' lang='lat' dir='ltr'><strong>ne,</strong></span> <span class='ocrx_word' id='word_1_87' title='bbox 596 702 706 756; x_wconf 88' lang='lat' dir='ltr'><strong>quod</strong></span> <span class='ocrx_word' id='word_1_88' title='bbox 734 701 830 740; x_wconf 85' lang='lat' dir='ltr'><strong>alias</strong></span> <span class='ocrx_word' id='word_1_89' title='bbox 854 702 951 740; x_wconf 88' lang='lat' dir='ltr'><strong>mihi</strong></span> <span class='ocrx_word' id='word_1_90' title='bbox 981 703 1173 756; x_wconf 80' lang='lat' dir='ltr'><strong>contigit,</strong></span> <span class='ocrx_word' id='word_1_91' title='bbox 1203 703 1315 755; x_wconf 88' lang='lat' dir='ltr'><strong>peius</strong></span> <span class='ocrx_word' id='word_1_92' title='bbox 1343 715 1417 755; x_wconf 85' lang='lat' dir='ltr'><strong>pro</strong></span> <span class='ocrx_word' id='word_1_93' title='bbox 1446 701 1612 742; x_wconf 85' lang='lat' dir='ltr'><strong>meliore</strong></span> <span class='ocrx_word' id='word_1_94' title='bbox 1639 704 1741 742; x_wconf 86' lang='lat' dir='ltr'><strong>arri-</strong></span> 
     </span>
     <span class='ocr_line' id='line_1_11' title="bbox 300 757 1041 812; baseline -0.004 -14"><span class='ocrx_word' id='word_1_95' title='bbox 300 761 459 812; x_wconf 91' lang='lat' dir='ltr'><strong>puerim</strong></span> <span class='ocrx_word' id='word_1_96' title='bbox 489 759 676 810; x_wconf 87' lang='lat' dir='ltr'><strong>deceptus</strong></span> <span class='ocrx_word' id='word_1_97' title='bbox 703 772 828 811; x_wconf 86' lang='lat' dir='ltr'><strong>prava</strong></span> <span class='ocrx_word' id='word_1_98' title='bbox 859 757 1041 796; x_wconf 86' lang='lat' dir='ltr'><strong>lectione.</strong></span> 
     </span>
    </p>

    <p class='ocr_par' dir='ltr' id='par_1_6' title="bbox 299 808 1742 923">
     <span class='ocr_line' id='line_1_12' title="bbox 410 808 1742 868; baseline 0 -16"><span class='ocrx_word' id='word_1_99' title='bbox 410 814 463 852; x_wconf 89' lang='lat' dir='ltr'><strong>A.</strong></span> <span class='ocrx_word' id='word_1_100' title='bbox 491 830 525 868; x_wconf 83' lang='lat'><strong>7.</strong></span> <span class='ocrx_word' id='word_1_101' title='bbox 547 813 676 867; x_wconf 70' lang='grc'><strong>[442,</strong></span> <span class='ocrx_word' id='word_1_102' title='bbox 715 812 773 865; x_wconf 90' lang='grc'><strong>4.]</strong></span> <span class='ocrx_word' id='word_1_103' title='bbox 819 808 932 865; x_wconf 71' lang='grc' dir='ltr'><strong>παρὰ</strong></span> <span class='ocrx_word' id='word_1_104' title='bbox 963 811 1040 851; x_wconf 79' lang='grc' dir='ltr'><strong>τοῦ</strong></span> <span class='ocrx_word' id='word_1_105' title='bbox 1083 808 1338 850; x_wconf 75' lang='grc' dir='ltr'><strong>α’κολούθου.</strong></span> <span class='ocrx_word' id='word_1_106' title='bbox 1397 810 1628 851; x_wconf 82' lang='lat' dir='ltr'><strong>Aeoluthus</strong></span> <span class='ocrx_word' id='word_1_107' title='bbox 1656 819 1742 852; x_wconf 87' lang='lat' dir='ltr'><strong>erat</strong></span> 
     </span>
     <span class='ocr_line' id='line_1_13' title="bbox 299 866 1740 923; baseline -0.002 -14"><span class='ocrx_word' id='word_1_108' title='bbox 299 871 487 923; x_wconf 81' lang='lat' dir='ltr'><strong>magister</strong></span> <span class='ocrx_word' id='word_1_109' title='bbox 515 869 677 908; x_wconf 89' lang='lat' dir='ltr'><strong>illorum</strong></span> <span class='ocrx_word' id='word_1_110' title='bbox 702 868 875 906; x_wconf 81' lang='lat' dir='ltr'><strong>militnm</strong></span> <span class='ocrx_word' id='word_1_111' title='bbox 902 866 1173 920; x_wconf 85' lang='lat' dir='ltr'><strong>palatinorum</strong></span> <span class='ocrx_word' id='word_1_112' title='bbox 1189 898 1198 915; x_wconf 80' lang='lat'><strong>‚</strong></span> <span class='ocrx_word' id='word_1_113' title='bbox 1229 870 1298 921; x_wconf 89' lang='lat' dir='ltr'><strong>qui</strong></span> <span class='ocrx_word' id='word_1_114' title='bbox 1315 867 1486 920; x_wconf 86' lang='lat' dir='ltr'><strong>Barangi</strong></span> <span class='ocrx_word' id='word_1_115' title='bbox 1514 867 1643 907; x_wconf 88' lang='lat' dir='ltr'><strong>solent</strong></span> <span class='ocrx_word' id='word_1_116' title='bbox 1669 882 1740 922; x_wconf 89' lang='lat' dir='ltr'><strong>ap-</strong></span> 
     </span>
    </p>
   </div>
   <div class='ocr_carea' id='block_1_6' title="bbox 298 922 1752 978">
    <p class='ocr_par' dir='ltr' id='par_1_7' title="bbox 298 922 1752 978">
     <span class='ocr_line' id='line_1_14' title="bbox 298 922 1752 978; baseline -0.002 -14"><span class='ocrx_word' id='word_1_117' title='bbox 298 925 464 978; x_wconf 80' lang='lat' dir='ltr'><strong>pellari,</strong></span> <span class='ocrx_word' id='word_1_118' title='bbox 497 932 536 963; x_wconf 86' lang='lat' dir='ltr'><strong>et</strong></span> <span class='ocrx_word' id='word_1_119' title='bbox 565 924 768 963; x_wconf 81' lang='lat' dir='ltr'><strong>custodiae</strong></span> <span class='ocrx_word' id='word_1_120' title='bbox 798 924 899 962; x_wconf 87' lang='lat' dir='ltr'><strong>sacri</strong></span> <span class='ocrx_word' id='word_1_121' title='bbox 929 924 1105 976; x_wconf 89' lang='lat' dir='ltr'><strong>corporis</strong></span> <span class='ocrx_word' id='word_1_122' title='bbox 1133 923 1311 975; x_wconf 85' lang='lat' dir='ltr'><strong>deputati</strong></span> <span class='ocrx_word' id='word_1_123' title='bbox 1331 936 1487 961; x_wconf 87' lang='lat' dir='ltr'><strong>secures</strong></span> <span class='ocrx_word' id='word_1_124' title='bbox 1515 923 1704 974; x_wconf 78' lang='lat' dir='ltr'><strong>gerebant</strong></span> <span class='ocrx_word' id='word_1_125' title='bbox 1726 922 1752 974; x_wconf 49' lang='lat'><strong>3¹</strong></span> 
     </span>
    </p>
   </div>
   <div class='ocr_carea' id='block_1_7' title="bbox 296 976 1741 1312">
    <p class='ocr_par' dir='ltr' id='par_1_8' title="bbox 296 976 1741 1312">
     <span class='ocr_line' id='line_1_15' title="bbox 297 976 1740 1033; baseline -0.002 -13"><span class='ocrx_word' id='word_1_126' title='bbox 297 981 382 1020; x_wconf 86' lang='lat' dir='ltr'><strong>vid.</strong></span> <span class='ocrx_word' id='word_1_127' title='bbox 405 982 470 1019; x_wconf 90' lang='lat' dir='ltr'><strong>Du</strong></span> <span class='ocrx_word' id='word_1_128' title='bbox 506 980 639 1033; x_wconf 80' lang='lat' dir='ltr'><strong>Gange</strong></span> <span class='ocrx_word' id='word_1_129' title='bbox 668 979 797 1018; x_wconf 90' lang='lat' dir='ltr'><strong>Gloss.</strong></span> <span class='ocrx_word' id='word_1_130' title='bbox 818 979 889 1016; x_wconf 87' lang='lat' dir='ltr'><strong>Gr.</strong></span> <span class='ocrx_word' id='word_1_131' title='bbox 922 978 966 1016; x_wconf 88' lang='lat' dir='ltr'><strong>h.</strong></span> <span class='ocrx_word' id='word_1_132' title='bbox 989 993 1028 1017; x_wconf 87' lang='lat' dir='ltr'><strong>v.</strong></span> <span class='ocrx_word' id='word_1_133' title='bbox 1049 985 1088 1017; x_wconf 84' lang='lat' dir='ltr'><strong>et</strong></span> <span class='ocrx_word' id='word_1_134' title='bbox 1118 978 1168 1016; x_wconf 88' lang='lat' dir='ltr'><strong>ad</strong></span> <span class='ocrx_word' id='word_1_135' title='bbox 1199 978 1384 1016; x_wconf 84' lang='lat' dir='ltr'><strong>Cinnam.</strong></span> <span class='ocrx_word' id='word_1_136' title='bbox 1403 992 1444 1030; x_wconf 93' lang='lat' dir='ltr'><strong>p.</strong></span> <span class='ocrx_word' id='word_1_137' title='bbox 1467 976 1740 1033; x_wconf 67' lang='lat' dir='ltr'><strong>441.*[Va-</strong></span> 
     </span>
     <span class='ocr_line' id='line_1_16' title="bbox 298 1032 1736 1089; baseline -0.002 -14"><span class='ocrx_word' id='word_1_138' title='bbox 298 1037 411 1089; x_wconf 85' lang='lat' dir='ltr'><strong>rangi</strong></span> <span class='ocrx_word' id='word_1_139' title='bbox 453 1051 522 1075; x_wconf 86' lang='lat' dir='ltr'><strong>sen</strong></span> <span class='ocrx_word' id='word_1_140' title='bbox 553 1034 676 1087; x_wconf 81' lang='lat' dir='ltr'><strong>Angli</strong></span> <span class='ocrx_word' id='word_1_141' title='bbox 719 1036 823 1073; x_wconf 88' lang='lat' dir='ltr'><strong>inter</strong></span> <span class='ocrx_word' id='word_1_142' title='bbox 859 1035 1038 1086; x_wconf 89' lang='lat' dir='ltr'><strong>corporis</strong></span> <span class='ocrx_word' id='word_1_143' title='bbox 1064 1032 1248 1072; x_wconf 83' lang='lat' dir='ltr'><strong>custodes</strong></span> <span class='ocrx_word' id='word_1_144' title='bbox 1285 1033 1428 1071; x_wconf 87' lang='lat' dir='ltr'><strong>Graeci</strong></span> <span class='ocrx_word' id='word_1_145' title='bbox 1466 1033 1736 1085; x_wconf 81' lang='lat' dir='ltr'><strong>Imperatoris.</strong></span> 
     </span>
     <span class='ocr_line' id='line_1_17' title="bbox 298 1087 1737 1143; baseline -0.001 -13"><span class='ocrx_word' id='word_1_146' title='bbox 298 1092 387 1130; x_wconf 84' lang='lat' dir='ltr'><strong>DC.</strong></span> <span class='ocrx_word' id='word_1_147' title='bbox 420 1091 470 1130; x_wconf 88' lang='lat' dir='ltr'><strong>ad</strong></span> <span class='ocrx_word' id='word_1_148' title='bbox 500 1089 720 1130; x_wconf 76' lang='lat' dir='ltr'><strong>Villehard.</strong></span> <span class='ocrx_word' id='word_1_149' title='bbox 750 1104 789 1141; x_wconf 83' lang='lat' dir='ltr'><strong>p.</strong></span> <span class='ocrx_word' id='word_1_150' title='bbox 807 1088 900 1143; x_wconf 80' lang='lat'><strong>296.</strong></span> <span class='ocrx_word' id='word_1_151' title='bbox 959 1090 1022 1127; x_wconf 93' lang='lat' dir='ltr'><strong>De</strong></span> <span class='ocrx_word' id='word_1_152' title='bbox 1054 1091 1163 1127; x_wconf 90' lang='lat' dir='ltr'><strong>vocis</strong></span> <span class='ocrx_word' id='word_1_153' title='bbox 1189 1087 1429 1142; x_wconf 82' lang='lat' dir='ltr'><strong>etymologia</strong></span> <span class='ocrx_word' id='word_1_154' title='bbox 1456 1102 1498 1127; x_wconf 91' lang='lat' dir='ltr'><strong>v.</strong></span> <span class='ocrx_word' id='word_1_155' title='bbox 1526 1089 1655 1141; x_wconf 84' lang='lat' dir='ltr'><strong>Bayer</strong></span> <span class='ocrx_word' id='word_1_156' title='bbox 1683 1089 1737 1128; x_wconf 91' lang='lat' dir='ltr'><strong>T.</strong></span> 
     </span>
     <span class='ocr_line' id='line_1_18' title="bbox 298 1142 1739 1198; baseline -0.002 -13"><span class='ocrx_word' id='word_1_157' title='bbox 298 1148 371 1186; x_wconf 86' lang='lat' dir='ltr'><strong>IV.</strong></span> <span class='ocrx_word' id='word_1_158' title='bbox 396 1147 619 1185; x_wconf 86' lang='lat' dir='ltr'><strong>Comment.</strong></span> <span class='ocrx_word' id='word_1_159' title='bbox 649 1145 842 1183; x_wconf 87' lang='lat' dir='ltr'><strong>Academ.</strong></span> <span class='ocrx_word' id='word_1_160' title='bbox 869 1143 1151 1198; x_wconf 86' lang='lat' dir='ltr'><strong>Petropolit.]*</strong></span> <span class='ocrx_word' id='word_1_161' title='bbox 1209 1142 1331 1196; x_wconf 80' lang='lat' dir='ltr'><strong>Angli</strong></span> <span class='ocrx_word' id='word_1_162' title='bbox 1370 1143 1475 1190; x_wconf 84' lang='lat' dir='ltr'><strong>sint,</strong></span> <span class='ocrx_word' id='word_1_163' title='bbox 1508 1157 1560 1181; x_wconf 87' lang='lat' dir='ltr'><strong>an</strong></span> <span class='ocrx_word' id='word_1_164' title='bbox 1589 1144 1739 1182; x_wconf 89' lang='lat' dir='ltr'><strong>Franci</strong></span> 
     </span>
     <span class='ocr_line' id='line_1_19' title="bbox 297 1199 1740 1255; baseline -0.002 -14"><span class='ocrx_word' id='word_1_165' title='bbox 297 1202 537 1255; x_wconf 79' lang='lat' dir='ltr'><strong>disputatur.</strong></span> <span class='ocrx_word' id='word_1_166' title='bbox 594 1200 696 1239; x_wconf 87' lang='lat' dir='ltr'><strong>Mihi</strong></span> <span class='ocrx_word' id='word_1_167' title='bbox 725 1199 893 1238; x_wconf 91' lang='lat' dir='ltr'><strong>dubium</strong></span> <span class='ocrx_word' id='word_1_168' title='bbox 921 1214 1003 1238; x_wconf 87' lang='lat' dir='ltr'><strong>non</strong></span> <span class='ocrx_word' id='word_1_169' title='bbox 1045 1206 1126 1248; x_wconf 82' lang='lat' dir='ltr'><strong>est,</strong></span> <span class='ocrx_word' id='word_1_170' title='bbox 1168 1199 1348 1238; x_wconf 83' lang='lat' dir='ltr'><strong>Francos</strong></span> <span class='ocrx_word' id='word_1_171' title='bbox 1392 1205 1431 1236; x_wconf 89' lang='lat' dir='ltr'><strong>et</strong></span> <span class='ocrx_word' id='word_1_172' title='bbox 1469 1199 1671 1252; x_wconf 82' lang='lat' dir='ltr'><strong>Barangos</strong></span> <span class='ocrx_word' id='word_1_173' title='bbox 1700 1205 1740 1238; x_wconf 89' lang='lat' dir='ltr'><strong>et</strong></span> 
     </span>
     <span class='ocr_line' id='line_1_20' title="bbox 296 1253 1741 1312; baseline -0.003 -15"><span class='ocrx_word' id='word_1_174' title='bbox 296 1259 496 1312; x_wconf 59' lang='lat' dir='ltr'><strong>WVaragos</strong></span> <span class='ocrx_word' id='word_1_175' title='bbox 536 1256 696 1296; x_wconf 82' lang='lat' dir='ltr'><strong>eosdem</strong></span> <span class='ocrx_word' id='word_1_176' title='bbox 734 1269 832 1294; x_wconf 85' lang='lat' dir='ltr'><strong>esse.</strong></span> <span class='ocrx_word' id='word_1_177' title='bbox 906 1254 1109 1293; x_wconf 79' lang='lat' dir='ltr'><strong>Abulfeda</strong></span> <span class='ocrx_word' id='word_1_178' title='bbox 1151 1256 1192 1293; x_wconf 93' lang='lat' dir='ltr'><strong>in</strong></span> <span class='ocrx_word' id='word_1_179' title='bbox 1215 1253 1466 1307; x_wconf 83' lang='lat' dir='ltr'><strong>Geographia</strong></span> <span class='ocrx_word' id='word_1_180' title='bbox 1502 1261 1591 1306; x_wconf 85' lang='lat' dir='ltr'><strong>post</strong></span> <span class='ocrx_word' id='word_1_181' title='bbox 1628 1268 1741 1293; x_wconf 87' lang='lat' dir='ltr'><strong>mare</strong></span> 
     </span>
    </p>
   </div>
   <div class='ocr_carea' id='block_1_8' title="bbox 296 1318 1738 1430">
    <p class='ocr_par' dir='ltr' id='par_1_9' title="bbox 296 1318 1738 1430">
     <span class='ocr_line' id='line_1_21' title="bbox 297 1318 1738 1377; baseline -0.002 -15"><span class='ocrx_word' id='word_1_182' title='bbox 297 1324 414 1377; x_wconf 55' lang='lat'><strong>&amp;3053</strong></span> <span class='ocrx_word' id='word_1_183' title='bbox 439 1354 450 1375; x_wconf 88' lang='lat'>,</span> <span class='ocrx_word' id='word_1_184' title='bbox 479 1322 589 1376; x_wconf 91' lang='lat' dir='ltr'><strong>quod</strong></span> <span class='ocrx_word' id='word_1_185' title='bbox 617 1329 685 1360; x_wconf 89' lang='lat' dir='ltr'><strong>aut</strong></span> <span class='ocrx_word' id='word_1_186' title='bbox 699 1321 916 1359; x_wconf 76' lang='lat' dir='ltr'><strong>Bar-duliae</strong></span> <span class='ocrx_word' id='word_1_187' title='bbox 931 1350 942 1368; x_wconf 85' lang='lat'>‚</span> <span class='ocrx_word' id='word_1_188' title='bbox 974 1320 1051 1359; x_wconf 88' lang='lat' dir='ltr'><strong>hoc</strong></span> <span class='ocrx_word' id='word_1_189' title='bbox 1069 1327 1126 1359; x_wconf 88' lang='lat' dir='ltr'><strong>est</strong></span> <span class='ocrx_word' id='word_1_190' title='bbox 1137 1318 1331 1359; x_wconf 87' lang='lat' dir='ltr'><strong>Castellae</strong></span> <span class='ocrx_word' id='word_1_191' title='bbox 1359 1319 1520 1370; x_wconf 85' lang='lat' dir='ltr'><strong>veteris,</strong></span> <span class='ocrx_word' id='word_1_192' title='bbox 1545 1327 1615 1359; x_wconf 86' lang='lat' dir='ltr'><strong>aut</strong></span> <span class='ocrx_word' id='word_1_193' title='bbox 1633 1321 1738 1359; x_wconf 82' lang='lat' dir='ltr'><strong>Bor-</strong></span> 
     </span>
     <span class='ocr_line' id='line_1_22' title="bbox 296 1374 1735 1430; baseline -0.004 -12"><span class='ocrx_word' id='word_1_194' title='bbox 296 1379 430 1427; x_wconf 74' lang='lat' dir='ltr'><strong>dz&#39;lae,</strong></span> <span class='ocrx_word' id='word_1_195' title='bbox 468 1379 545 1417; x_wconf 87' lang='lat' dir='ltr'><strong>hoc</strong></span> <span class='ocrx_word' id='word_1_196' title='bbox 576 1384 634 1416; x_wconf 86' lang='lat' dir='ltr'><strong>est</strong></span> <span class='ocrx_word' id='word_1_197' title='bbox 671 1376 959 1429; x_wconf 76' lang='lat' dir='ltr'><strong>Bnrdz‘galiae,</strong></span> <span class='ocrx_word' id='word_1_198' title='bbox 1004 1390 1115 1414; x_wconf 87' lang='lat' dir='ltr'><strong>mare</strong></span> <span class='ocrx_word' id='word_1_199' title='bbox 1157 1383 1241 1422; x_wconf 87' lang='lat' dir='ltr'><strong>est,</strong></span> <span class='ocrx_word' id='word_1_200' title='bbox 1283 1375 1378 1427; x_wconf 83' lang='lat' dir='ltr'><strong>(vid.</strong></span> <span class='ocrx_word' id='word_1_201' title='bbox 1414 1374 1482 1412; x_wconf 86' lang='lat' dir='ltr'><strong>Du</strong></span> <span class='ocrx_word' id='word_1_202' title='bbox 1523 1374 1655 1430; x_wconf 82' lang='lat' dir='ltr'><strong>Gange</strong></span> <span class='ocrx_word' id='word_1_203' title='bbox 1693 1391 1735 1416; x_wconf 86' lang='lat' dir='ltr'><strong>v.</strong></span> 
     </span>
    </p>
   </div>
   <div class='ocr_carea' id='block_1_9' title="bbox 297 1443 1737 1497">
    <p class='ocr_par' dir='ltr' id='par_1_10' title="bbox 297 1443 1737 1497">
     <span class='ocr_line' id='line_1_23' title="bbox 297 1443 1737 1497; baseline -0.001 -13"><span class='ocrx_word' id='word_1_204' title='bbox 297 1445 514 1484; x_wconf 48' lang='lat' dir='ltr'><strong>Pas-conella·</strong></span> <span class='ocrx_word' id='word_1_205' title='bbox 529 1445 556 1496; x_wconf 94' lang='lat'><strong>,)</strong></span> <span class='ocrx_word' id='word_1_206' title='bbox 587 1449 766 1482; x_wconf 86' lang='lat' dir='ltr'><strong>recenset</strong></span> <span class='ocrx_word' id='word_1_207' title='bbox 793 1450 839 1481; x_wconf 90' lang='lat' dir='ltr'><strong>ut</strong></span> <span class='ocrx_word' id='word_1_208' title='bbox 874 1444 1101 1496; x_wconf 85' lang='lat' dir='ltr'><strong>proximum</strong></span> <span class='ocrx_word' id='word_1_209' title='bbox 1144 1449 1183 1481; x_wconf 86' lang='lat' dir='ltr'><strong>et</strong></span> <span class='ocrx_word' id='word_1_210' title='bbox 1224 1443 1464 1481; x_wconf 85' lang='lat' dir='ltr'><strong>continuum</strong></span> <span class='ocrx_word' id='word_1_211' title='bbox 1495 1456 1606 1482; x_wconf 84' lang='lat' dir='ltr'><strong>mare</strong></span> <span class='ocrx_word' id='word_1_212' title='bbox 1637 1447 1737 1497; x_wconf 49' lang='lat'><strong>55⁸2*</strong></span> 
     </span>
    </p>
   </div>
   <div class='ocr_carea' id='block_1_10' title="bbox 295 1503 1738 1894">
    <p class='ocr_par' dir='ltr' id='par_1_11' title="bbox 295 1503 1738 1894">
     <span class='ocr_line' id='line_1_24' title="bbox 295 1503 1736 1566; baseline 0 -17"><span class='ocrx_word' id='word_1_213' title='bbox 295 1503 418 1566; x_wconf 64' lang='grc' dir='ltr'><strong>κὶ),</strong></span> <span class='ocrx_word' id='word_1_214' title='bbox 446 1541 458 1560; x_wconf 88' lang='grc'>,</span> <span class='ocrx_word' id='word_1_215' title='bbox 495 1524 604 1548; x_wconf 75' lang='lat' dir='ltr'><strong>mat-e</strong></span> <span class='ocrx_word' id='word_1_216' title='bbox 631 1508 953 1561; x_wconf 71' lang='lat' dir='ltr'><strong>Warangorum.</strong></span> <span class='ocrx_word' id='word_1_217' title='bbox 1011 1509 1157 1561; x_wconf 86' lang='lat' dir='ltr'><strong>Liquet</strong></span> <span class='ocrx_word' id='word_1_218' title='bbox 1183 1508 1426 1547; x_wconf 88' lang='lat' dir='ltr'><strong>Francicum</strong></span> <span class='ocrx_word' id='word_1_219' title='bbox 1454 1508 1495 1546; x_wconf 88' lang='lat' dir='ltr'><strong>id</strong></span> <span class='ocrx_word' id='word_1_220' title='bbox 1522 1523 1632 1559; x_wconf 89' lang='lat' dir='ltr'><strong>esse,</strong></span> <span class='ocrx_word' id='word_1_221' title='bbox 1661 1524 1736 1549; x_wconf 90' lang='lat' dir='ltr'><strong>no-</strong></span> 
     </span>
     <span class='ocr_line' id='line_1_25' title="bbox 295 1563 1736 1618; baseline -0.001 -12"><span class='ocrx_word' id='word_1_222' title='bbox 295 1567 358 1606; x_wconf 83' lang='lat' dir='ltr'><strong>bis</strong></span> <span class='ocrx_word' id='word_1_223' title='bbox 386 1567 506 1605; x_wconf 86' lang='lat' dir='ltr'><strong>hodie</strong></span> <span class='ocrx_word' id='word_1_224' title='bbox 536 1565 819 1604; x_wconf 86' lang='lat' dir='ltr'><strong>Germanicum</strong></span> <span class='ocrx_word' id='word_1_225' title='bbox 844 1564 1022 1614; x_wconf 82' lang='lat' dir='ltr'><strong>dictum⁷</strong></span> <span class='ocrx_word' id='word_1_226' title='bbox 1075 1564 1127 1602; x_wconf 87' lang='lat' dir='ltr'><strong>ab</strong></span> <span class='ocrx_word' id='word_1_227' title='bbox 1154 1563 1372 1617; x_wconf 81' lang='lat' dir='ltr'><strong>Aquitania</strong></span> <span class='ocrx_word' id='word_1_228' title='bbox 1411 1563 1503 1603; x_wconf 90' lang='lat' dir='ltr'><strong>inde</strong></span> <span class='ocrx_word' id='word_1_229' title='bbox 1533 1578 1661 1618; x_wconf 86' lang='lat' dir='ltr'><strong>usque</strong></span> <span class='ocrx_word' id='word_1_230' title='bbox 1684 1566 1736 1605; x_wconf 88' lang='lat' dir='ltr'><strong>ad</strong></span> 
     </span>
     <span class='ocr_line' id='line_1_26' title="bbox 295 1619 1738 1675; baseline -0.001 -14"><span class='ocrx_word' id='word_1_231' title='bbox 295 1623 552 1675; x_wconf 81' lang='lat' dir='ltr'><strong>Norwegiam</strong></span> <span class='ocrx_word' id='word_1_232' title='bbox 581 1627 824 1674; x_wconf 83' lang='lat' dir='ltr'><strong>porrectum.</strong></span> <span class='ocrx_word' id='word_1_233' title='bbox 859 1620 1026 1658; x_wconf 86' lang='lat' dir='ltr'><strong>Venisse</strong></span> <span class='ocrx_word' id='word_1_234' title='bbox 1042 1619 1220 1658; x_wconf 82' lang='lat' dir='ltr'><strong>Francos</strong></span> <span class='ocrx_word' id='word_1_235' title='bbox 1240 1634 1262 1658; x_wconf 90' lang='lat' dir='ltr'><strong>e</strong></span> <span class='ocrx_word' id='word_1_236' title='bbox 1279 1621 1548 1672; x_wconf 82' lang='lat' dir='ltr'><strong>septentrione</strong></span> <span class='ocrx_word' id='word_1_237' title='bbox 1563 1650 1574 1667; x_wconf 82' lang='lat'>‚</span> <span class='ocrx_word' id='word_1_238' title='bbox 1604 1627 1738 1659; x_wconf 86' lang='lat' dir='ltr'><strong>trans-</strong></span> 
     </span>
     <span class='ocr_line' id='line_1_27' title="bbox 296 1674 1734 1730; baseline -0.001 -13"><span class='ocrx_word' id='word_1_239' title='bbox 296 1678 389 1717; x_wconf 87' lang='lat' dir='ltr'><strong>iisse</strong></span> <span class='ocrx_word' id='word_1_240' title='bbox 426 1691 499 1730; x_wconf 87' lang='lat' dir='ltr'><strong>pro</strong></span> <span class='ocrx_word' id='word_1_241' title='bbox 535 1683 648 1728; x_wconf 87' lang='lat' dir='ltr'><strong>parte</strong></span> <span class='ocrx_word' id='word_1_242' title='bbox 680 1677 722 1714; x_wconf 90' lang='lat' dir='ltr'><strong>in</strong></span> <span class='ocrx_word' id='word_1_243' title='bbox 756 1674 945 1728; x_wconf 80' lang='lat' dir='ltr'><strong>Angliam</strong></span> <span class='ocrx_word' id='word_1_244' title='bbox 981 1689 1063 1714; x_wconf 86' lang='lat' dir='ltr'><strong>una</strong></span> <span class='ocrx_word' id='word_1_245' title='bbox 1097 1689 1188 1714; x_wconf 88' lang='lat' dir='ltr'><strong>cum</strong></span> <span class='ocrx_word' id='word_1_246' title='bbox 1217 1674 1441 1714; x_wconf 83' lang='lat' dir='ltr'><strong>saxonibus</strong></span> <span class='ocrx_word' id='word_1_247' title='bbox 1473 1674 1631 1713; x_wconf 86' lang='lat' dir='ltr'><strong>saeculo</strong></span> <span class='ocrx_word' id='word_1_248' title='bbox 1653 1676 1734 1726; x_wconf 51' lang='lat' dir='ltr'><strong>Vq,</strong></span> 
     </span>
     <span class='ocr_line' id='line_1_28' title="bbox 295 1729 1736 1784; baseline -0.001 -12"><span class='ocrx_word' id='word_1_249' title='bbox 295 1741 438 1772; x_wconf 86' lang='lat' dir='ltr'><strong>notum</strong></span> <span class='ocrx_word' id='word_1_250' title='bbox 474 1738 547 1772; x_wconf 83' lang='lat' dir='ltr'><strong>est.</strong></span> <span class='ocrx_word' id='word_1_251' title='bbox 605 1730 726 1770; x_wconf 91' lang='lat' dir='ltr'><strong>Unde</strong></span> <span class='ocrx_word' id='word_1_252' title='bbox 758 1729 875 1769; x_wconf 89' lang='lat' dir='ltr'><strong>facile</strong></span> <span class='ocrx_word' id='word_1_253' title='bbox 905 1730 1109 1769; x_wconf 86' lang='lat' dir='ltr'><strong>conciliari</strong></span> <span class='ocrx_word' id='word_1_254' title='bbox 1145 1737 1297 1784; x_wconf 85' lang='lat' dir='ltr'><strong>potest,</strong></span> <span class='ocrx_word' id='word_1_255' title='bbox 1330 1730 1531 1782; x_wconf 83' lang='lat' dir='ltr'><strong>Barangos</strong></span> <span class='ocrx_word' id='word_1_256' title='bbox 1556 1730 1736 1770; x_wconf 84' lang='lat' dir='ltr'><strong>Francos</strong></span> 
     </span>
     <span class='ocr_line' id='line_1_29' title="bbox 296 1784 1734 1839; baseline -0.002 -11"><span class='ocrx_word' id='word_1_257' title='bbox 296 1803 404 1839; x_wconf 87' lang='lat' dir='ltr'><strong>esse,</strong></span> <span class='ocrx_word' id='word_1_258' title='bbox 439 1795 478 1828; x_wconf 89' lang='lat' dir='ltr'><strong>et</strong></span> <span class='ocrx_word' id='word_1_259' title='bbox 515 1794 650 1826; x_wconf 86' lang='lat' dir='ltr'><strong>tamen</strong></span> <span class='ocrx_word' id='word_1_260' title='bbox 686 1785 841 1839; x_wconf 84' lang='lat' dir='ltr'><strong>Anglos</strong></span> <span class='ocrx_word' id='word_1_261' title='bbox 871 1799 894 1824; x_wconf 87' lang='lat' dir='ltr'><strong>a</strong></span> <span class='ocrx_word' id='word_1_262' title='bbox 927 1786 1082 1825; x_wconf 87' lang='lat' dir='ltr'><strong>Codino</strong></span> <span class='ocrx_word' id='word_1_263' title='bbox 1117 1793 1157 1825; x_wconf 87' lang='lat' dir='ltr'><strong>et</strong></span> <span class='ocrx_word' id='word_1_264' title='bbox 1191 1785 1360 1838; x_wconf 82' lang='lat' dir='ltr'><strong>Anglice</strong></span> <span class='ocrx_word' id='word_1_265' title='bbox 1391 1784 1599 1838; x_wconf 87' lang='lat' dir='ltr'><strong>loquentes</strong></span> <span class='ocrx_word' id='word_1_266' title='bbox 1638 1785 1734 1825; x_wconf 86' lang='lat' dir='ltr'><strong>dici.</strong></span> 
     </span>
     <span class='ocr_line' id='line_1_30' title="bbox 295 1839 1736 1894; baseline -0.002 -11"><span class='ocrx_word' id='word_1_267' title='bbox 295 1845 454 1884; x_wconf 87' lang='lat' dir='ltr'><strong>Nomen</strong></span> <span class='ocrx_word' id='word_1_268' title='bbox 474 1844 725 1882; x_wconf 82' lang='lat' dir='ltr'><strong>Francorum</strong></span> <span class='ocrx_word' id='word_1_269' title='bbox 756 1840 854 1880; x_wconf 89' lang='lat' dir='ltr'><strong>olim</strong></span> <span class='ocrx_word' id='word_1_270' title='bbox 882 1841 1059 1880; x_wconf 67' lang='lat' dir='ltr'><strong>Fet-anki</strong></span> <span class='ocrx_word' id='word_1_271' title='bbox 1103 1848 1142 1880; x_wconf 89' lang='lat' dir='ltr'><strong>et</strong></span> <span class='ocrx_word' id='word_1_272' title='bbox 1178 1840 1359 1880; x_wconf 77' lang='lat' dir='ltr'><strong>Faranki</strong></span> <span class='ocrx_word' id='word_1_273' title='bbox 1399 1839 1736 1894; x_wconf 82' lang='lat' dir='ltr'><strong>pronuntiabatur</strong></span> 
     </span>
    </p>
   </div>
   <div class='ocr_carea' id='block_1_11' title="bbox 300 1894 1735 1951">
    <p class='ocr_par' dir='ltr' id='par_1_12' title="bbox 300 1894 1735 1951">
     <span class='ocr_line' id='line_1_31' title="bbox 300 1894 1735 1951; baseline -0.002 -13"><span class='ocrx_word' id='word_1_274' title='bbox 300 1899 362 1951; x_wconf 88' lang='lat' dir='ltr'><strong>(v.</strong></span> <span class='ocrx_word' id='word_1_275' title='bbox 383 1899 523 1938; x_wconf 82' lang='lat' dir='ltr'><strong>Barth.</strong></span> <span class='ocrx_word' id='word_1_276' title='bbox 551 1898 603 1937; x_wconf 86' lang='lat' dir='ltr'><strong>ad</strong></span> <span class='ocrx_word' id='word_1_277' title='bbox 623 1896 826 1936; x_wconf 90' lang='lat' dir='ltr'><strong>Guilielmi</strong></span> <span class='ocrx_word' id='word_1_278' title='bbox 853 1897 1008 1935; x_wconf 90' lang='lat' dir='ltr'><strong>Briton.</strong></span> <span class='ocrx_word' id='word_1_279' title='bbox 1041 1896 1218 1949; x_wconf 85' lang='lat' dir='ltr'><strong>Philipp.</strong></span> <span class='ocrx_word' id='word_1_280' title='bbox 1243 1897 1277 1935; x_wconf 93' lang='grc' dir='ltr'><strong>Ι.</strong></span> <span class='ocrx_word' id='word_1_281' title='bbox 1306 1894 1395 1946; x_wconf 71' lang='grc'><strong>114.</strong></span> <span class='ocrx_word' id='word_1_282' title='bbox 1424 1910 1466 1948; x_wconf 89' lang='lat' dir='ltr'><strong>p.</strong></span> <span class='ocrx_word' id='word_1_283' title='bbox 1499 1895 1566 1935; x_wconf 84' lang='lat'><strong>28.</strong></span> <span class='ocrx_word' id='word_1_284' title='bbox 1600 1902 1640 1935; x_wconf 84' lang='lat' dir='ltr'><strong>et</strong></span> <span class='ocrx_word' id='word_1_285' title='bbox 1667 1896 1735 1935; x_wconf 90' lang='lat' dir='ltr'><strong>Du</strong></span> 
     </span>
    </p>
   </div>
   <div class='ocr_carea' id='block_1_12' title="bbox 296 1951 1753 2007">
    <p class='ocr_par' dir='ltr' id='par_1_13' title="bbox 296 1951 1753 2007">
     <span class='ocr_line' id='line_1_32' title="bbox 296 1951 1753 2007; baseline -0.003 -13"><span class='ocrx_word' id='word_1_286' title='bbox 296 1955 431 2007; x_wconf 83' lang='lat' dir='ltr'><strong>Gange</strong></span> <span class='ocrx_word' id='word_1_287' title='bbox 465 1969 506 1994; x_wconf 87' lang='lat' dir='ltr'><strong>v.</strong></span> <span class='ocrx_word' id='word_1_288' title='bbox 539 1952 745 2005; x_wconf 71' lang='lat' dir='ltr'><strong>Fer-anci).</strong></span> <span class='ocrx_word' id='word_1_289' title='bbox 804 1953 867 1991; x_wconf 92' lang='lat' dir='ltr'><strong>De</strong></span> <span class='ocrx_word' id='word_1_290' title='bbox 903 1953 1076 1991; x_wconf 91' lang='lat' dir='ltr'><strong>nominis</strong></span> <span class='ocrx_word' id='word_1_291' title='bbox 1113 1960 1247 1990; x_wconf 86' lang='lat' dir='ltr'><strong>autem</strong></span> <span class='ocrx_word' id='word_1_292' title='bbox 1296 1951 1546 1989; x_wconf 85' lang='lat' dir='ltr'><strong>Francorum</strong></span> <span class='ocrx_word' id='word_1_293' title='bbox 1580 1952 1753 1990; x_wconf 83' lang='lat' dir='ltr'><strong>ratione·</strong></span> 
     </span>
    </p>
   </div>
   <div class='ocr_carea' id='block_1_13' title="bbox 294 2006 1734 2388">
    <p class='ocr_par' dir='ltr' id='par_1_14' title="bbox 294 2006 1734 2388">
     <span class='ocr_line' id='line_1_33' title="bbox 296 2006 1734 2064; baseline -0.003 -15"><span class='ocrx_word' id='word_1_294' title='bbox 296 2009 559 2064; x_wconf 71' lang='lat' dir='ltr'><strong>etymologica</strong></span> <span class='ocrx_word' id='word_1_295' title='bbox 579 2008 807 2060; x_wconf 87' lang='lat' dir='ltr'><strong>discrepant</strong></span> <span class='ocrx_word' id='word_1_296' title='bbox 833 2009 1050 2047; x_wconf 84' lang='lat' dir='ltr'><strong>sententiae</strong></span> <span class='ocrx_word' id='word_1_297' title='bbox 1065 2035 1076 2055; x_wconf 89' lang='lat'>‚</span> <span class='ocrx_word' id='word_1_298' title='bbox 1104 2007 1250 2060; x_wconf 82' lang='lat' dir='ltr'><strong>quibus</strong></span> <span class='ocrx_word' id='word_1_299' title='bbox 1270 2006 1520 2044; x_wconf 89' lang='lat' dir='ltr'><strong>recensendis</strong></span> <span class='ocrx_word' id='word_1_300' title='bbox 1546 2020 1626 2045; x_wconf 91' lang='lat' dir='ltr'><strong>non</strong></span> <span class='ocrx_word' id='word_1_301' title='bbox 1656 2007 1734 2044; x_wconf 90' lang='lat' dir='ltr'><strong>im-</strong></span> 
     </span>
     <span class='ocr_line' id='line_1_34' title="bbox 295 2060 1733 2116; baseline -0.004 -11"><span class='ocrx_word' id='word_1_302' title='bbox 295 2066 516 2113; x_wconf 83' lang='lat' dir='ltr'><strong>morabor;</strong></span> <span class='ocrx_word' id='word_1_303' title='bbox 548 2078 635 2104; x_wconf 87' lang='lat' dir='ltr'><strong>eam</strong></span> <span class='ocrx_word' id='word_1_304' title='bbox 657 2071 791 2102; x_wconf 88' lang='lat' dir='ltr'><strong>tamen</strong></span> <span class='ocrx_word' id='word_1_305' title='bbox 815 2094 826 2113; x_wconf 93' lang='lat'><strong><em>,</em></strong></span> <span class='ocrx_word' id='word_1_306' title='bbox 864 2077 966 2116; x_wconf 88' lang='lat' dir='ltr'><strong>quae</strong></span> <span class='ocrx_word' id='word_1_307' title='bbox 993 2062 1091 2100; x_wconf 83' lang='lat' dir='ltr'><strong>mihi</strong></span> <span class='ocrx_word' id='word_1_308' title='bbox 1115 2060 1362 2115; x_wconf 82' lang='lat' dir='ltr'><strong>probabilior</strong></span> <span class='ocrx_word' id='word_1_309' title='bbox 1394 2061 1581 2111; x_wconf 86' lang='lat' dir='ltr'><strong>videtur,</strong></span> <span class='ocrx_word' id='word_1_310' title='bbox 1616 2075 1733 2114; x_wconf 84' lang='lat' dir='ltr'><strong>expe-</strong></span> 
     </span>
     <span class='ocr_line' id='line_1_35' title="bbox 296 2115 1732 2172; baseline -0.003 -13"><span class='ocrx_word' id='word_1_311' title='bbox 296 2121 419 2159; x_wconf 89' lang='lat' dir='ltr'><strong>diam.</strong></span> <span class='ocrx_word' id='word_1_312' title='bbox 484 2120 666 2160; x_wconf 87' lang='lat' dir='ltr'><strong>Primum</strong></span> <span class='ocrx_word' id='word_1_313' title='bbox 718 2118 881 2172; x_wconf 90' lang='lat' dir='ltr'><strong>quidem</strong></span> <span class='ocrx_word' id='word_1_314' title='bbox 933 2117 974 2157; x_wconf 86' lang='lat' dir='ltr'><strong>id</strong></span> <span class='ocrx_word' id='word_1_315' title='bbox 1018 2115 1281 2171; x_wconf 88' lang='lat' dir='ltr'><strong>improbabile</strong></span> <span class='ocrx_word' id='word_1_316' title='bbox 1315 2116 1443 2156; x_wconf 84' lang='lat' dir='ltr'><strong>videri</strong></span> <span class='ocrx_word' id='word_1_317' title='bbox 1491 2123 1530 2155; x_wconf 82' lang='lat' dir='ltr'><strong>et</strong></span> <span class='ocrx_word' id='word_1_318' title='bbox 1573 2129 1732 2155; x_wconf 86' lang='lat' dir='ltr'><strong>causam</strong></span> 
     </span>
     <span class='ocr_line' id='line_1_36' title="bbox 295 2170 1734 2226; baseline -0.004 -11"><span class='ocrx_word' id='word_1_319' title='bbox 295 2184 476 2215; x_wconf 85' lang='lat' dir='ltr'><strong>nostram</strong></span> <span class='ocrx_word' id='word_1_320' title='bbox 497 2175 662 2214; x_wconf 84' lang='lat' dir='ltr'><strong>turbare</strong></span> <span class='ocrx_word' id='word_1_321' title='bbox 686 2188 768 2213; x_wconf 91' lang='lat' dir='ltr'><strong>non</strong></span> <span class='ocrx_word' id='word_1_322' title='bbox 799 2173 933 2225; x_wconf 85' lang='lat' dir='ltr'><strong>debet,</strong></span> <span class='ocrx_word' id='word_1_323' title='bbox 960 2173 1070 2226; x_wconf 89' lang='lat' dir='ltr'><strong>quod</strong></span> <span class='ocrx_word' id='word_1_324' title='bbox 1088 2188 1132 2212; x_wconf 77' lang='lat' dir='ltr'>w</span> <span class='ocrx_word' id='word_1_325' title='bbox 1149 2180 1188 2211; x_wconf 91' lang='lat' dir='ltr'><strong>et</strong></span> <span class='ocrx_word' id='word_1_326' title='bbox 1214 2173 1286 2210; x_wconf 86' lang='lat' dir='ltr'><strong>bet</strong></span> <span class='ocrx_word' id='word_1_327' title='bbox 1295 2172 1342 2221; x_wconf 86' lang='lat' dir='ltr'><em>f</em></span> <span class='ocrx_word' id='word_1_328' title='bbox 1360 2173 1584 2224; x_wconf 90' lang='lat' dir='ltr'><strong>promiscue</strong></span> <span class='ocrx_word' id='word_1_329' title='bbox 1607 2170 1734 2209; x_wconf 80' lang='lat' dir='ltr'><strong>habe-</strong></span> 
     </span>
     <span class='ocr_line' id='line_1_37' title="bbox 294 2226 1731 2283; baseline -0.004 -13"><span class='ocrx_word' id='word_1_330' title='bbox 294 2246 384 2271; x_wconf 87' lang='lat' dir='ltr'><strong>mus</strong></span> <span class='ocrx_word' id='word_1_331' title='bbox 400 2261 411 2283; x_wconf 89' lang='lat'>‚</span> <span class='ocrx_word' id='word_1_332' title='bbox 433 2231 680 2283; x_wconf 88' lang='lat' dir='ltr'><strong>dicimusque</strong></span> <span class='ocrx_word' id='word_1_333' title='bbox 695 2259 706 2278; x_wconf 90' lang='lat'>‚</span> <span class='ocrx_word' id='word_1_334' title='bbox 739 2243 763 2268; x_wconf 85' lang='lat' dir='ltr'><strong>a</strong></span> <span class='ocrx_word' id='word_1_335' title='bbox 783 2227 900 2267; x_wconf 86' lang='lat' dir='ltr'><strong>nobis</strong></span> <span class='ocrx_word' id='word_1_336' title='bbox 945 2228 1065 2267; x_wconf 89' lang='lat' dir='ltr'><strong>hodie</strong></span> <span class='ocrx_word' id='word_1_337' title='bbox 1095 2235 1133 2267; x_wconf 90' lang='lat' dir='ltr'><strong>et</strong></span> <span class='ocrx_word' id='word_1_338' title='bbox 1157 2227 1254 2266; x_wconf 87' lang='lat' dir='ltr'><strong>olim</strong></span> <span class='ocrx_word' id='word_1_339' title='bbox 1285 2227 1464 2266; x_wconf 87' lang='lat' dir='ltr'><strong>Francos</strong></span> <span class='ocrx_word' id='word_1_340' title='bbox 1493 2226 1618 2265; x_wconf 86' lang='lat' dir='ltr'><strong>dictos</strong></span> <span class='ocrx_word' id='word_1_341' title='bbox 1643 2239 1731 2264; x_wconf 88' lang='lat' dir='ltr'><strong>eos-</strong></span> 
     </span>
     <span class='ocr_line' id='line_1_38' title="bbox 296 2283 1734 2338; baseline -0.004 -14"><span class='ocrx_word' id='word_1_342' title='bbox 296 2287 389 2326; x_wconf 87' lang='lat' dir='ltr'><strong>dem</strong></span> <span class='ocrx_word' id='word_1_343' title='bbox 409 2301 501 2325; x_wconf 90' lang='lat' dir='ltr'><strong>cum</strong></span> <span class='ocrx_word' id='word_1_344' title='bbox 519 2286 708 2338; x_wconf 87' lang='lat' dir='ltr'><strong>Barangis</strong></span> <span class='ocrx_word' id='word_1_345' title='bbox 735 2292 774 2324; x_wconf 89' lang='lat' dir='ltr'><strong>et</strong></span> <span class='ocrx_word' id='word_1_346' title='bbox 794 2285 890 2322; x_wconf 91' lang='lat' dir='ltr'><strong>item</strong></span> <span class='ocrx_word' id='word_1_347' title='bbox 913 2297 1004 2322; x_wconf 91' lang='lat' dir='ltr'><strong>cum</strong></span> <span class='ocrx_word' id='word_1_348' title='bbox 1025 2284 1211 2337; x_wconf 81' lang='lat' dir='ltr'><strong>Waragis</strong></span> <span class='ocrx_word' id='word_1_349' title='bbox 1228 2297 1324 2322; x_wconf 60' lang='lat' dir='ltr'><strong>esse,</strong></span> <span class='ocrx_word' id='word_1_350' title='bbox 1370 2283 1475 2320; x_wconf 88' lang='lat' dir='ltr'><strong>Nam</strong></span> <span class='ocrx_word' id='word_1_351' title='bbox 1497 2295 1531 2320; x_wconf 91' lang='lat' dir='ltr'><strong>e.</strong></span> <span class='ocrx_word' id='word_1_352' title='bbox 1548 2295 1585 2319; x_wconf 93' lang='lat' dir='ltr'><strong>c.</strong></span> <span class='ocrx_word' id='word_1_353' title='bbox 1599 2309 1612 2329; x_wconf 89' lang='lat'>‚</span> <span class='ocrx_word' id='word_1_354' title='bbox 1631 2294 1734 2333; x_wconf 84' lang='lat' dir='ltr'><strong>quos</strong></span> 
     </span>
     <span class='ocr_line' id='line_1_39' title="bbox 295 2329 1730 2388; baseline -0.006 -7"><span class='ocrx_word' id='word_1_355' title='bbox 295 2356 369 2381; x_wconf 91' lang='lat' dir='ltr'><strong>nos</strong></span> <span class='ocrx_word' id='word_1_356' title='bbox 397 2342 517 2380; x_wconf 89' lang='lat' dir='ltr'><strong>hodie</strong></span> <span class='ocrx_word' id='word_1_357' title='bbox 549 2340 786 2379; x_wconf 69' lang='lat' dir='ltr'><strong>PVallaclzos</strong></span> <span class='ocrx_word' id='word_1_358' title='bbox 812 2339 997 2387; x_wconf 85' lang='lat' dir='ltr'><strong>dicimus,</strong></span> <span class='ocrx_word' id='word_1_359' title='bbox 1026 2353 1092 2378; x_wconf 85' lang='lat' dir='ltr'><strong>eos</strong></span> <span class='ocrx_word' id='word_1_360' title='bbox 1109 2339 1249 2378; x_wconf 88' lang='lat' dir='ltr'><strong>Graeci</strong></span> <span class='ocrx_word' id='word_1_361' title='bbox 1276 2334 1494 2388; x_wconf 79' lang='grc' dir='ltr'><em>Βλάγκους</em></span> <span class='ocrx_word' id='word_1_362' title='bbox 1513 2335 1576 2375; x_wconf 87' lang='lat' dir='ltr'><strong>vel</strong></span> <span class='ocrx_word' id='word_1_363' title='bbox 1590 2329 1730 2386; x_wconf 79' lang='grc' dir='ltr'><em>Βλὰγ-</em></span> 
     </span>
    </p>
   </div>
   <div class='ocr_carea' id='block_1_14' title="bbox 294 2395 1730 2789">
    <p class='ocr_par' dir='ltr' id='par_1_15' title="bbox 294 2395 1730 2789">
     <span class='ocr_line' id='line_1_40' title="bbox 294 2395 1730 2468; baseline -0.006 -22"><span class='ocrx_word' id='word_1_364' title='bbox 294 2421 400 2459; x_wconf 77' lang='grc' dir='ltr'><em>χους</em></span> <span class='ocrx_word' id='word_1_365' title='bbox 428 2406 654 2461; x_wconf 81' lang='lat' dir='ltr'><strong>appellant,</strong></span> <span class='ocrx_word' id='word_1_366' title='bbox 686 2405 839 2445; x_wconf 88' lang='lat' dir='ltr'><strong>Arabes</strong></span> <span class='ocrx_word' id='word_1_367' title='bbox 869 2395 1035 2468; x_wconf 33' lang='lat' dir='ltr'><strong>&amp;mis</strong></span> <span class='ocrx_word' id='word_1_368' title='bbox 1056 2404 1192 2460; x_wconf 80' lang='lat' dir='ltr'><strong>Aflak.</strong></span> <span class='ocrx_word' id='word_1_369' title='bbox 1262 2403 1419 2442; x_wconf 89' lang='lat' dir='ltr'><strong>Deinde</strong></span> <span class='ocrx_word' id='word_1_370' title='bbox 1456 2401 1534 2440; x_wconf 86' lang='lat' dir='ltr'><strong>hoc</strong></span> <span class='ocrx_word' id='word_1_371' title='bbox 1571 2414 1730 2454; x_wconf 89' lang='lat' dir='ltr'><strong>quoque</strong></span> 
     </span>
     <span class='ocr_line' id='line_1_41' title="bbox 295 2458 1728 2515; baseline -0.005 -15"><span class='ocrx_word' id='word_1_372' title='bbox 295 2463 462 2515; x_wconf 84' lang='lat' dir='ltr'><strong>perinde</strong></span> <span class='ocrx_word' id='word_1_373' title='bbox 477 2470 547 2512; x_wconf 87' lang='lat' dir='ltr'><strong>est,</strong></span> <span class='ocrx_word' id='word_1_374' title='bbox 584 2461 647 2501; x_wconf 83' lang='lat' dir='ltr'><em>W</em></span> <span class='ocrx_word' id='word_1_375' title='bbox 648 2476 792 2514; x_wconf 80' lang='lat' dir='ltr'><strong>aragus</strong></span> <span class='ocrx_word' id='word_1_376' title='bbox 821 2475 871 2499; x_wconf 89' lang='lat' dir='ltr'><strong>an</strong></span> <span class='ocrx_word' id='word_1_377' title='bbox 907 2460 1139 2513; x_wconf 71' lang='lat' dir='ltr'><strong>PVamngns</strong></span> <span class='ocrx_word' id='word_1_378' title='bbox 1154 2459 1306 2499; x_wconf 87' lang='lat' dir='ltr'><strong>efferas.</strong></span> <span class='ocrx_word' id='word_1_379' title='bbox 1359 2458 1589 2508; x_wconf 88' lang='lat' dir='ltr'><strong>Utrumque</strong></span> <span class='ocrx_word' id='word_1_380' title='bbox 1606 2462 1728 2505; x_wconf 85' lang='lat' dir='ltr'><strong>recte,</strong></span> 
     </span>
     <span class='ocr_line' id='line_1_42' title="bbox 296 2510 1726 2569; baseline -0.006 -13"><span class='ocrx_word' id='word_1_381' title='bbox 296 2517 380 2556; x_wconf 82' lang='lat' dir='ltr'><strong>sive</strong></span> <span class='ocrx_word' id='word_1_382' title='bbox 406 2532 451 2556; x_wconf 82' lang='lat' dir='ltr'><strong>ex</strong></span> <span class='ocrx_word' id='word_1_383' title='bbox 487 2531 599 2556; x_wconf 87' lang='lat' dir='ltr'><strong>more</strong></span> <span class='ocrx_word' id='word_1_384' title='bbox 633 2518 905 2564; x_wconf 84' lang='lat' dir='ltr'><strong>Graecorum,</strong></span> <span class='ocrx_word' id='word_1_385' title='bbox 945 2516 1027 2554; x_wconf 87' lang='lat' dir='ltr'><strong>sive</strong></span> <span class='ocrx_word' id='word_1_386' title='bbox 1056 2530 1100 2554; x_wconf 60' lang='lat' dir='ltr'><strong>ex</strong></span> <span class='ocrx_word' id='word_1_387' title='bbox 1123 2513 1374 2569; x_wconf 85' lang='lat' dir='ltr'><strong>etymologia.</strong></span> <span class='ocrx_word' id='word_1_388' title='bbox 1432 2510 1569 2551; x_wconf 87' lang='lat' dir='ltr'><strong>Solent</strong></span> <span class='ocrx_word' id='word_1_389' title='bbox 1580 2511 1726 2549; x_wconf 83' lang='lat' dir='ltr'><strong>Graeci</strong></span> 
     </span>
     <span class='ocr_line' id='line_1_43' title="bbox 297 2564 1723 2625; baseline -0.004 -17"><span class='ocrx_word' id='word_1_390' title='bbox 297 2585 324 2609; x_wconf 85' lang='lat' dir='ltr'><strong>n</strong></span> <span class='ocrx_word' id='word_1_391' title='bbox 362 2580 453 2610; x_wconf 86' lang='lat' dir='ltr'><strong>ante</strong></span> <span class='ocrx_word' id='word_1_392' title='bbox 497 2588 525 2624; x_wconf 83' lang='lat' dir='ltr'><em>g</em></span> <span class='ocrx_word' id='word_1_393' title='bbox 566 2574 820 2625; x_wconf 85' lang='lat' dir='ltr'><strong>interponere</strong></span> <span class='ocrx_word' id='word_1_394' title='bbox 862 2572 902 2608; x_wconf 90' lang='lat' dir='ltr'><strong>in</strong></span> <span class='ocrx_word' id='word_1_395' title='bbox 943 2571 1171 2609; x_wconf 79' lang='lat' dir='ltr'><strong>nominibus</strong></span> <span class='ocrx_word' id='word_1_396' title='bbox 1215 2570 1390 2623; x_wconf 84' lang='lat' dir='ltr'><strong>gentium</strong></span> <span class='ocrx_word' id='word_1_397' title='bbox 1418 2573 1457 2604; x_wconf 85' lang='lat' dir='ltr'><strong>et</strong></span> <span class='ocrx_word' id='word_1_398' title='bbox 1485 2564 1585 2603; x_wconf 86' lang='lat' dir='ltr'><strong>aliis.</strong></span> <span class='ocrx_word' id='word_1_399' title='bbox 1640 2565 1723 2612; x_wconf 89' lang='lat' dir='ltr'><strong>Ut,</strong></span> 
     </span>
     <span class='ocr_line' id='line_1_44' title="bbox 298 2620 1727 2679; baseline -0.001 -17"><span class='ocrx_word' id='word_1_400' title='bbox 298 2627 406 2677; x_wconf 85' lang='lat' dir='ltr'><strong>quod</strong></span> <span class='ocrx_word' id='word_1_401' title='bbox 427 2628 545 2665; x_wconf 87' lang='lat' dir='ltr'><strong>modo</strong></span> <span class='ocrx_word' id='word_1_402' title='bbox 565 2626 737 2665; x_wconf 79' lang='lat' dir='ltr'><strong>citabam</strong></span> <span class='ocrx_word' id='word_1_403' title='bbox 763 2625 985 2679; x_wconf 80' lang='lat' dir='ltr'><strong>exemplum</strong></span> <span class='ocrx_word' id='word_1_404' title='bbox 1003 2657 1012 2673; x_wconf 83' lang='lat'>‚</span> <span class='ocrx_word' id='word_1_405' title='bbox 1046 2622 1265 2676; x_wconf 83' lang='grc' dir='ltr'><em>Βλάγχους</em></span> <span class='ocrx_word' id='word_1_406' title='bbox 1290 2620 1501 2675; x_wconf 82' lang='lat' dir='ltr'><strong>appellant,</strong></span> <span class='ocrx_word' id='word_1_407' title='bbox 1533 2634 1633 2673; x_wconf 92' lang='lat' dir='ltr'><strong>quos</strong></span> <span class='ocrx_word' id='word_1_408' title='bbox 1660 2620 1727 2660; x_wconf 89' lang='lat' dir='ltr'><strong>alii</strong></span> 
     </span>
     <span class='ocr_line' id='line_1_45' title="bbox 297 2675 1726 2733; baseline -0.002 -16"><span class='ocrx_word' id='word_1_409' title='bbox 297 2687 336 2718; x_wconf 86' lang='lat' dir='ltr'><strong>et</strong></span> <span class='ocrx_word' id='word_1_410' title='bbox 366 2681 438 2732; x_wconf 86' lang='lat' dir='ltr'><strong>ipsi</strong></span> <span class='ocrx_word' id='word_1_411' title='bbox 472 2696 511 2720; x_wconf 90' lang='lat' dir='ltr'><strong>se</strong></span> <span class='ocrx_word' id='word_1_412' title='bbox 548 2683 741 2730; x_wconf 67' lang='lat' dir='ltr'><strong>Blacl2035</strong></span> <span class='ocrx_word' id='word_1_413' title='bbox 785 2684 878 2720; x_wconf 87' lang='lat' dir='ltr'><strong>item</strong></span> <span class='ocrx_word' id='word_1_414' title='bbox 917 2681 984 2733; x_wconf 87' lang='lat' dir='ltr'><strong>qui</strong></span> <span class='ocrx_word' id='word_1_415' title='bbox 1018 2681 1179 2733; x_wconf 79' lang='lat' dir='ltr'><strong>proprie</strong></span> <span class='ocrx_word' id='word_1_416' title='bbox 1205 2677 1315 2730; x_wconf 17' lang='lat' dir='ltr'><em>*Ugn’</em></span> <span class='ocrx_word' id='word_1_417' title='bbox 1345 2683 1464 2727; x_wconf 83' lang='lat' dir='ltr'><strong>sunt,</strong></span> <span class='ocrx_word' id='word_1_418' title='bbox 1493 2689 1560 2714; x_wconf 86' lang='lat' dir='ltr'><strong>eos</strong></span> <span class='ocrx_word' id='word_1_419' title='bbox 1582 2675 1726 2714; x_wconf 83' lang='lat' dir='ltr'><strong>Graeci</strong></span> 
     </span>
     <span class='ocr_line' id='line_1_46' title="bbox 297 2729 1722 2789; baseline -0.003 -16"><span class='ocrx_word' id='word_1_420' title='bbox 297 2742 334 2773; x_wconf 84' lang='lat' dir='ltr'><strong>et</strong></span> <span class='ocrx_word' id='word_1_421' title='bbox 384 2749 456 2774; x_wconf 89' lang='lat' dir='ltr'><strong>nos</strong></span> <span class='ocrx_word' id='word_1_422' title='bbox 490 2737 541 2775; x_wconf 82' lang='lat' dir='ltr'><strong>ad</strong></span> <span class='ocrx_word' id='word_1_423' title='bbox 582 2737 756 2789; x_wconf 85' lang='lat' dir='ltr'><strong>ipsorum</strong></span> <span class='ocrx_word' id='word_1_424' title='bbox 777 2734 997 2788; x_wconf 82' lang='lat' dir='ltr'><strong>exemplum</strong></span> <span class='ocrx_word' id='word_1_425' title='bbox 1042 2734 1214 2786; x_wconf 55' lang='lat' dir='ltr'><strong>&amp;tgr-05,</strong></span> <span class='ocrx_word' id='word_1_426' title='bbox 1263 2731 1438 2784; x_wconf 75' lang='lat' dir='ltr'><strong>Ungatvs</strong></span> <span class='ocrx_word' id='word_1_427' title='bbox 1466 2729 1722 2785; x_wconf 83' lang='lat' dir='ltr'><strong>appellamus.</strong></span> 
     </span>
    </p>
   </div>
   <div class='ocr_carea' id='block_1_15' title="bbox 1794 719 1838 749">
    <p class='ocr_par' dir='ltr' id='par_1_16' title="bbox 1794 719 1838 749">
     <span class='ocr_line' id='line_1_47' title="bbox 1794 719 1838 749; baseline 0 -15"><span class='ocrx_word' id='word_1_428' title='bbox 1794 719 1838 749; x_wconf 37' lang='grc' dir='ltr'>χ</span> 
     </span>
    </p>
   </div>
  </div>
 </body>
</html>
