1884 3132
182 184 255 226 An
299 181 592 224 col-istm.
616 180 810 221 roura.
847 179 920 218 m:
954 176 1133 218 cmm.
1174 178 1272 217 un.
1316 178 1367 217 11.
1409 154 1529 232 873⁴

106 283 290 326 GPtanae
315 285 430 324 Musa
457 285 606 336 egisse,
645 290 715 321 aut
756 283 886 335 potius
909 287 1184 334 argumentum
1213 279 1288 319 hoc
1304 309 1317 330 ,
1353 279 1404 319 de
1443 293 1524 334 quo

104 355 314 406 perparum
350 338 560 383 novimus,
602 339 785 391 attigisse.
843 335 1043 374 Inficetam
1072 349 1159 374 eam
1186 335 1303 374 fuisse
1338 342 1378 374 et
1405 348 1526 388 sapu-

105 410 182 434 isse
203 397 288 434 aevi
315 396 375 432 sui
403 407 471 431 rus
499 399 617 445 atque
643 406 782 444 nugas,
802 390 1004 443 probabile
1031 397 1101 429 est.
1153 389 1384 442 Spectacula
1410 390 1524 429 thea-

103 449 220 490 tralia
247 448 414 488 edidisse
443 454 592 486 veteres
619 448 747 499 lmpp.
776 446 974 484 Romanos
1002 446 1105 484 inter
1131 445 1266 497 epulas
1292 458 1398 494 suas,
1428 458 1526 483 con-

104 512 183 544 stat
211 518 234 542 e
269 503 466 555 Spartiani
515 502 716 540 Hadriano
751 515 789 553 p.
827 499 920 539 215.
942 514 954 538 ε
1003 501 1044 538 in
1071 500 1250 539 convivio
1285 499 1524 552 tragoedias,

105 558 348 604 comoedias,
390 556 595 596 Atellanas
608 585 620 605 ,
649 556 871 601 sambucaS,
906 555 1060 593 lectores
1075 584 1085 602 ,
1107 556 1244 607 poe'tas
1258 568 1335 608 pro
1360 569 1400 592 se
1428 569 1533 593 sem·

101 627 180 667 pet·
199 611 387 651 eaehihuit.
440 611 674 650 secutorum
705 610 990 661 Imperatorum
1015 607 1223 662 plerosque
1249 622 1331 647 non
1357 611 1532 647 arcuisse

107 667 190 706 suis
221 681 245 705 a
280 666 472 704 conviviis
522 665 693 703 scenicas
728 664 975 716 voluptates,
1014 663 1212 717 colligitur
1250 677 1273 702 e
1310 664 1530 716 Lampridii

107 720 335 761 Alexandro
366 719 540 769 Severo,
582 720 632 757 de
672 733 751 772 quo
781 717 845 757 ille
881 725 1071 771 tanquam
1108 717 1305 771 peculiare
1341 718 1438 772 quid
1466 732 1532 757 re-

108 776 185 815 fiert
200 805 211 823 ,
257 773 364 828 quod
398 774 614 827 voluptates
657 774 823 812 scenicas
850 775 892 812 in
923 775 1104 812 convivio
1140 787 1335 827 nunquam
1369 772 1526 821 habuit,

109 830 182 869 sed
202 843 352 869 sumrna
373 829 438 867 illi
459 829 656 867 oblectatio
659 829 750 880 fiu't
766 857 778 878 ,
811 836 852 866 ut
871 829 992 866 catuli
1018 842 1102 866 cum
1124 828 1307 882 porcellis
1329 827 1506 867 luderent
1515 849 1537 877 ‚>

108 893 178 923 aut
195 884 374 939 perdices
403 884 504 921 inter·
529 898 569 922 se
590 891 821 938 pugnarent.
874 882 972 922 Late
998 890 1104 935 patet
1131 897 1204 921 vox
1235 881 1396 934 θυμέλη
1423 882 1531 935 apud

110 952 236 977 novos
264 939 449 977 Graecos.
504 937 596 976 Non
622 937 751 976 solum
773 937 995 976 comoedias
1022 944 1061 976 et
1087 937 1306 990 tragoedias
1321 937 1530 990 significat,

110 994 223 1047 (quas
249 994 283 1032 si
310 1006 335 1031 a
373 991 503 1030 medio
539 1005 639 1030 aevo
666 992 796 1030 saltim
823 991 1046 1030 tolerabiles
1076 994 1310 1045 requirimus
1337 999 1376 1030 et
1398 1005 1532 1045 exspe-

114 1055 281 1095 ctamus,
313 1046 496 1085 videmur
512 1047 698 1084 iniuriam
727 1045 781 1084 illi
810 1045 978 1096 facere‚)
1007 1046 1073 1085 sed
1095 1049 1226 1095 etiam,
1253 1047 1372 1099 idque
1390 1047 1531 1098 magis,

112 1102 262 1148 omnia,
293 1114 394 1154 quae
421 1100 558 1139 auditu
586 1108 843 1154 spectataque
872 1100 1066 1140 delectare
1087 1107 1286 1154 poterant,
1315 1108 1362 1140 ut
1378 1100 1533 1139 Atella-

110 1169 182 1195 nas
233 1169 303 1195 seu
342 1161 525 1194 centones
553 1169 577 1194 e
604 1155 833 1194 scurrilibus
860 1155 976 1195 dictis
1019 1163 1059 1195 et
1085 1157 1298 1201 conviciis,
1340 1157 1532 1194 musicam

111 1209 290 1249 vocalem
326 1210 617 1248 instrumentali
654 1213 854 1258 iunctam,
895 1213 1199 1262 petauristarum
1219 1240 1231 1257 ,
1273 1209 1534 1249 funambulo-

111 1266 203 1304 rum
229 1263 477 1316 aliorumque
503 1272 729 1316 agyrtarum
755 1259 955 1314 θαύματα
975 1294 988 1314 ,
1015 1265 1147 1318 qualia
1174 1267 1214 1303 in
1242 1265 1375 1318 epulas
1401 1265 1533 1304 medio

114 1332 218 1363 aevo?
238 1318 355 1357 fuisse
380 1318 607 1356 introducta
634 1326 672 1357 et
700 1333 721 1356 e
747 1332 870 1357 coena
897 1319 1227 1369 Trimalchionis,
1274 1334 1376 1373 quae
1402 1321 1533 1373 sequi-

114 1374 194 1412 oris
224 1373 312 1411 aevi
339 1372 490 1411 fructus
515 1380 573 1411 est
591 1402 603 1423 ,
635 1381 675 1411 et
701 1387 723 1411 e
750 1371 846 1410 ludo
876 1373 1073 1424 Gothico,
1116 1375 1165 1412 de
1191 1387 1272 1426 quo
1310 1375 1454 1413 Noster
1488 1390 1531 1427 p.

115 1441 209 1466 222.
236 1433 396 1475 narrat,
426 1433 590 1465 constat.
645 1428 700 1465 Et
728 1427 778 1465 de
804 1426 866 1467 his
888 1427 1035 1467 talibus
1059 1429 1173 1480 nugis
1197 1429 1329 1480 potius
1354 1428 1420 1467 hic
1453 1427 1533 1467 loci

112 1488 211 1535 puto
229 1483 441 1520 dictionem
467 1476 691 1529 θυμελικὸν
717 1494 758 1518 τι
788 1482 960 1533 πρᾶγμα
979 1483 1247 1534 accipiendum
1278 1497 1383 1531 esse,
1413 1497 1534 1535 quam

113 1535 165 1574 de
191 1535 434 1574 dramatibus
462 1536 643 1587 poeticis,
672 1549 832 1588 prorsus
858 1542 904 1574 ut
932 1534 1126 1587 α’κρόαμα
1154 1544 1210 1575 est
1237 1551 1353 1577 omne
1380 1544 1535 1591 specta-

114 1590 248 1628 culum
277 1589 521 1636 exhilarans,
550 1597 595 1628 ut
623 1590 790 1629 Casaub.
816 1590 866 1628 ad
895 1590 1045 1629 Athen.
1076 1593 1244 1630 monuit.

194 1645 290 1694 431.
308 1644 359 1683 A.
381 1659 471 1697 pen.
487 1643 603 1698 [744
622 1645 677 1697 7.]
707 1648 790 1690 τοῖς
818 1642 1077 1697 ῥωμαΐζουσι
1101 1644 1349 1696 βουκαλίοις.
1381 1645 1534 1696 Quam-

114 1698 174 1737 vis
211 1700 306 1737 novi
343 1699 483 1737 Graeci
520 1699 721 1737 Romanos
759 1712 800 1737 se
839 1699 1039 1751 appellent
1088 1707 1126 1738 et
1166 1714 1310 1738 nomen
1331 1695 1534 1752 Ἑλλήνων

114 1759 163 1791 ut
193 1753 339 1792 infame
365 1753 558 1801 devitent,
592 1755 695 1803 (nam
723 1754 791 1805 qui
811 1749 983 1805 Ἕλληνα
1012 1754 1211 1807 quendam
1236 1768 1374 1808 eorum
1395 1754 1545 1807 appel-·

114 1805 216 1845 laret
232 1836 245 1857 ,
273 1809 307 1846 is
333 1807 440 1846 haud
469 1808 663 1846 minorem
693 1808 767 1845 sibi
797 1807 941 1846 factam
966 1808 1142 1847 crederet
1160 1810 1343 1847 iniuriam
1366 1837 1379 1858 ,
1411 1823 1532 1861 quam

68 1875 70 1877 ·
114 1861 148 1899 si
174 1860 409 1911 idololatra,
442 1863 611 1914 impius,
642 1861 851 1913 sacrilegus
878 1861 1010 1901 fuisset
1037 1863 1165 1902 dictus
1183 1866 1209 1913 ,)
1243 1870 1415 1902 attamen
1451 1877 1534 1902 ser-

114 1929 272 1954 monem
299 1930 415 1954 suum
438 1912 666 1967 Ἑλληνικὸν
689 1915 908 1969 appellant,
932 1911 1137 1967 Ῥωμαῖον
1160 1924 1292 1956 autem
1315 1918 1528 1967 Latinum,

113 1976 154 2007 et
182 1964 410 2021 ῥωμαΐζειν
437 1969 574 2008 dicunt
601 1971 740 2008 Latine
767 1970 983 2023 loquentes.
1038 1972 1097 2009 Ita
1125 1972 1294 2010 Photius
1323 1973 1364 2009 in
1383 1972 1533 2011 Excer-

112 2024 192 2075 ptis
222 2024 326 2062 vitae
353 2025 532 2076 Gregorii
561 2024 618 2062 M.
649 2039 691 2077 p.
713 2024 802 2078 760.
829 2025 906 2063 fine
932 2025 1106 2078 dialogos
1133 2027 1215 2064 eius
1242 2027 1296 2064 ait
1323 2027 1501 2065 Romana
1517 2054 1528 2073 ,

111 2077 192 2116 hoc
231 2084 290 2116 est
316 2079 474 2128 Latina,
509 2077 640 2131 lingua
670 2078 709 2117 in
737 2093 984 2118 communem
1007 2094 1123 2118 usum
1150 2079 1333 2119 ecclesiae
1360 2081 1533 2119 Graecae

111 2146 323 2171 conversos
363 2133 508 2171 fuisse:
547 2131 765 2184 Ζαχαρίας
803 2155 856 2162 -
895 2130 970 2186 τήν
1007 2133 1052 2173 ἐν
1088 2133 1139 2187 τῇ
1176 2132 1388 2187 Ῥωμαϊκῇ
1423 2131 1530 2188 μόνῃ

112 2185 426 2238 συγκλειομὲνην
453 2185 602 2237 γνῶσιν
626 2187 697 2226 καί
722 2185 926 2239 ὠφέλειαν
953 2185 1011 2234 εἷς
1037 2184 1113 2239 τὴν
1138 2185 1313 2226 Ἑλλάδα
1339 2189 1532 2239 γλῶσσαν

114 2234 356 2286 &manicas-
394 2238 531 2278 κοινὸν
569 2237 616 2279 rc}
656 2239 798 2290 κέρδος
835 2241 886 2293 τῇ
913 2240 1125 2294 οἰκουμένῃ
1155 2241 1266 2295 πάσῃ
1296 2239 1532 2294 ἐποιήσατο.

113 2293 284 2345 Vigcbat
309 2293 405 2332 olim
435 2295 599 2332 Latmus
631 2309 759 2332 sermo
785 2296 824 2333 in
855 2294 946 2333 aula
973 2296 1185 2348 Byzantina
1218 2303 1396 2348 tempore
1423 2296 1533 2334 Con-

114 2347 278 2386 stantini
308 2348 381 2397 M.,
408 2347 550 2387 deiude
577 2351 718 2387 sensim
735 2349 1023 2397 'desuescebat‚
1061 2350 1295 2402 quibusdam
1318 2350 1534 2402 Imperato-

114 2402 251 2448 ribus,
284 2409 328 2440 ut
354 2401 508 2441 Iuliano
526 2432 537 2452 ,
582 2403 734 2442 Graeco
765 2405 934 2442 sermoni
962 2405 1110 2455 magis,
1157 2418 1277 2456 quam
1304 2404 1446 2443 Latino
1472 2404 1533 2443 fa-

115 2455 328 2505 ventibus,
355 2458 536 2509 quamvis
563 2455 629 2494 alii
660 2465 810 2501 essent,
855 2459 923 2510 qui
951 2458 1146 2496 Graecum
1173 2472 1333 2510 prorsus
1363 2473 1445 2498 non
1469 2460 1534 2498 in-

113 2509 362 2562 telligerent,
392 2517 437 2548 ut
463 2510 698 2550 Valerianus
728 2518 766 2549 et
792 2511 964 2558 Valens,
995 2512 1102 2564 quod
1131 2526 1175 2550 ex
1192 2512 1410 2552 Themistio
1437 2527 1533 2551 con-

117 2569 208 2601 stat.
265 2564 382 2602 Brevi
408 2578 566 2616 prorsus
594 2565 832 2603 cxolescebat
857 2566 1046 2612 Latinus,
1094 2573 1140 2604 ut
1167 2580 1322 2605 necesse
1350 2573 1450 2606 esset
1477 2566 1534 2605 le-

115 2629 208 2667 ges,
251 2631 354 2670 quae
393 2632 436 2655 ex
465 2622 628 2670 antiquo
658 2633 765 2658 more
806 2619 1097 2658 conservandae
1137 2621 1327 2659 maiestati
1367 2621 1535 2660 Romani

120 2669 273 2722 imperii
302 2673 466 2711 Latinae
498 2674 816 2726 proponebantur
831 2703 842 2719 ‚
884 2673 1002 2712 simul
1028 2687 1186 2727 quoque
1212 2676 1360 2714 Graece
1390 2689 1535 2729 propo·

119 2723 163 2761 ni
175 2752 190 2772 ,
217 2730 259 2764 et
283 2726 479 2767 orationes
494 2755 507 2779 ,
535 2740 636 2783 quae
662 2727 714 2767 ad
741 2727 885 2769 milites
909 2735 948 2768 et
973 2734 1152 2768 senatum
1178 2742 1203 2769 a
1230 2742 1336 2771 novo
1361 2730 1534 2786 impera·
