1832 3126
319 150 430 224 ι94
626 166 700 208 ιο.
741 166 846 210 xA.c
886 150 1081 209 RExsKn
1124 165 1519 218 COMMENTARn-

312 271 506 337 protrxm'c
534 285 578 309 ιη
589 267 770 334 fluvium
795 279 833 309 et
854 269 914 308 ad
933 271 1085 324 pisca,-
1130 269 1227 308 item
1263 268 1402 323 p.45.
1431 283 1475 310 n.
1502 269 1780 312 235.11v90t

318 324 393 365 καί
421 325 559 381 ἰσθμῶ
589 321 790 375 ὲκωμασα
803 355 816 376 ,
869 325 1041 364 Jularem
1080 339 1289 364 excursum
1310 326 1411 379 jeci
1442 325 1503 366 ad
1539 327 1692 379 Pythia
1734 337 1774 369 ει

314 381 500 420 Isthmia.
559 381 661 419 Item
687 396 729 434 p.
761 395 828 435 7ο.
858 395 902 419 n.
930 379 1028 420 355.

423 444 484 486 ‘H
509 446 544 486 δ’
577 443 729 500 ἐδάφει
760 447 975 486 κλινθεῖσα
1000 445 1219 486 κατέκτανε
1251 445 1386 487 παῖδα
1412 446 1615 488 πεσοῦσα.

316 513 384 552 Sic
416 512 607 567 legendus
639 512 708 552 ille
735 511 871 560 locus,
912 512 955 551 id
987 519 1047 551 est
1084 510 1143 559 εἷς
1171 509 1352 566 ἔδαφος,
1407 513 1482 552 illa
1507 526 1605 553 vero
1639 526 1774 554 versus

317 569 443 608 solum
478 569 670 607 inclinata
684 597 695 617 ‚
747 570 906 607 necavit
932 582 1000 607 ,ςιιο
1030 582 1121 606 casu
1147 582 1330 622 puerum.
1390 567 1557 609 Arrian.
1594 569 1769 638 Epictet.

318 624 428 663 Diss.
453 626 612 678 saepius
650 624 778 662 utitur
812 623 987 662 formula
1017 625 1135 661 ποιεῖ’
1164 636 1253 673 μοι,
1272 625 1387 675 faczt
1416 621 1519 677 πρὸς
1551 623 1650 675 ἐμὲ,
1693 622 1773 664 hoc

318 694 439 718 curae
461 687 500 718 et
521 679 635 718 cordi
660 679 762 717 mihi
789 685 862 717 est.
923 679 1016 717 Nice
1046 678 1171 716 horus
1194 678 1306 716 Patr.
1342 677 1440 717 CPl.
1467 679 1647 719 Bxeviar.
1674 692 1769 744 pag.

317 749 388 789 92
421 749 490 788 9.·
523 732 750 785 ἀνέρχεται
777 727 868 783 ἅιια
899 729 1067 787 Πύρρω
1095 733 1154 771 τσῦ
1182 727 1346 783 αἰιβωνι
1381 747 1456 799 pro
1487 732 1546 781 εἷς
1576 730 1652 774 τὸν
1687 727 1773 784 ἆμ-

316 791 450 841 βωνα.
505 790 676 830 Photius
701 787 806 827 Bibl.
847 803 889 842 p.
931 790 1019 828 103.
1053 801 1120 827 2ο.
1139 801 1150 826 :
1181 801 1497 828 στασιασαντων
1537 783 1653 856 αυτῶ
1683 788 1771 828 τῶν

317 843 535 908 δυσμικῶν
562 843 792 897 Γαλατῶν,
827 842 1277 895 διαπρεσβευσαμένων
1305 856 1350 881 τε
1383 839 1525 883 αὖτῶν
1542 857 1612 883 και
1627 828 1775 884 “Oduci-

317 914 422 964 κρου
452 896 553 953 πρὸς
576 874 792 951 Ζήνωνα,
810 896 1022 953 Ὀδοιέκρῳ
1053 898 1122 952 [ἰά
1154 904 1213 937 est
1237 893 1344 950 πρός
1371 894 1445 938 τὸν
1471 896 1555 940 Ὀδ.
1565 897 1582 953 ]
1613 899 1775 948 μᾶλλον

318 950 341 993 ὃ
346 935 521 1006 Ζήνων
553 952 785 994 dne'nlhvev
844 953 965 992 Anna
988 954 1195 992 comnena
1220 952 1335 991 Alex.
1359 967 1400 1007 p.
1427 967 1496 1008 77.
1523 954 1577 992 D.
1599 953 1641 993 6.
1659 968 1671 993 2
1701 967 1775 992 κυ-
1824 960 1827 965 “

318 1008 525 1062 νηγεσιόις
559 1007 770 1060 ἐπένευον,
792 1009 857 1048 ad
882 1019 1107 1048 venatzones
1140 1009 1396 1048 inclinabant.
1454 1009 1508 1048 V.
1541 1009 1769 1048 Casaubon.

318 1066 372 1104 ad
392 1064 543 1104 Athen.
569 1080 612 1118 p.
639 1077 727 1103 112.
747 1093 759 1114 ‚
786 1064 858 1103 ubi
880 1064 1049 1118 explicat
1067 1057 1246 1116 ω’ραισιν
1266 1060 1435 1105 ἱκέσθαι
1454 1078 1530 1118 pro
1554 1062 1616 1111 εἰς
1643 1058 1773 1116 ω’ρας,

318 1121 378 1160 ad
403 1121 570 1159 alteram
600 1128 782 1158 aestatem
813 1121 986 1159 vivendo
1018 1134 1244 1187 pervemre.
1304 1119 1415 1158 Infra
1447 1119 1554 1174 apud
1577 1119 1774 1158 Nostrum

318 1190 361 1229 p.
388 1175 482 1215 352.
507 1176 553 1213 Β
584 1189 646 1213 xo.
673 1187 811 1214 ανεισι
831 1174 924 1221 ταῖς·
952 1172 1230 1242 προρρηθεϊσι
1248 1170 1461 1239 βάθραις,
1489 1175 1561 1214 ubi
1579 1181 1619 1213 et
1636 1169 1775 1214 ἄνεισι

318 1233 414 1276 ταῖς
429 1227 613 1294 βάθραις
644 1230 868 1268 notandum
886 1245 976 1297 pxo
1011 1229 1070 1276 εἰς
1096 1225 1173 1276 τὰς
1200 1225 1370 1282 βάθροις
1406 1237 1446 1269 et
1472 1233 1565 1277 ταῖς
1596 1224 1776 1283 n9o9'917-

318 1286 433 1324 θεῖσι
462 1280 647 1337 βάθραις
678 1299 752 1338 pro
790 1278 1139 1349 προρρηθείσαις.
1195 1285 1283 1323 Non
1310 1284 1484 1324 insolens
1503 1285 1546 1324 id
1571 1292 1628 1324 est
1656 1285 1775 1323 novis

320 1340 508 1387 Graecis,
540 1354 671 1393 neque
690 1354 793 1393 opus
815 1344 902 1387 τοῖς
921 1364 942 1370 -
965 1363 986 1370 -
1004 1338 1184 1391 βάθροις
1206 1340 1280 1379 isto
1302 1338 1390 1378 loco
1415 1354 1623 1393 reponere.
1682 1339 1776 1379 Pos-

321 1403 381 1435 set
407 1396 592 1434 immanis
611 1395 758 1434 ,talium
790 1402 918 1435 strues
948 1395 1140 1434 construi.
1199 1395 1277 1434 Sed
1298 1402 1488 1448 poterunt
1514 1395 1639 1443 haec,
1672 1408 1776 1448 quae

321 1451 398 1490 sub
426 1465 570 1490 manus
603 1458 803 1490 venerunt
819 1481 830 1498 ‚
877 1450 1057 1503 exempla
1087 1448 1267 1489 sufficere
1302 1450 1355 1488 ad
1386 1451 1635 1505 probandam
1662 1463 1774 1502 rem,

320 1506 372 1546 de
389 1521 474 1560 qua
504 1519 622 1545 nemo
647 1506 727 1546 fexe
751 1506 924 1546 dubitat.
984 1507 1088 1545 Tam
1121 1512 1180 1544 est
1206 1506 1340 1545 obvia.

433 1571 485 1611 A.
501 1570 576 1610 ult.
603 1570 690 1627 [87,
712 1571 783 1640 x.]
825 1571 1027 1612 ἵστανται.
1082 1573 1142 1613 Μ.
1178 1568 1343 1613 ἵσταται
1353 1602 1367 1624 ,
1391 1586 1498 1630 quae
1518 1573 1638 1613 etiam
1670 1585 1775 1627 pun-

324 1634 436 1667 ctum
462 1634 554 1680 post
580 1624 789 1681 τρικλίνου
822 1629 962 1682 figunt.

434 1693 481 1731 B.
497 1707 590 1746 pen.
608 1693 695 1748 [87‚
716 1693 796 1748 10.]
829 1690 881 1734 τὰ
910 1693 1058 1734 σκῦλα.
1114 1695 1340 1746 Palatium,
1381 1701 1451 1734 aut
1479 1694 1632 1744 tux-ris,
1671 1693 1778 1734 inter

321 1747 545 1787 triclinium
583 1749 794 1789 Iustiniani
824 1758 863 1789 et
889 1750 1079 1799 Circum,
1123 1750 1174 1790 de
1207 1765 1288 1805 quo
1318 1750 1388 1791 vid
1414 1752 1481 1790 Du
1511 1724 1644 1803 Gange
1673 1749 1772 1789 CPl.

324 1803 475 1842 Chxist.
519 1818 560 1858 p.
600 1803 691 1859 178.
730 1806 821 1844 Lib.
853 1806 905 1845 ΙΙ.
947 1807 1220 1859 Luitplandus
1253 1821 1305 1872 p.
1328 1804 1423 1860 479.
1443 1806 1491 1844 Β.
1534 1805 1674 1870 Scylla
1717 1803 1773 1858 (f.

322 1858 487 1911 Scylla)
530 1837 719 1912 appellat.
777 1861 881 1901 Eine
914 1862 1139 1914 pxaefectus
1171 1861 1250 1900 fuit
1285 1858 1306 1899 ὃ
1331 1855 1649 1912 Σκυλλομάγγος
1685 1860 1776 1912 (in-

322 1920 384 1952 ter
386 1914 484 1953 dum
514 1917 626 1953 enim
651 1917 808 1969 gemino
830 1918 852 1955 7.
878 1919 1071 1969 scriptum
1100 1915 1332 1969 reperitu1)‚
1375 1915 1425 1954 de
1459 1929 1540 1968 quo
1568 1916 1690 1954 Goar.
1722 1914 1776 1955 ad

324 1969 470 2008 Codiu.
498 1984 538 2022 p.
569 1970 636 2024 76.
668 1985 711 2009 n.
743 1971 822 2025 72?
864 1972 988 2011 Foxte
1019 1972 1095 2010 fuit
1127 1972 1387 2011 εοηᾱιιονίιιιη
1417 1971 1631 2025 spoliorum
1655 1970 1777 2010 hosti-

322 2022 401 2063 bus
420 2025 695 2075 ademtorum‚
733 2026 842 2065 unde
864 2025 923 2065 illi
951 2041 1115 2065 nomen.
1173 2026 1241 2065 Du
1266 2026 1400 2079 Cange
1427 2033 1543 2079 putat
1575 2038 1777 2065 carcerem

322 2078 459 2118 fuisse.
521 2081 570 2119 P.
605 2080 696 2120 162.
725 2082 771 2119 B.
805 2095 839 2119 ι.
871 2081 1009 2120 Nostxi
1049 2082 1239 2120 dicuntur
1279 2082 1322 2119 in
1362 2095 1409 2119 eo
1443 2089 1572 2120 vestes
1601 2093 1776 2121 asserva-

323 2141 390 2173 tae
413 2134 534 2174 fuisse
562 2149 776 2188 procerum
807 2150 899 2174 cum
920 2133 1164 2189 lxnpexatoxe
1191 2137 1520 2186 convivantium,
1550 2135 1677 2175 donec
1708 2151 1775 2175 ex-

322 2189 511 2243 sulgendi
546 2197 705 2244 tempus
735 2198 850 2230 esset.
912 2192 1063 2230 Indene
1098 2192 1219 2245 igitur
1244 2192 1333 2231 loco
1359 2204 1541 2242 nomen,
1581 2191 1691 2244 quod
1719 2187 1771 2231 τὰ

322 2245 481 2294 σκῦλα,
511 2245 552 2283 id
579 2253 638 2286 est
666 2253 804 2284 exutae
829 2253 983 2294 v‚estes
1015 2247 1071 2285 ibi
1095 2254 1419 2286 asservarssentux
1409 2277 1420 2298 ‚
1476 2259 1533 2285 an
1559 2246 1741 2306 propius
1749 2259 1775 2285 a

324 2313 424 2339 vero
447 2300 558 2338 abest
582 2301 843 2351 coniectura,
882 2301 1017 2340 locum
1043 2302 1098 2341 sic
1123 2303 1243 2342 fuisse
1269 2303 1422 2341 dictum
1445 2301 1497 2340 ab
1523 2313 1647 2340 aenea
1673 2300 1776 2340 ima·
1828 2347 1832 2349 ¹

324 2356 417 2406 gine
445 2354 601 2409 Scyllae
627 2355 685 2395 ibi
717 2363 873 2403 erecta,
914 2357 1024 2410 quod
1054 2371 1099 2396 ex
1127 2358 1270 2396 ultimo
1299 2359 1583 2411 epigxammate
1604 2369 1655 2411 Ρ.
1682 2355 1774 2397 185.

326 2409 600 2464 Antlxologiae
631 2411 705 2451 Gr.
735 2412 799 2450 ed.
834 2412 888 2450 H.
916 2411 1110 2465 Stephani
1140 2412 1283 2467 colligo
1300 2417 1320 2452 ⁴?

435 2477 481 2515 Β.
512 2477 574 2516 13.
598 2476 686 2544 [87‚
713 2476 798 2540 12.]
827 2476 1110 2544 μανδάτωρες.
1139 2478 1396 2518 Mandatores
1424 2476 1467 2517 in
1490 2475 1663 2517 exercitu
1679 2483 1774 2542 sunt

327 2523 367 2567 οἶ
396 2526 446 2569 τὰ
478 2531 675 2580 μανὸάτα
702 2530 807 2586 πρὸς
838 2532 921 2572 τῶν
953 2528 1171 2586 αρχόντων
1199 2531 1327 2582 ὀξέως
1357 2532 1430 2573 ἐπι
1455 2546 1552 2579 τους
1579 2545 1775 2584 στρατιω·

324 2597 398 2630 τας
431 2584 758 2652 διακομίζοντες,
787 2595 833 2627 ut
854 2589 943 2627 est
932 2603 975 2627 m
1005 2583 1170 2627 Glossis.
1229 2589 1343 2653 Regii
1363 2595 1497 2628 autem
1520 2587 1773 2630 mandatores

325 2633 634 2701 ἦμεροὸρόμοι,
676 2638 715 2680 οἱ
741 2647 832 2689 ταῖς
861 2644 1099 2694 βασιλικαῖς
1129 2639 1342 2692 διατάξεσι
1371 2640 1588 2695 ταχύτατα
1630 2633 1773 2681 διακο-

323 2691 530 2742 νούμενοι.
575 2696 817 2750 Theophani
846 2697 1098 2752 appellantur
1119 2694 1396 2750 ἐντολικάριοι
1423 2700 1548 2752 (quae
1564 2711 1642 2738 vox
1661 2697 1768 2737 idem

325 2754 445 2802 atque
478 2750 622 2790 Latina
651 2755 786 2805 notat)
823 2754 933 2808 apud
951 2753 1020 2794 ·Du
1046 2754 1181 2808 Gange
1205 2752 1256 2793 ad
1278 2736 1461 2796 Cinnam.
1488 2767 1530 2807 Ρ
1556 2751 1651 2808 475.
1673 2752 1769 2805 fine,
