1884 3132
233 165 308 208 AD
350 162 646 207 CONSTANT.
686 160 885 202 ponpa.
929 157 1001 198 DE
1041 153 1225 197 cmm.
1269 153 1368 193 un.
1405 153 1440 191 1.
1490 129 1605 204 459

155 276 249 308 tum·
270 275 330 308 est
347 298 360 319 ,
389 268 566 317 vallum,
595 274 722 306 castra
744 295 754 311 ‚
786 264 1001 302 exercitum
1029 262 1070 302 in
1099 260 1190 298 unis
1218 258 1359 298 castris
1386 267 1602 308 congrega-

156 332 245 363 tum
272 331 312 363 et
337 323 642 371 considentemz,
671 323 766 360 item
795 319 1086 371 expeditionem
1106 314 1335 353 militarem.
1393 312 1456 350 De
1481 308 1603 349 variis

156 378 358 418 scribendi
386 379 513 418 modis
544 385 584 417 et
627 373 983 430 significationibus
1028 370 1111 410 vid.
1160 370 1283 408 Goar.
1315 367 1367 406 ad
1394 365 1538 405 Codin.
1558 378 1598 416 p.

159 435 229 473 31.
257 448 299 472 n.
332 434 400 472 52.
427 434 495 472 Du
524 433 662 486 Cange
690 430 806 470 Alex.
842 444 885 482 p.
914 427 1009 479 541.
1048 433 1089 465 et
1115 424 1246 463 Gloss.
1281 430 1467 474 utroque.
1525 419 1604 458 Hic

156 488 236 528 loci
262 488 540 543 intelliguntur
560 495 689 527 castra
712 484 927 537 Nicephori
948 482 1056 535 apud
1080 478 1362 534 chrysopolin.
1389 478 1506 515 iuvat
1524 474 1603 537 hae

159 545 371 583 occasione
408 543 542 582 locum
581 539 795 595 Capitolini
830 540 872 577 in
913 537 1127 577 Gordianis
1166 549 1191 573 a
1230 547 1396 573 censura
1421 530 1605 594 salmasii

158 598 377 637 vindicare.
410 598 550 637 Castra
576 598 710 636 omnia
730 625 741 643 ‚
773 597 829 634 sic
856 596 985 632 iacent
1011 592 1068 630 ibi
1097 589 1220 629 verba
1237 618 1250 639 ,
1276 591 1435 640 jossato
1461 599 1603 625 cll-‹w-

158 653 228 693 bat
243 683 256 701 ‚
284 653 455 692 noctibas
480 655 598 692 etiam
613 652 865 719 ‘plerumque
903 648 1064 701 vigilias
1087 645 1387 700 jheqtoenmbat.
1444 641 1602 707 ἢΒαδὺ-ιι

157 709 293 749 omnia
321 714 415 747 sunt
440 707 496 747 ibi
527 704 575 746 τὸ
608 710 706 746 ολον
733 701 1028 756 στρατόπεδον,
1057 697 1084 754 ἧ
1115 696 1188 752 ὅλη
1216 698 1485 750 παρεμβολη,
1511 710 1606 749 par-

159 770 219 802 tes
245 777 383 802 omnes
424 770 667 811 castrorum3
715 767 754 799 et
778 761 938 811 fossato
966 757 1072 797 idem
1106 762 1166 795 est
1193 761 1314 808 atque
1343 752 1388 792 ἐν
1414 752 1472 806 τῷ
1499 764 1606 804 φυσ-

159 812 294 872 mira),
320 825 502 872 tempore
531 817 667 856 fossati
696 815 760 854 vel
788 814 898 854 belli.

243 871 340 924 254.
371 873 426 912 A.
457 874 497 912 5.
525 872 638 928 [437‚
670 869 758 924 πμ]
786 867 1025 909 Βασίλειον.
1104 867 1306 907 Memorat
1332 863 1444 903 hune
1471 863 1605 902 virum

158 927 430 980 Luitprandus
459 943 501 981 p.
532 927 626 978 481.
653 927 697 966 b.

268 982 316 1022 B.
351 997 386 1021 ι.
414 983 528 1038 [458,
557 981 618 1037 9.]
635 978 919 1033 Ἆβραμιτῶν.
975 977 1150 1017 Videtur
1175 976 1242 1016 hic
1269 975 1381 1015 locus
1407 975 1477 1014 Du
1497 973 1605 1013 Can-

160 1037 270 1090 gium
297 1036 479 1078 refellere
499 1068 511 1088 ‚
554 1039 623 1091 qui
661 1039 703 1076 in
733 1036 943 1074 Constant.
971 1033 1119 1073 Christ.
1159 1046 1198 1085 p.
1238 1030 1308 1071 83.
1336 1038 1376 1070 et
1420 1045 1463 1084 p.
1511 1044 1600 1084 ¹¹7·

158 1087 238 1144 τὴν
264 1089 579 1146 ἀχειροποίητον
604 1091 679 1145 τῆς
704 1085 904 1130 θεοτόκου
934 1089 986 1128 ab
1005 1089 1103 1131 aede
1116 1087 1302 1127 Abramii
1318 1093 1390 1126 aut
1416 1086 1607 1126 Abrami-

164 1154 301 1197 tarum
328 1147 444 1187 distin
503 1150 550 1187 it.

271 1203 318 1242 Β.
354 1216 394 1243 2.
420 1163 548 1258 [ἔξ8,
589 1201 675 1256 1o.]
711 1195 1042 1254 σκαραμᾰγγιον.
1114 1198 1273 1238 Nomen
1303 1199 1426 1238 vestis
1455 1198 1496 1236 in
1526 1196 1606 1238 hoc

161 1257 297 1298 codice
324 1258 700 1311 frequentissimum,
725 1257 794 1295 sed
822 1257 936 1294 cuius
964 1262 1004 1294 et
1033 1256 1136 1293 ratio
1165 1253 1430 1308 etymologica
1457 1260 1498 1292 et
1515 1252 1600 1292 sor-

162 1326 230 1357 ,ma
269 1313 523 1366 perobscura.
593 1313 698 1351 Satis
725 1311 888 1364 quidem
922 1318 1032 1364 patet
1058 1310 1180 1349 fuisse
1209 1311 1396 1348 extimam
1425 1315 1574 1347 voetem
1591 1338 1605 1359 ,

161 1369 304 1406 ceteris
329 1369 556 1421 superiniici
595 1367 753 1406 solitam
766 1396 779 1417 ,
825 1373 867 1404 at
894 1365 1095 1420 amplane,
1138 1379 1191 1403 an
1217 1367 1355 1403 stricta
1371 1394 1384 1415 ,
1426 1364 1607 1416 undique

161 1435 308 1475 corpus
317 1424 512 1474 ambiens,
539 1437 590 1460 an
618 1421 734 1460 hians
762 1420 1002 1474 quibusdam
1028 1419 1195 1471 inlocis‚
1225 1427 1265 1459 et
1288 1433 1445 1458 unusne
1472 1419 1607 1457 omni-

162 1490 233 1515 um
275 1479 637 1531 scaramangiorum
678 1475 811 1522 color,
859 1490 912 1514 an
953 1476 1090 1514 varius
1129 1474 1274 1521 fuerit,
1321 1482 1362 1512 et
1405 1474 1608 1513 fuerintne

160 1546 344 1585 quaeque
389 1531 608 1571 unicoloria
625 1561 637 1581 ,
677 1546 729 1569 an
771 1529 1097 1580 diversicoloria,
1135 1544 1216 1568 non
1244 1530 1384 1583 liquet.
1442 1529 1606 1567 Conieci

160 1593 296 1634 tamen
323 1589 366 1626 in
393 1588 473 1626 fine
503 1587 758 1641 praefationis
787 1586 838 1624 ad
866 1585 1041 1638 primum
1074 1584 1290 1633 volumen,
1334 1585 1607 1637 scaramangia

162 1655 246 1681 esse
276 1642 397 1695 pallia
429 1641 527 1694 illa,
557 1655 660 1694 quae
686 1648 767 1680 tres
799 1640 962 1679 illorum
990 1647 1164 1692 quatuor
1190 1654 1404 1692 procerum
1430 1647 1604 1692 gestant,

160 1697 231 1750 qui
259 1697 528 1751 Nicephorum
557 1698 808 1735 Botoniatam
840 1696 1126 1747 Imperatorem
1165 1696 1208 1733 ‘m
1235 1694 1303 1733 illa
1331 1697 1503 1747 imagine
1526 1695 1607 1732 cir-

165 1759 393 1805 cumstant,
422 1767 544 1806 quam
571 1752 694 1791 fronti
722 1752 844 1790 totius
869 1751 995 1788 nostri
1025 1750 1157 1802 operis
1184 1763 1207 1788 e
1234 1750 1523 1788 Montfauconii
1541 1750 1608 1788 Bi-

161 1807 362 1846 bliotheca
387 1808 630 1847 Coisliniana
674 1805 873 1860 praemisi.
932 1805 1077 1844 stricte
1104 1806 1263 1857 corpori
1291 1805 1511 1843 adhaerent
1537 1805 1606 1844 illa

162 1861 312 1915 pallia,
341 1862 463 1901 fibula
500 1877 582 1901 una
624 1861 800 1900 alterave
828 1863 870 1898 in
908 1867 1070 1913 pectore
1098 1860 1401 1914 adstringuntur
1418 1889 1430 1911 ,
1460 1860 1605 1899 deinde

163 1931 304 1963 rursus
340 1919 448 1957 circa
495 1926 678 1956 ventrem
706 1924 746 1956 et
789 1930 906 1954 crura
938 1915 1130 1954 recedunt
1173 1929 1268 1954 orae
1295 1929 1319 1953 a
1346 1929 1408 1964 se,
1433 1921 1472 1954 et
1495 1916 1606 1955 intra

164 1986 250 2011 sese
277 1972 426 2011 recedit
463 1975 606 2022 vestis,
653 1973 694 2010 in
743 1973 824 2010 imo
852 1972 1130 2023 angustissima
1168 1977 1208 2008 et
1246 1970 1419 2008 rotunda
1449 1984 1575 2022 paene
1593 2001 1607 2022 ,

164 2026 216 2065 ad
245 2028 369 2066 instar
396 2030 498 2066 scuti
525 2029 564 2066 in
591 2041 747 2071 summo
779 2026 879 2076 lati,
909 2029 951 2064 in
980 2026 1061 2064 imo
1090 2027 1133 2063 in
1161 2025 1300 2063 orbem
1329 2025 1607 2079 imperfectum

163 2089 237 2120 aut
262 2082 438 2135 apsidem
480 2083 678 2122 abeuntis.
736 2082 781 2122 si
807 2083 943 2135 itaque
979 2080 1102 2119 falsus
1130 2082 1380 2119 coniecturae
1406 2093 1490 2119 non
1520 2081 1603 2129 fui,

161 2144 203 2175 et
230 2139 499 2191 scaramangia
536 2152 676 2178 revera
722 2143 817 2176 sunt
844 2151 892 2176 ea
919 2135 1062 2190 pallia,
1094 2149 1198 2188 quae
1226 2136 1268 2173 in
1296 2135 1404 2174 dicta
1431 2136 1606 2189 imagine

163 2193 466 2246 conspiciuntur
485 2221 499 2244 ,
545 2193 733 2232 convenit
767 2192 807 2230 in
835 2205 882 2230 ea
902 2220 914 2242 ‚
959 2191 1131 2243 demptis
1157 2190 1397 2243 quibusdam
1413 2219 1425 2240 ‚
1455 2190 1609 2230 descri-

161 2249 246 2300 ptio
258 2246 558 2297 mantellorum,
586 2262 708 2301 quam
739 2246 850 2286 dedit
876 2247 938 2285 Io.
955 2247 1129 2292 Mussus‚
1147 2245 1269 2284 homo
1294 2245 1441 2284 saeculi
1468 2246 1606 2296 X1V.,

165 2302 207 2340 in
236 2302 711 2341 Chronico.Placentino
758 2301 866 2354 apud
894 2302 1045 2340 Murat.
1093 2301 1145 2340 Τ.
1177 2301 1234 2338 11.
1272 2299 1446 2354 Antiqu.
1475 2300 1606 2340 Italic.

161 2371 205 2410 p.
236 2358 330 2419 319.
379 2358 590 2396 Matronae
603 2388 614 2405 ‚
638 2359 694 2396 ait
707 2387 719 2405 ‚
747 2358 830 2395 sive
863 2356 1046 2399 dominae
1073 2357 1256 2410 antiquae
1283 2356 1496 2409 portabant
1535 2370 1609 2399 ηο-,

163 2413 240 2450 bile
283 2421 470 2463 mantum·
495 2414 578 2450 sive
603 2412 848 2459 mantellum,
878 2413 1036 2463 largum
1062 2419 1101 2449 ec
1124 2411 1284 2462 longum
1312 2425 1430 2465 usque
1456 2413 1500 2450 in
1527 2421 1606 2450 tet·-

163 2481 252 2505 ram
297 2476 336 2506 et
370 2467 581 2506 rotundum
607 2481 740 2506 versus
768 2475 917 2505 terram
941 2474 979 2504 et
1008 2466 1177 2519 crispum
1201 2475 1279 2519 pet·
1302 2474 1424 2504 totum
1455 2465 1606 2520 [ambi-

162 2528 252 2560 tum
278 2521 436 2575 nempe]
465 2531 503 2561 et
527 2531 704 2576 apertum
729 2521 780 2560 de
805 2530 923 2560 antea
948 2534 1066 2575 usque
1093 2521 1135 2558 in
1153 2529 1313 2558 terram.
1376 2520 1526 2560 Tamen
1552 2531 1610 2561 est

159 2577 414 2629 pomellatum
442 2577 492 2616 cle
517 2592 649 2616 versus
674 2577 823 2629 gulam,
854 2575 912 2630 [id
937 2582 997 2617 est
1024 2576 1067 2612 in
1098 2576 1259 2628 regione
1285 2577 1480 2628 pectoris,
1501 2591 1605 2629 quae

163 2629 279 2681 'gulae
303 2632 436 2670 vicina
463 2639 521 2670 est
538 2662 548 2680 ,
578 2632 699 2671 habet
729 2630 919 2684 pomellas
934 2660 947 2680 ‚
985 2629 1062 2668 hoc
1088 2637 1147 2669 est
1191 2629 1372 2683 globulos
1409 2631 1603 2671 nodulos-

165 2697 238 2733 ve,
265 2699 437 2738 quorum
477 2702 552 2740 ope
578 2687 886 2740 adstringatur‚}
917 2685 1099 2739 pomellis
1126 2686 1280 2737 argenti
1303 2685 1509 2736 deaurati,
1538 2688 1607 2725 vel

168 2738 216 2786 (Ie
236 2741 359 2793 perlis
379 2756 456 2795 per
495 2757 612 2782 unam
639 2756 803 2796 spanum
813 2770 827 2791 ,
859 2740 922 2795 [id
953 2747 1010 2787 est
1049 2739 1320 2795 spithamam‚]
1348 2741 1507 2797 ctfizmt
1527 2755 1606 2795 pra
