1832 3126
311 190 418 256 164
574 209 647 249 10.
696 206 802 249 1Ac.
851 207 1045 249 Reisxu
1087 178 1467 251 COMMENTARH

303 309 379 350 καί
414 309 532 364 τιμῇ,
589 317 637 348 ut
668 311 723 348 ait
759 309 1012 349 Constantia.
1052 308 1103 348 de
1133 309 1321 348 Themat.
1353 324 1446 363 pag.
1474 323 1517 365 9.
1550 308 1597 349 Β.
1625 317 1665 350 et
1691 309 1750 351 E·

303 365 401 405 Vid.
418 365 486 403 Du
505 365 640 417 Gange
658 365 788 404 Gloss.
809 366 950 404 Graec.
973 366 1015 403 h.
1039 380 1081 404 v.
1101 372 1141 404 et
1160 366 1252 404 Lat.
1271 378 1313 404 v.
1337 366 1581 420 obsequiare.

373 420 507 469 40.B.
523 433 562 458 2.
586 419 676 475 [66,
696 419 760 474 4.]
791 419 1113 471 ἐπακουμβίζων
1133 427 1210 458 etc.
1268 420 1452 459 Brachiis
1489 421 1636 471 nixzoe,
1680 418 1748 460 vel

301 475 522 514 incumbens
535 504 548 524 ,
581 490 698 530 super
722 476 904 514 cancellis
922 504 934 524 ,
965 478 1036 531 qui
1054 485 1142 514 sunt
1167 475 1278 530 apud
1301 477 1572 514 antinwnsium
1598 475 1747 515 latera-

301 530 356 568 le.
413 529 542 569 Credo
566 530 702 584 itaque
739 533 1029 570 antemensium
1045 561 1055 579 ,
1095 529 1161 570 vel
1190 530 1347 570 arulam
1379 531 1533 570 stetisse
1563 530 1616 569 ad
1640 529 1748 570 latus

301 583 573 625 cancellorum
605 586 774 625 bematis
788 615 800 635 ,
845 593 884 625 et
912 585 1022 625 illam
1051 586 1206 624 arulam
1238 600 1331 625 suos
1357 599 1519 639 quoque
1548 584 1746 625 cancellos

300 639 488 680 hahuisse
504 671 515 692 ‚
560 655 696 680 coram
728 641 875 694 quibus
911 643 1278 680 communicaturus
1295 671 1305 688 ,
1347 648 1387 680 et
1417 649 1525 681 retro
1557 654 1659 694 quos
1681 654 1746 680 sa—

301 695 442 735 cerdos
458 697 781 736 communionem
797 697 964 736 daturus
987 704 1124 736 staret.
1184 697 1302 735 cons.
1318 696 1438 736 huius
1462 710 1555 750 pag.
1583 695 1632 734 C.
1652 709 1745 749 pen-

300 750 375 789 ult.
395 781 407 802 ,
446 752 517 790 ubi
551 748 770 803 βασιλικὸν
810 750 1042 802 ἅντιμίσιον
1070 748 1306 805 ἔμπροσθεν
1332 749 1408 791 τοῦ
1438 749 1745 803 θυσιαστηρίου

300 814 496 846 memorat
513 838 524 858 ,
560 814 599 846 et
624 822 665 860 p.
697 807 766 861 47.
795 807 847 846 A.
880 807 989 857 init„
1019 822 1040 847 e
1065 808 1212 860 quibus
1241 806 1339 846 locis
1357 813 1496 859 patet,
1524 806 1746 859 Imperato-

300 875 364 900 res
403 876 448 901 ex
483 862 552 900 illa
582 877 650 901 ara
693 863 1016 901 communionem
1050 863 1228 916 accipere
1267 862 1531 901 consuevisse.
1583 860 1745 901 -lhidem

299 917 312 969 <
323 931 366 970 p.
395 916 463 972 47.
493 918 567 969 Β.)
611 925 856 957 memoratur
893 917 1003 956 aliud
1045 915 1284 969 α’ντιμίσιον
1320 912 1541 968 βασιλικὸν
1575 915 1621 956 ἐν
1657 918 1746 964 τοῖς

299 972 653 1024 κατηχουμιενιοις.
709 974 785 1012 Est
807 980 941 1012 autem
971 971 1206 1022 α’ντιμίσιον
1244 971 1357 1011 arula
1386 970 1582 1025 portatilis
1599 1000 1612 1020 ,
1653 985 1747 1010 con·

298 1034 476 1078 secrata‚
506 1029 602 1067 item
630 1037 740 1082 tapes
769 1036 1048 1079 consecratus3
1078 1030 1175 1081 qui,
1205 1028 1395 1081 quoniam
1426 1041 1519 1067 arae
1541 1040 1744 1066 consecra-

297 1087 364 1122 tae
390 1097 472 1122 non
502 1083 652 1136 ubique
677 1084 921 1123 circumvehi
945 1091 1110 1137 possunt
1125 1114 1137 1135 ‚
1169 1097 1328 1122 mensae
1353 1081 1510 1137 vulgari
1532 1083 1742 1131 instratus,

300 1137 464 1177 Graecis
503 1140 774 1179 sacerdotibus
809 1154 883 1192 pro
923 1154 992 1178 ara
1024 1146 1097 1178 est.
1157 1139 1254 1178 Vid.
1299 1139 1476 1178 Gretser.
1509 1137 1562 1177 ad
1593 1137 1740 1176 Codin.

297 1207 342 1287 E.
378 1193 468 1248 169.
511 1195 635 1234 Goar.
667 1195 717 1233 ad
749 1194 988 1248 Theophan.
1023 1209 1062 1248 p.
1095 1195 1190 1249 579.
1224 1195 1292 1232 Du
1330 1194 1462 1247 Gange
1499 1191 1631 1232 Gloss.
1663 1193 1737 1232 Gr.

332 1276 343 1287 .
364 1262 407 1288 v.
442 1250 631 1288 Heinecc.
659 1251 734 1288 ΙΙΙ.
771 1251 860 1289 130.
921 1249 1021 1288 Tale
1049 1251 1340 1288 antemensium
1364 1250 1561 1288 credentia
1587 1247 1744 1289 Latinis

297 1303 419 1343 medii
446 1307 535 1344 aevi
578 1305 868 1358 appellabatur.
928 1305 1202 1344 Ceremoniale
1240 1305 1404 1343 Patricii
1428 1306 1491 1343 tit.
1518 1304 1571 1342 ΙΙ.
1603 1301 1638 1356 §.
1669 1315 1703 1342 1.
1724 1317 1738 1342 ε

295 1359 471 1399 Paretur
494 1363 612 1399 etiam
639 1369 729 1399 ante
755 1362 883 1399 altare
909 1361 1107 1400 credentia
1128 1374 1207 1415 pro
1235 1361 1505 1399 Consecratore
1522 1367 1565 1398 et
1587 1357 1743 1398 creden-

295 1415 353 1452 tia
374 1428 453 1469 pro
480 1416 672 1472 Pontg'fire
711 1416 828 1454 electo
855 1430 941 1455 cum
967 1417 1078 1455 rebus
1104 1416 1328 1470 opportunis
1356 1414 1414 1454 ad
1436 1413 1738 1454 ordinationem.

297 1468 440 1508 Graeci
460 1471 681 1522 προθέσεις
708 1471 979 1524 appellabant.
1039 1471 1276 1510 Tenendum
1301 1478 1452 1521 tamen,
1479 1465 1557 1516 τὰς
1583 1464 1740 1521 προθέ-

295 1536 385 1571 σεις
410 1526 516 1564 intra
540 1527 746 1565 tribunam
777 1526 930 1566 stetisse
947 1556 959 1577 ‚
990 1532 1028 1565 et
1049 1527 1230 1566 serviisse
1259 1526 1380 1566 sacris
1409 1525 1516 1564 vasis
1541 1522 1598 1563 ibi
1618 1537 1739 1576 repo-

295 1579 453 1619 nendis.
511 1580 811 1621 Antimensium
841 1589 999 1632 autem,
1040 1582 1090 1620 de
1122 1596 1203 1635 quo
1227 1581 1292 1620 hic
1324 1594 1454 1620 sermo
1485 1586 1568 1629 est,
1606 1579 1739 1619 stabat

295 1641 407 1674 extra
431 1635 618 1676 tribunae
653 1637 864 1676 cancellos.
923 1638 1015 1676 Dixi
1039 1636 1175 1690 paullo
1194 1644 1285 1676 ante
1300 1666 1312 1687 ‚
1347 1636 1446 1675 mihi
1469 1635 1598 1675 videri
1619 1633 1737 1674 -hanc

296 1690 452 1729 arulam
482 1694 635 1732 stetisse
668 1693 774 1746 apud
800 1693 996 1732 cancellos
1016 1693 1218 1732 tribunae.
1274 1692 1436 1730 Rectius
1467 1698 1602 1730 tamen
1631 1689 1737 1730 sorte

294 1744 417 1785 fucrit
438 1747 570 1786 dicere
596 1763 684 1787 eam
715 1748 882 1787 inferius
911 1749 1063 1787 stetisse
1081 1778 1091 1796 ,
1117 1748 1211 1801 quia
1235 1747 1371 1801 paullo
1399 1753 1488 1800 post
1508 1746 1557 1784 C.
1577 1744 1733 1798 penult.

295 1799 445 1841 dicitur
471 1803 716 1856 Imperator,
750 1811 962 1856 postquam
989 1805 1158 1842 stetisset
1189 1817 1324 1842 coram
1348 1802 1456 1854 regio
1478 1801 1732 1848 antimensio;

295 1852 568 1908 ἀνέρχεσθαι,
599 1859 811 1898 ascendere
833 1873 904 1911 per
930 1859 1076 1912 gradus
1103 1859 1315 1908 tribunae,
1344 1864 1391 1896 ut
1406 1856 1463 1895 ibi
1492 1855 1735 1895 communio-

294 1923 389 1950 nem
417 1926 440 1951 a
464 1914 692 1966 patriarcha
721 1914 901 1967 accipiat.
959 1912 1209 1963 Ἀντιμίσιον
1236 1912 1302 1952 vel
1338 1910 1614 1961 Ἀντιμίνσιον
1649 1911 1734 1950 ori-

295 1966 388 2018 gine
414 1975 532 2008 tenus
567 1976 627 2008 est
661 1979 909 2019 autemeam,
948 1968 1013 2007 vel
1045 1983 1182 2007 mensa
1211 1981 1347 2007 coram
1378 1966 1456 2006 alia
1485 1967 1639 2019 posita,
1686 1972 1735 2006 ut

294 2019 713 2076 ἂντικωνσιστώριον,
746 2025 1046 2070 consistorium,
1090 2023 1198 2076 quod
1223 2024 1400 2076 primum
1431 2023 1629 2069 occurrit,
1659 2035 1734 2060 an-

295 2082 457 2129 tequam
489 2079 532 2116 in
559 2093 702 2118 verum
733 2087 771 2118 et
807 2093 998 2132 magnum
1024 2079 1305 2117 consistorium
1335 2078 1545 2125 veniatur,
1587 2078 1732 2116 atr-eima

294 2133 532 2172 consistorii.-
573 2141 618 2172 ut
654 2136 896 2173 anticamera
910 2165 920 2183 ,
965 2148 1123 2172 camara
1151 2133 1216 2174 vel
1246 2133 1466 2172 triclinium
1493 2146 1628 2171 coram
1651 2131 1732 2171 alio

294 2187 492 2227 nobiliore
522 2191 695 2242 positum
712 2220 722 2238 ,
754 2191 901 2228 atrium
933 2203 1139 2239 camaraer,
1181 2196 1227 2227 ut
1250 2184 1572 2238 ἀντικάνθαρος,
1613 2187 1732 2227 Ante·

294 2244 526 2293 cantharus,
562 2247 706 2283 atrium
736 2245 928 2283 Canclzari
941 2275 951 2292 ,
982 2244 1092 2297 quod
1119 2258 1266 2283 nomen
1296 2250 1382 2282 erat
1402 2242 1536 2282 balnei
1561 2241 1732 2282 Alexan-

295 2297 416 2336 drini.
474 2298 595 2352 Apud
624 2300 808 2353 Theoph.
841 2314 881 2352 p.
919 2301 1008 2339 150.
1035 2299 1090 2337 A.
1118 2299 1194 2338 ult.
1225 2307 1264 2338 et
1287 2298 1395 2352 apud
1419 2298 1612 2337 Nostrum
1635 2311 1727 2351 pag.

294 2365 363 2406 97.
393 2352 438 2392 C.
472 2352 724 2407 (ἐπίφορος,
766 2357 1009 2408 antfforzmz,
1054 2354 1187 2392 forum
1215 2355 1348 2394 minus
1378 2354 1520 2398 maiori
1542 2359 1732 2405 praeten-

294 2413 396 2446 tum.
454 2406 705 2449 ’Avtt'navov
740 2411 849 2463 quod
887 2423 1020 2463 panno
1059 2410 1342 2462 praeponitur,
1383 2407 1449 2448 vel
1485 2407 1731 2462 praesuitur.

294 2459 392 2500 Vid.
421 2463 587 2504 Salmas.
613 2466 663 2503 ad
693 2466 778 2504 Scr.
809 2466 863 2504 H.
891 2465 944 2504 A.
971 2465 1021 2503 T.
1056 2465 1110 2503 II.
1141 2480 1232 2518 pag.
1259 2464 1352 2519 575.
1413 2463 1500 2502 Iam
1528 2462 1729 2503 veteribus

295 2516 457 2556 Graecis
485 2517 598 2570 ἄντί,
626 2528 666 2559 et
691 2522 844 2560 Latinis
877 2534 1036 2573 quoque
1062 2521 1149 2558 anti
1174 2528 1214 2559 et
1241 2529 1332 2558 ante
1360 2517 1454 2557 inde
1482 2525 1624 2557 natum
1651 2531 1728 2558 no-

294 2571 396 2608 tavit
421 2587 522 2626 prae
553 2575 594 2613 in
630 2575 1010 2629 compositionibus3
1050 2582 1096 2612 ut
1141 2568 1334 2620 ἀντίπαις
1372 2586 1594 2628 praepuer,
1621 2586 1727 2613 non·-

294 2624 392 2663 dum
414 2641 539 2679 puer,
580 2631 649 2669 sed
678 2646 767 2669 mox
800 2632 970 2669 futurus.
1030 2623 1205 2682 Κάρνον
1242 2627 1387 2681 λεπτῆς
1415 2622 1632 2678 ἆντίὸορον
1658 2629 1727 2667 λε*

293 2679 414 2726 πίδος
442 2686 495 2733 (si
520 2684 645 2734 proba
664 2693 721 2724 est
747 2700 793 2724 ea
822 2686 978 2736 lectio),
1009 2699 1108 2732 mcx,
1139 2698 1238 2739 quae
1263 2693 1320 2722 est
1332 2691 1421 2722 ante
1443 2683 1725 2736 deglubcioraem

291 2736 414 2773 tenuis
427 2738 653 2790 pelliculae,
685 2740 951 2793 Anthologiae
975 2754 1065 2793 pag.
1094 2738 1208 2790 430..
1238 2738 1278 2776 id
1312 2745 1371 2777 est
1397 2751 1472 2787 ea,
1500 2751 1602 2790 quae
1629 2735 1725 2776 illuc

290 2791 474 2842 pervenit
488 2795 728 2834 maturitatis
742 2824 754 2848 ,
783 2803 828 2835 ut
848 2795 1010 2848 incipiat
1027 2794 1110 2848 pati
1128 2807 1169 2833 se
1188 2792 1364 2847 deglubi.
1418 2787 1724 2846 Ἀντικνῆμιον,
