1884 3132
361 137 437 181 An
471 136 810 181 APPEchm
838 140 936 180 mn.
974 138 1115 180 nnn
1136 137 1395 181 mammon.
1517 119 1630 194 497

171 242 328 284 κιοῦσα
344 271 358 293 ,
396 243 579 282 scabiosa
597 273 609 293 ,
654 242 806 296 planta3
866 238 1024 281 κούλκα
1053 256 1128 296 pro
1169 239 1354 282 σκούλκα
1371 273 1383 291 ,
1422 243 1638 293 excubiae,-

167 294 405 338 minim
431 312 508 351 pro
533 294 813 346 σκουλκεύειν,
843 298 1041 337 excubare
1054 328 1066 346 ‚
1107 300 1204 336 item
1233 299 1433 352 speculari
1447 329 1459 345 ‚
1493 301 1638 354 explo-

170 367 264 392 rare
285 367 347 391 res
382 354 514 392 hostis.
570 354 644 392 Est
667 354 775 391 enim
817 353 952 406 (idque
989 351 1108 391 liceat
1140 352 1241 391 mihi
1276 354 1412 405 paucis
1442 354 1482 392 in
1505 362 1636 393 trans-

171 410 232 446 itu
274 409 482 460 attingere)
519 408 572 446 ab
589 408 796 447 exculcat-e
819 422 892 460 pro
912 409 1141 461 explorare.
1172 407 1393 447 Exculcare
1416 416 1455 447 et
1485 417 1628 449 extun—

169 462 265 501 dere
286 462 440 516 aliquid
472 462 693 501 undeunde
721 463 863 501 dicunt
889 463 1022 501 Latini
1059 476 1134 515 pro
1156 463 1335 502 studiosa
1378 464 1637 516 inquisitione

176 518 400 570 comperire
415 548 426 566 ‚
487 516 810 570 deprehendere,
849 518 1083 572 procide-are
1127 531 1289 570 quoque
1331 518 1516 558 dicebant
1562 535 1636 573 pro

170 587 452 627 pmecuroere,
492 575 603 625 prius
642 573 865 625 explorare.
900 567 1064 611 Φάλεια
1096 572 1237 611 dicunt
1272 574 1367 611 novi
1385 575 1526 612 Graeci
1561 588 1636 629 pro

175 624 361 679 σφάλεια
378 657 391 678 ,
423 634 464 667 et
483 627 560 666 hoc
583 641 656 680 pro
689 622 922 679 ἀσφάλεια,
947 629 1130 666 securitas
1139 642 1157 676 ,⁰
1188 624 1412 680 φαλιάζειν
1440 637 1479 668 et
1508 631 1636 683 ψαλί-

173 679 261 729 ζειν
287 696 363 735 pro
393 681 640 735 σφαλλίζειν
659 711 672 732 ,
703 683 878 737 aliquem
916 683 1116 736 decipere,
1142 682 1273 721 facere
1295 682 1402 733 labi,
1437 685 1474 722 in
1507 685 1636 739 sphal-

169 750 237 775 ma
256 736 444 776 inducere
462 751 475 787 3
495 732 739 776 κονδάπτειν
755 751 829 790 pro
853 736 1129 776 σκανδάπτειν
1155 737 1278 776 habet
1289 737 1457 778 Malalas
1475 742 1548 792 p‚4
1560 756 1634 793 io.·,

151 805 381 839 ,cet-nuum,
410 791 482 830 ubi
513 794 711 845 interpres
732 792 884 831 fatetur
911 792 960 830 de
990 793 1104 831 verbi
1134 793 1421 847 significatione
1458 795 1635 836 sibinon

175 853 376 896 constare3
404 845 542 897 τοβιόν
565 861 639 899 pro
665 846 811 899 στοίβη
827 876 838 897 ,
873 856 1101 898 tomentum,
1126 855 1165 886 et
1194 847 1339 899 τρέλος
1364 857 1485 902 atque
1513 851 1632 900 τρέλ-

168 901 239 948 λος
255 915 329 953 pro
348 897 562 954 στρεβλὸς,
575 911 700 940 mente
715 911 850 952 motui,
876 904 1051 954 insanus,
1070 903 1165 941 novi
1180 904 1418 944 Graecitatis
1434 912 1492 944 est
1507 921 1519 956 3
1532 907 1630 945 item

173 951 370 1006 χαλεύειν
395 970 469 1009 pro
490 954 723 1008 σκαλεύειν,
737 958 944 1008 deicare,
967 964 1007 996 et
1039 953 1244 1010 χαράκων
1285 972 1360 1012 pro
1404 956 1632 1013 σχαράκειν

174 1027 247 1059 aut
270 1018 520 1074 σκαράκειν,
545 1023 668 1070 oriri,
699 1021 750 1061 de
774 1021 872 1062 sole.
903 1023 1085 1062 Verbum
1099 1024 1177 1062 hoc
1196 1032 1254 1063 est
1268 1024 1489 1064 Arabicum
1514 1024 1631 1085 (9332.

172 1074 393 1124 Sohar-acle,
423 1077 533 1116 unde
561 1077 776 1124 Saraceni,
808 1078 850 1117 id
885 1086 944 1117 est
974 1079 1115 1131 populi
1142 1079 1367 1119 orientales.
1426 1082 1560 1120 Etiam
1586 1085 1629 1122 in

173 1130 308 1170 medio
343 1143 459 1185 saepe
503 1134 629 1185 sigma
666 1134 858 1172 omittunt
899 1135 943 1172 hi
982 1133 1182 1185 homines,
1223 1142 1269 1173 ut
1300 1131 1509 1188 φαγύλιον
1555 1152 1630 1190 pro

172 1181 442 1237 φασκαὶλιον,
472 1187 548 1226 nisi
582 1201 606 1225 a
630 1188 759 1226 faciali
797 1188 982 1228 derivare
1005 1187 1132 1228 malis.
1195 1190 1366 1229 Addunt
1399 1199 1538 1230 contra
1574 1195 1630 1231 si-

175 1252 266 1291 gma
293 1240 462 1280 ridicule
482 1272 494 1292 ‚
518 1249 563 1281 ut
588 1241 778 1295 pleraque
798 1257 939 1282 eorum
964 1244 1144 1283 instituta
1173 1253 1289 1293 sunt,
1322 1245 1391 1284 ubi
1408 1261 1490 1285 non
1515 1262 1631 1300 opor-

173 1293 300 1333 tebat.
356 1295 423 1334 Sic
445 1296 654 1349 σκαρφίον
683 1298 850 1346 dicunt,
882 1314 990 1349 sors,
1029 1301 1189 1352 proprie
1208 1299 1414 1353 καρφίον,
1439 1304 1628 1353 festuca,

147 1374 149 1377 f
177 1363 260 1401 qua
287 1351 584 1400 sortiebantur-3
614 1353 710 1390 item
740 1352 936 1399 σκνίθθες
949 1383 961 1402 ,
990 1356 1160 1402 urticae,
1194 1368 1267 1407 pro
1294 1355 1444 1393 κνίδαι.
1504 1358 1631 1397 Moris

177 1403 300 1443 huius
328 1417 356 1443 σ
383 1405 538 1444 initiale
567 1407 775 1445 omittendi
808 1409 974 1460 vestigia
1016 1410 1134 1447 etiam
1157 1410 1266 1462 apud
1296 1412 1482 1462 antiquos
1513 1426 1630 1465 repe-

176 1460 255 1497 rio.
309 1459 473 1498 Glossae
486 1457 660 1513 γροφΐς,
689 1454 742 1507 ὗς
769 1461 918 1500 habent
935 1477 1009 1515 pro
1043 1465 1188 1515 scrofa.
1242 1465 1338 1503 Vid.
1370 1466 1630 1516 quaeGramss-

176 1514 311 1552 matini
349 1514 401 1553 ad
423 1514 559 1553 Aristo
587 1514 682 1554 han.
728 1516 780 1555 de
807 1516 1010 1567 m'vduzpog
1037 1525 1076 1556 et
1106 1516 1333 1569 σκίνδαψος
1374 1528 1632 1561 annotarunt.

177 1567 403 1622 Hesychius
437 1569 662 1622 φαιριδὸεν
699 1571 925 1610 Laconibus
962 1573 1104 1610 tribuit
1134 1586 1207 1625 pro
1227 1573 1478 1625 σφαιρίζειν.

288 1623 342 1662 D.
363 1624 401 1664 5.
430 1623 549 1678 [459,
574 1624 652 1678 19.]
685 1625 969 1676 λαβιδοῦνται.
1030 1627 1126 1669 vid.
1159 1628 1250 1665 finis
1279 1629 1540 1680 praefationis
1576 1632 1629 1671 ad

176 1677 354 1716 Tomum
372 1681 564 1731 -primum
589 1710 600 1727 ‚
656 1679 726 1719 ubi
759 1681 840 1719 dixi
882 1682 1050 1720 verbum
1079 1681 1156 1720 hoc
1188 1683 1409 1734 significare
1435 1685 1630 1738 fibulare.

174 1732 311 1772 Didici
340 1733 420 1773 boe
458 1748 481 1772 e
507 1734 698 1789 Polybio,
727 1736 796 1788 qui
836 1737 885 1774 L.
908 1737 980 1774 VI.
1012 1752 1053 1790 p.
1097 1736 1192 1790 469.
1224 1738 1278 1775 D.
1309 1738 1352 1777 6.
1382 1738 1448 1777 e'd.
1475 1740 1624 1779 Wech.

176 1801 279 1826 voce
301 1789 422 1839 λαβίς
450 1790 605 1841 utitur,
652 1805 756 1843 quae
781 1791 835 1829 ihi
869 1791 1009 1846 fibula
1039 1792 1254 1842 redditur3
1285 1796 1460 1840 πυκναῖς
1485 1793 1629 1844 λαβίσι

177 1843 476 1897 καταηερονᾷν,
507 1846 650 1883 crebris
668 1845 803 1897 fibulis
834 1847 1052 1898 configere,
1088 1847 1129 1885 id
1149 1854 1206 1886 est
1231 1847 1383 1889 acubus
1407 1850 1630 1902 apprehen-

176 1896 363 1936 dentibus
378 1927 389 1946 ‚
461 1891 745 1954 arripientibus
782 1901 1158 1956 continentibusque
1224 1903 1399 1942 immissa
1421 1933 1432 1955 ,
1482 1918 1624 1943 occur-

176 1952 320 1990 rentia-

293 2006 346 2044 D.
366 2013 500 2061 antep.
530 2008 660 2063 [460‚
690 2010 752 2065 5.]
782 2007 889 2062 μετὰ
922 2010 1142 2066 σωκαρίων
1170 2010 1471 2066 φορτωμάτων.
1504 2014 1629 2054 Forte

183 2058 259 2114 leg.
285 2057 393 2110 μετὰ
422 2063 642 2116 σωκαρίων
670 2067 744 2104 καί
783 2064 1086 2119 φορτιομάτων.
1151 2069 1254 2107 Sunt
1278 2076 1412 2107 autem
1440 2066 1628 2121 σωκάρια

162 2115 313 2165 fimes,
345 2115 446 2155 forte
468 2131 492 2155 a
514 2116 600 2157 σάω
620 2150 631 2167 ,
672 2135 859 2174 congrego
876 2153 889 2171 ,
931 2124 1073 2175 colligo
1094 2125 1136 2162 in
1156 2138 1278 2162 unam
1303 2137 1473 2162 massam
1487 2153 1499 2173 ,
1530 2138 1628 2162 con-

179 2169 317 2220 tineo,
346 2171 455 2209 unde
493 2169 645 2224 σωρὸς,
684 2189 872 2226 acervus,
918 2191 961 2215 v.
1002 2179 1068 2217 Du
1093 2179 1226 2231 Gange
1255 2178 1318 2217 Gl.
1349 2179 1422 2216 Gr.
1450 2179 1493 2216 h.
1519 2192 1562 2216 v.
1589 2186 1628 2217 et

179 2236 222 2261 v.
246 2221 426 2272 Σόκκος,
457 2227 512 2264 sic
536 2229 641 2265 enim
671 2230 858 2269 scribitur
886 2232 926 2270 in
951 2232 1233 2286 Olympiodori
1265 2233 1353 2271 loco
1386 2233 1492 2284 apud
1514 2233 1629 2271 Pho-

181 2278 307 2326 tium,
354 2279 505 2319 ibidem
539 2283 659 2320 citato
677 2311 689 2331 ,
735 2287 804 2337 qui
839 2286 1116 2326 Chilmeadum
1156 2302 1235 2326 non
1270 2290 1492 2339 praeteriit,-
1529 2288 1628 2340 quin

181 2346 272 2372 eum
302 2334 398 2372 scite
426 2343 611 2388 recteque
630 2336 680 2375 ad
699 2338 837 2377 Malal.
866 2341 916 2378 T.
938 2342 990 2379 11.
1014 2356 1056 2394 p.
1079 2341 1146 2381 68.
1175 2348 1403 2394 exponeret>

264 2388 360 2428 266.
380 2388 435 2428 A.
458 2389 498 2429 5.
539 2389 655 2444 [460‚
678 2391 743 2445 9.]
774 2391 797 2430 ὅ
837 2391 1094 2444 Ὀψικιανός.
1160 2396 1280 2435 Asiae
1319 2397 1484 2436 minoris
1524 2401 1630 2436 non-
1683 2441 1694 2457 r

182 2441 320 2483 nullae
341 2445 572 2495 provinciae
615 2448 862 2499 temporibus
896 2448 1065 2488 labentis
1100 2452 1256 2502 imperii
1297 2451 1470 2490 Romani
1495 2458 1628 2490 muta*-

179 2494 280 2534 hant
321 2506 475 2538 vetusta
509 2502 672 2539 nomina
706 2503 847 2551 novis,
897 2517 1000 2555 quae
1021 2504 1073 2542 ab
1110 2504 1188 2543 illis
1222 2504 1387 2544 militiae
1417 2506 1628 2558 generibus

181 2551 444 2602 petebantur,
475 2567 592 2607 quae,
615 2555 800 2594 missione
827 2559 1036 2609 impetrata
1052 2589 1062 2605 ‚
1095 2573 1168 2611 pro
1192 2561 1369 2612 praemio
1398 2565 1626 2600 exactorum

182 2606 467 2657 stipendiorum
494 2611 536 2647 in
559 2609 638 2649 illis
660 2611 875 2662 provinciis
900 2611 1198 2652 collocabantur
1219 2622 1259 2653 e't
1286 2615 1421 2654 fundis
1442 2615 1627 2655 militari-

182 2657 260 2696 bus
303 2660 572 2702 donabantur.
645 2665 762 2704 Tales
800 2674 912 2704 erant
941 2667 1075 2706 thema
1107 2668 1442 2720 bucellas-iorum,
1492 2671 1627 2710 thema

184 2714 419 2764 optimatum
463 2726 503 2757 et
540 2719 675 2770 thema
707 2721 844 2759 obsicii
883 2720 945 2761 vel
974 2721 1164 2777 obsequii.
1220 2725 1294 2764 Est
1315 2727 1466 2778 thema,
1495 2725 1627 2777 &e'pcoey

236 2788 497 2827 Constantinus
516 2794 692 2840 Porphyr.
725 2796 804 2830 Vol-
827 2794 874 2830 ΙΙ.
1320 2802 1364 2836 32
