1884 3132
0 70 17 154 :qq-‚3

246 149 320 193 An
359 144 652 194 consum.
692 145 887 188 Polum.
926 144 998 184 DE
1035 140 1214 183 cmm.
1249 140 1345 181 nn.
1384 139 1419 179 1.
1475 117 1586 175 363

162 269 212 296 eo
236 255 339 309 fugit
363 254 493 308 ipsum
527 254 655 300 ratio,
693 249 803 304 quod
836 247 1005 287 credidit
1035 247 1206 285 Graecos
1246 243 1355 284 bunc
1388 241 1529 282 ludum
1557 257 1582 282 a

162 311 323 349 Latinis
359 310 554 362 accepisse
612 314 652 345 et
693 318 832 344 vocem
859 304 1017 341 chirone
1036 331 1048 350 ,
1091 307 1286 354 quatenus
1311 297 1452 337 ludum
1478 297 1587 336 hunc

161 371 384 418 equestrem
411 370 552 411 notat,
600 359 776 400 Gallicae
810 358 971 411 originis
1014 369 1110 396 ease.
1165 355 1268 393 Nam
1297 352 1437 406 procul
1463 352 1588 390 dubio

161 425 203 458 et
229 433 375 458 nomen
401 426 442 457 et
467 431 529 457 res
555 431 579 457 e
604 415 741 455 Persia
765 413 902 463 venit,
944 411 1027 452 vid.
1071 409 1175 448 della
1204 408 1320 447 Valle
1348 415 1387 446 et
1412 408 1582 446 sanson.

166 473 341 512 Videtur
366 473 466 512 mihi
493 471 634 513 ludum
657 469 764 509 hunc
789 468 993 521 designare
1019 463 1213 506 Paulinus
1245 464 1286 503 in
1310 462 1587 504 Eucharistico
1608 479 1613 484 ·

165 541 225 568 vs.
245 537 273 568 ἰ
308 529 348 568 3.
362 542 376 567 ε

280 527 305 581 4
376 583 583 621 Fir-matus·
599 579 733 633 facile
751 577 809 616 ad
834 576 1021 615 iuvenilia
1044 576 1127 614 vita
1150 573 1343 628 sequenda
1357 603 1369 620 ‚

384 636 439 676 Ut
459 637 559 676 mihi
577 635 741 691 pulch-et·
757 646 873 687 eqmts
881 631 1106 686 falem'sqtoe
1124 630 1303 668 ornatior·
1321 635 1415 667 esset
1426 656 1440 678 ,

376 691 532 730 Ser-ator
552 703 758 745 procerus,
779 687 902 726 velox
928 687 1035 725 canis
1064 695 1102 724 et
1118 685 1307 739 speciosus

382 745 583 800 Accipiter
596 775 607 792 ‚
637 745 814 783 Romana
842 750 879 780 et
892 755 1018 796 nuper
1040 741 1091 779 ab
1107 739 1203 787 ¹urhe
1221 739 1348 792 petita

379 801 535 840 Aurata
558 801 759 839 insu-iteret
778 806 949 836 nostrum
965 796 1070 847 §sera
1094 795 1241 833 concita
1262 793 1411 832 ίαιίωη.

165 880 169 882 ἡ
272 854 320 895 C.
366 883 379 897 .
398 854 523 908 [382‚
574 853 633 908 1.]
677 852 734 908 τῷ
777 845 945 904 ἄρχοντι
974 850 1049 902 τῆς
1074 847 1271 901 θυμέλης.
1335 846 1585 889 Praefectum

166 924 260 965 ergo
285 870 472 950 ludorum
500 910 746 950 scenicorum
774 914 813 946 et
831 906 1002 944 musicae
1029 903 1339 945 instrumentalis
1367 902 1586 941 habebant.

163 965 314 1005 Procul
333 965 455 1004 dubio
482 965 587 1004 idem
615 970 675 1003 est
700 969 818 1016 atque
857 961 1084 1000 domesticzoe
1118 960 1310 1010 tlzymelae
1328 988 1339 1006 ‚
1383 959 1454 1010 qui
1481 957 1585 996 inst-a

167 1034 212 1073 p.
233 1019 329 1074 417.
348 1020 396 1059 Β.
421 1035 457 1059 1.
499 1021 601 1058 inter
624 1016 810 1058 officiales
836 1015 1068 1055 chartularii
1099 1013 1243 1054 saeellii
1262 1021 1485 1066 postremus
1513 1026 1587 1050 no-

165 1075 356 1114 minatur.
412 1075 506 1124 Quo
534 1073 621 1114 loco
649 1074 741 1113 satis
769 1073 905 1110 mirari
924 1084 1004 1109 non
1022 1084 1208 1123 possum,
1238 1068 1347 1122 quod
1366 1067 1587 1121 praefectus

166 1129 365 1182 thymelae
389 1129 511 1168 fuerit
536 1130 612 1169 sub
638 1128 894 1181 dispositione
920 1124 1104 1176 Sacellii;
1132 1138 1253 1178 quem
1276 1123 1354 1163 alio
1381 1122 1469 1162 loco
1498 1122 1588 1160 dico

166 1183 266 1223 mihi
293 1183 421 1223 videri
446 1184 614 1223 similem
641 1183 761 1223 fuisse
798 1182 943 1221 nostris
970 1180 1242 1233 almosynariis
1281 1180 1323 1217 in
1351 1177 1452 1216 aulis
1477 1179 1591 1230 prin-

164 1239 300 1291 cipum
338 1238 639 1279 catholicorum.
692 1238 786 1277 Non
815 1237 920 1276 enim
950 1235 1135 1274 amabant
1164 1236 1294 1287 Impp.
1326 1233 1467 1271 Graeci
1496 1246 1588 1270 mu-

168 1294 291 1332 sicam
316 1294 658 1333 insuvmentalem
701 1300 740 1332 et
766 1306 901 1331 errore
926 1292 1213 1344 superstitionis
1238 1287 1482 1328 monachalis
1526 1288 1589 1325 in-

167 1347 261 1386 secti
327 1361 375 1386 ro
414 1362 460 1387 re
493 1349 602 1401 turpi
642 1355 682 1387 et
710 1349 832 1387 vetita
858 1359 946 1385 eam
978 1345 1194 1384 habehant.
1249 1344 1402 1382 Verum
1429 1342 1591 1396 quidem

169 1408 230 1440 est
242 1431 255 1452 ,
278 1361 496 1455 tKymeIam
510 1431 523 1451 ,
553 1402 595 1442 id
623 1410 681 1442 est
709 1416 868 1441 scenam
884 1430 896 1452 ,
925 1402 967 1439 in
982 1414 1063 1453 qua
1082 1401 1231 1439 musica
1249 1400 1478 1452 praecipuas
1496 1411 1591 1449 par-

170 1462 232 1495 tes
258 1456 422 1510 agebat,
451 1457 669 1496 multorum
694 1458 884 1495 vitiorum
915 1462 1083 1494 matrem
1111 1455 1229 1494 fuisse
1247 1453 1420 1506 antiquis
1435 1459 1590 1504 tempo-

170 1509 307 1560 ribus,
336 1518 377 1550 et
401 1511 660 1564 thymelicos,
688 1511 731 1549 id
757 1518 814 1549 est
841 1510 1050 1548 histriones
1073 1511 1265 1548 musicam
1291 1513 1536 1555 exercentes,
1567 1520 1593 1545 a

169 1564 325 1604 Latinis
353 1565 484 1605 medio
508 1580 607 1606 aevo
633 1564 866 1604 ministellos
892 1564 1042 1614 dictos,
1081 1563 1201 1603 hodie
1229 1563 1429 1602 virtuosos
1455 1561 1595 1599 dicunt

171 1626 214 1658 et
239 1627 429 1659 casu-atos
446 1650 457 1667 ,
486 1620 605 1659 fliisse
621 1634 744 1674 genus
762 1619 971 1658 hominum
986 1618 1327 1671 flagitiosissimum
1342 1645 1354 1666 ,
1382 1615 1593 1668 perdendis

171 1673 310 1714 multis
325 1704 338 1725 ‚
372 1674 615 1715 oblectandis
650 1676 784 1728 paucis
823 1674 971 1713 factum
987 1704 998 1721 ‚
1038 1674 1107 1725 qui
1145 1686 1241 1713 vera
1270 1672 1392 1710 animi
1418 1669 1594 1709 oblecta-

170 1735 307 1768 menm
346 1731 544 1784 ignorant.
600 1730 679 1769 Sed
718 1736 926 1783 propterea
962 1730 1112 1767 musica
1152 1729 1239 1781 ipsa
1274 1726 1474 1765 contemni
1510 1739 1594 1763 non

172 1783 357 1823 debebat.
400 1784 562 1823 Certum
576 1791 710 1823 tamen
738 1791 819 1835 est,
847 1785 1018 1823 Graecos
1045 1783 1096 1822 ab
1125 1797 1171 1822 ea
1197 1781 1310 1821 velut
1336 1794 1360 1819 a
1386 1793 1431 1819 re
1457 1779 1596 1818 infami

174 1837 452 1890 abhorruisse,
483 1853 610 1892 eoque
636 1853 770 1879 errore
808 1842 900 1878 cum
939 1840 1111 1889 Russus,
1154 1845 1243 1876 tum
1282 1834 1596 1874 muhamedanos

173 1892 353 1932 infecisse
370 1922 383 1943 ,
425 1908 599 1946 quorum
634 1894 693 1933 illi
722 1895 915 1932 musicam
941 1891 1282 1932 instrumentalem
1316 1895 1475 1931 om'nem
1514 1889 1597 1928 suis

174 1946 333 1999 templis
360 1947 596 2000 excludunt3
635 1948 679 1987 bi
706 1948 771 1988 vel
798 1950 924 2001 ipsam
952 1962 1110 2001 quoque
1126 1946 1328 1996 vocalem,
1356 1951 1395 1983 et
1422 1957 1470 1983 eo
1500 1957 1598 1996 pro-

177 2001 324 2040 cedunt
339 2002 437 2052 odii,
465 2010 527 2053 ut,
547 2017 673 2056 quum
687 2003 813 2043 velint
829 2002 1026 2056 profligati
1045 2003 1208 2057 pudoris
1225 2001 1428 2040 hominem
1448 1998 1596 2049 dicere,

174 2056 486 2110 criminibusque
500 2058 748 2097 odiosissimis
766 2059 1035 2111 inquinatum,
1056 2057 1234 2107 atheum,
1254 2054 1453 2108 perditum
1465 2083 1477 2102 ‚
1498 2067 1592 2091 eum

173 2110 409 2164 perhibeant
435 2125 532 2151 voce
564 2113 788 2167 fidibusque
814 2127 966 2152 canere.
1021 2113 1127 2152 Hinc
1166 2111 1313 2150 factum
1329 2139 1339 2156 ‚
1374 2115 1419 2147 ut
1446 2107 1595 2160 oppido

175 2179 270 2204 raro
295 2179 368 2218 per
391 2166 567 2206 codicem
585 2167 691 2206 hunc
709 2175 890 2207 nostrum
908 2174 1178 2206 memorentur
1194 2165 1334 2204 musici
1353 2165 1596 2201 instrumen-

175 2220 227 2259 tis
253 2227 438 2259 canentes
457 2249 471 2271 ,
502 2221 721 2274 thymelici.
772 2223 850 2261 Vix
870 2236 1050 2274 unquam
1066 2221 1145 2259 illis
1172 2221 1363 2259 musicam
1390 2231 1501 2256 suam
1529 2230 1597 2255 ex-

177 2287 310 2314 ercere
335 2274 504 2325 licebat,
535 2277 612 2315 nisi
640 2278 795 2316 statutis
819 2276 1058 2329 quibusdam
1086 2275 1226 2314 diebus
1245 2273 1395 2313 solutae
1418 2270 1597 2310 hilarita-

177 2329 228 2368 tis
255 2336 295 2368 et
319 2329 499 2368 licentiae
515 2359 527 2378 ,
554 2330 682 2382 qualis
711 2336 797 2370 erat
823 2331 891 2370 hic
918 2331 1014 2370 ludo
1031 2329 1202 2369 Gothico
1220 2329 1450 2367 destinatus.
1480 2326 1596 2365 Time

177 2385 286 2423 enim
301 2386 450 2423 servari
470 2383 638 2424 debebat
656 2387 840 2438 antiquus
859 2387 960 2424 ritus
975 2386 1018 2423 in
1043 2384 1238 2423 honorem
1264 2382 1469 2422 vetustatis
1482 2409 1494 2428 ‚
1523 2394 1596 2419 ne-

179 2451 259 2490 que
286 2446 442 2492 poterat
467 2439 531 2478 vel
558 2454 582 2478 a
608 2440 908 2493 religiosissimis
936 2438 1184 2492 principibus
1210 2437 1406 2489 abrogari.
1436 2434 1596 2474 Produ-

181 2490 373 2532 oebantur
399 2507 557 2546 quoque
582 2494 794 2548 thymelica
823 2493 1044 2546 spectacula
1061 2494 1103 2531 in
1121 2493 1337 2538 conviviis,
1368 2489 1512 2543 quibus
1538 2488 1595 2528 le-

179 2547 260 2637 qati
287 2550 407 2586 exteri
436 2549 757 2601 excipiebantur3
786 2548 869 2588 vid.
890 2564 931 2601 p.
948 2547 1041 2598 342.
1062 2548 1108 2586 B.
1133 2546 1173 2587 5.
1229 2546 1416 2585 Priorum
1433 2543 1593 2597 quidem

201 2609 470 2661 mperatomm
497 2604 766 2643 Romanorum
803 2603 1018 2642 utebantur
1044 2601 1165 2654 aliqui
1193 2602 1343 2639 musica
1373 2606 1412 2638 et
1437 2599 1596 2653 thyme-

181 2651 268 2694 hcis
293 2657 397 2696 inter
421 2659 711 2710 prandendum.
756 2657 1065 2712 olympiodorus
1094 2655 1199 2709 apud
1227 2655 1416 2694 Photium
1445 2668 1485 2706 p.
1509 2654 1596 2692 108.

183 2708 245 2749 ed.
274 2709 446 2752 Hoesch.
474 2713 524 2755 de
562 2714 792 2755 Constantio
832 2712 929 2752 haec
959 2717 1123 2752 narrat:
1156 2703 1207 2763 ἦν
1233 2704 1522 2754 Κωνωάπιος
1549 2707 1593 2747 ἐν
