1884 3132
272 128 387 203 670
442 135 445 140 '
561 145 641 186 10.
681 144 788 187 mc.
838 146 1034 188 Raisxn
1074 136 1458 191 COMMENTARII'

278 249 424 287 Graeci
459 247 722 301 superstitiosi
756 248 962 288 credentes
989 250 1171 304 Angelos
1195 249 1323 290 alatos
1344 265 1456 302 esse,
1483 253 1578 306 qnia
1609 253 1738 292 inve-

278 303 385 342 xillis
410 310 608 343 retentam
634 318 679 342 ex
712 305 880 357 antiquo
905 304 1072 357 figuram
1108 305 1255 345 alatam
1283 307 1480 346 videbant
1497 337 1508 355 ‚
1547 309 1736 362 ignoran-

281 365 340 398 tes
372 373 460 398 eam
483 360 705 398 Victoriam
740 373 845 407 esse,
874 374 895 399 e
919 375 1074 413 pagano
1093 365 1259 402 numine
1284 362 1471 416 angelum
1495 363 1734 403 MichaiSlem

281 413 520 454 efficiebant.
579 415 634 454 Et
664 415 875 454 excusandi
908 416 1085 469 profecto
1111 424 1217 456 sunt.
1275 417 1379 457 Sane
1406 418 1577 471 pictores
1609 420 1735 458 nostri

281 484 365 509 non
399 470 514 509 aliter
550 471 722 524 pingunt
746 469 933 523 angelos,
964 486 1085 524 quam
1118 473 1286 512 victorIa
1315 475 1357 512 in
1383 474 1560 513 nummis
1584 475 1738 527 primo-

281 539 374 564 rum
407 526 699 579 Imperatorum
732 525 861 565 efficta
895 528 1159 580 conspicitur3
1197 543 1238 567 v.
1268 542 1304 567 e.
1338 542 1374 567 c.
1404 542 1591 567 nummos
1624 528 1734 568 Con-

284 582 450 620 stantini
477 582 586 635 apud
620 581 689 619 Du
712 580 908 635 Cangium
949 583 1067 621 Fam.
1099 584 1195 638 Byz.
1228 598 1270 636 p.
1289 582 1355 623 56.
1377 591 1417 623 et
1439 583 1657 623 Theodosii
1693 599 1735 638 p.

283 635 354 675 61.
391 636 429 675 A
466 637 630 676 Graecis
661 636 852 675 vexillum
889 636 967 677 hoc
998 639 1132 677 Latini
1166 638 1286 677 medii
1313 639 1402 678 aevi
1431 653 1592 693 quoque
1623 653 1736 678 assu-

285 691 471 741 mebant,
502 700 549 732 ut
575 691 654 731 alia
684 691 838 739 multa,
873 700 912 731 et
944 693 1140 746 Angelum
1165 693 1450 747 appellabant3
1488 709 1529 734 v.
1550 695 1617 733 Du
1630 694 1738 733 Can-

285 761 334 800 ge
355 761 397 786 v.
417 746 591 802 Angelus·
611 778 624 798 ‚
651 747 722 786 ubi
739 748 844 786 inter
871 747 1251 789 aliaeWittekindo
1272 749 1370 788 haec
1395 751 1516 789 citat:
1550 751 1592 789 in
1618 751 1735 805 quin-

287 811 330 841 ta
356 803 441 842 acie
459 833 470 851 ,
502 818 602 859 quae
627 811 714 842 erat
740 805 922 842 maxima
936 835 947 852 ,
977 813 1016 842 et
1050 805 1254 844 dicebatur
1279 806 1389 857 regia
1403 835 1414 851 ,
1449 805 1530 860 ipse
1551 806 1737 860 princeps

284 858 455 900 vallatus
488 859 588 898 lecta
629 872 684 897 ex
717 859 847 897 mallis
867 860 1036 898 militum
1074 861 1245 899 millibus
1287 861 1489 914 alacrique
1525 861 1735 910 iuventute,

283 927 491 970 coramque
526 928 571 954 eo
605 913 779 966 angelus,
808 928 931 968 penes
953 928 1070 969 quem
1097 916 1267 954 vz'ctoria
1284 945 1295 964 ,
1327 915 1446 955 denso
1472 917 1628 968 agmine
1653 917 1735 954 cir«

283 978 514 1024 czcmseptas.
574 968 802 1008 Credebant
834 969 954 1022 igitur
979 969 1075 1008 boni
1106 971 1233 1009 nostri
1256 971 1430 1018 ¹maiores
1464 984 1509 1008 ex
1542 969 1647 1009 male
1674 971 1731 1008 in-

285 1023 445 1064 tellecta
470 1023 658 1077 ambigua
694 1024 909 1063 traditione
929 1052 941 1072 ,
980 1026 1189 1064 victoriam
1227 1025 1284 1064 ibi
1308 1039 1419 1074 esse,
1467 1025 1539 1064 ubi
1570 1025 1735 1078 angelus

286 1086 403 1118 esset.
460 1080 516 1119 Et
546 1086 631 1118 erat
660 1092 813 1122 revera.
869 1078 980 1118 Nihil
1018 1080 1124 1119 enim
1175 1080 1283 1119 aliud
1307 1080 1493 1132 angelus,
1519 1094 1639 1133 quam
1673 1082 1737 1119 vi-

287 1136 438 1182 ctoria,
478 1149 628 1174 numen
658 1134 842 1173 fictitium
866 1136 1112 1188 paganismi,
1144 1150 1252 1174 novo
1269 1131 1498 1174 Christiano
1520 1135 1666 1189 Angeli
1697 1143 1737 1174 et

285 1189 577 1243 Archistrategi
605 1190 765 1228 nomine
791 1190 1000 1228 donatum.
1058 1190 1368 1230 Consideremus
1395 1205 1604 1229 nummum
1626 1190 1736 1229 Lon-

285 1245 572 1297 gobardicum,
609 1259 729 1298 quem
757 1245 948 1284 Horatius
964 1243 1136 1285 Blancus
1165 1246 1216 1284 ad
1242 1245 1414 1284 Paulum
1431 1245 1732 1286 Warnefridum

285 1301 329 1338 in
353 1300 492 1339 eadem
524 1300 661 1339 tabula
691 1314 781 1339 aere
801 1314 1008 1353 expressa,
1038 1315 1118 1354 qua
1153 1315 1342 1339 coronam
1371 1301 1539 1339 ferream
1567 1301 1736 1340 Modo&-

286 1355 456 1395 tiensem
481 1355 684 1401 exhibuit,
726 1369 817 1394 cum
852 1356 1112 1408 inscriptione
1143 1355 1309 1394 Sanctus
1348 1356 1527 1395 Michae'l
1565 1369 1738 1409 eumque

287 1425 564 1464 comparemus
600 1425 691 1450 cum
718 1413 893 1450 nummis
918 1412 1163 1463 victoriatis3
1206 1410 1359 1450 nullam
1390 1411 1632 1464 'reperiemus
1659 1411 1739 1449 dif-

289 1465 500 1505 ferentiam
544 1468 649 1505 inter
682 1467 846 1516 ambos,
887 1467 963 1504 nisi
1018 1466 1147 1516 hanc,
1192 1467 1301 1520 quod
1327 1467 1495 1506 victoria
1527 1466 1637 1505 nudo
1667 1473 1738 1504 aut

290 1520 472 1562 laureato
499 1522 626 1575 capite
661 1529 745 1573 est,
787 1522 830 1561 S.
861 1521 1035 1561 Michae‘l
1065 1529 1199 1561 autem
1222 1536 1302 1560 non
1335 1521 1486 1575 pileum
1506 1551 1516 1569 ,
1548 1528 1594 1560 ut
1622 1521 1736 1560 vide-

289 1583 383 1627 tur,
415 1577 485 1617 sed
521 1577 703 1616 nimbum
741 1578 845 1616 circa
884 1584 1006 1629 caput
1037 1576 1174 1616 habet.
1230 1578 1353 1616 Moris
1389 1576 1508 1615 huius
1538 1577 1650 1629 signa
1673 1577 1736 1615 vi·-

291 1634 443 1672 ctoriae
473 1634 515 1672 in
549 1633 866 1686 processionibus
895 1632 1196 1671 circumferendi
1228 1633 1391 1685 vestigia
1423 1639 1635 1684 supersunt
1660 1631 1734 1669 ad-

290 1688 372 1728 huc
412 1689 452 1727 in
482 1688 644 1727 ecclesia
680 1689 847 1728 Graeca.
905 1688 1041 1727 Refert
1076 1690 1182 1727 enim
1223 1687 1446 1741 Stephanus
1468 1685 1655 1724 Gerlach.
1691 1687 1734 1724 in

290 1744 432 1784 Diario
459 1744 624 1783 CPtano
650 1758 693 1796 p.
714 1742 810 1798 474.
829 1773 840 1794 ,
873 1742 943 1782 ubi
972 1744 1071 1782 ritus
1098 1743 1355 1796 processionis
1386 1740 1582 1795 paschalis
1611 1741 1735 1779 Grae-

293 1813 434 1841 corum
455 1800 641 1838 describit
659 1828 670 1847 ,
714 1799 770 1837 sic
801 1798 1037 1852 processisse
1089 1797 1283 1837 litaniam.
1361 1797 1546 1836 Primum
1583 1797 1738 1835 venisse

290 1853 631 1908 protosyncellum
654 1868 746 1893 cum
773 1855 908 1893 codice
939 1854 1146 1907 Evangelii
1178 1854 1221 1893 S.
1271 1853 1451 1902 loannis,
1480 1851 1627 1891 lamina
1662 1865 1741 1889 au·

293 1924 363 1949 rea
390 1918 496 1949 tecto
515 1939 526 1960 ,
571 1910 790 1949 secundum
829 1909 1184 1948 hieromonachum
1222 1922 1314 1947 cum
1353 1921 1470 1947 cruce
1511 1906 1739 1957 stationali,

293 1967 459 2004 tertium
498 1965 671 2018 psaltum
717 1979 809 2004 cum
843 1965 1014 2018 imagine
1051 1964 1199 2003 Christi
1234 1977 1256 2002 e
1295 1963 1476 2016 sepulcro
1519 1962 1739 2015 surgentis,

294 2028 440 2075 quarto
482 2020 571 2060 loco
609 2022 843 2074 processisse
882 2020 962 2058 duo
1008 2018 1366 2069 hieromonachos,
1414 2031 1586 2072 quorum
1610 2030 1740 2055 unus-

295 2077 465 2131 quisque
495 2079 707 2129 gestaverit
737 2090 759 2115 e
792 2082 910 2122 conto
949 2075 1165 2113 rotundam
1211 2074 1331 2113 latam
1361 2073 1594 2112 deauratam
1621 2071 1739 2110 lami-

295 2146 418 2180 nam,
470 2146 590 2186 super
627 2146 706 2185 qua
746 2129 898 2170 effictus
940 2129 1194 2168 Cherubinus
1241 2130 1345 2168 senis
1388 2129 1461 2167 alis
1507 2129 1740 2166 instructus-

294 2189 415 2227 M1tto
442 2186 611 2240 reliqua.
681 2186 901 2239 Aliquanto
929 2192 1019 2238 post
1046 2185 1273 2224 describens
1311 2185 1417 2223 idem
1449 2184 1740 2236 processionem

295 2252 514 2284 sacrorum}
546 2242 745 2281 donorum
774 2255 795 2280 e
824 2240 1007 2279 Tribuna
1040 2241 1082 2278 in
1110 2240 1269 2290 Naum,
1319 2241 1374 2278 sic
1407 2240 1490 2277 ait:
1543 2235 1752 2288 „Darazff

276 2299 396 2353 finge
437 2298 503 2337 die
544 2311 676 2350 grosse
708 2296 936 2336 Procession
975 2295 1072 2334 oder
1098 2295 1171 2333 der
1213 2295 1394 2348 Umgang
1434 2308 1486 2333 an
1507 2322 1518 2343 ,
1547 2293 1618 2341 dar
1637 2291 1742 2328 εει-Ιώ

294 2355 392 2392 oder
415 2353 542 2391 sieben
574 2368 623 2391 zu
644 2353 718 2391 der
742 2353 896 2390 Izinlern
929 2351 1058 2390 leiire
1087 2350 1155 2389 des
1185 2351 1305 2390 Clzors
1336 2350 1469 2404 [porta
1492 2353 1625 2386 sancta
1646 2357 1740 2398 par-

296 2422 350 2448 va
378 2409 430 2447 ad
460 2408 639 2447 dextram
673 2408 841 2446 bematis
887 2405 1063 2460 laterali]
1092 2408 1229 2444 nemus
1244 2437 1254 2453 ,
1297 2406 1379 2444 und
1418 2405 1460 2442 in
1488 2403 1561 2441 der
1594 2400 1740 2438 Kimlze

296 2479 372 2516 gar
396 2465 572 2515 langsam
605 2465 739 2501 herum
761 2464 916 2515 gingen.
976 2461 1047 2499 Da
1073 2461 1267 2513 betzezgten
1294 2461 1375 2499 sich
1404 2459 1483 2496 alle
1521 2454 1743 2495 Anwesen-

296 2520 373 2558 den
388 2548 400 2566 ,
430 2519 566 2557 etliclie
595 2518 715 2570 fielen
734 2530 811 2570 gar
845 2517 1080 2563 darnieder,
1123 2517 1270 2555 andere
1309 2513 1538 2554 erwischten
1558 2510 1633 2548 der
1649 2510 1742 2547 ller-

298 2573 562 2626 umgelzenden
583 2564 769 2612 ⁴Priester
794 2572 960 2610 Kleider
991 2572 1074 2610 und
1111 2571 1242 2609 hiisten
1283 2571 1352 2607 sie.
1409 2567 1498 2605 Der
1519 2572 1615 2604 erste
1652 2573 1746 2617 trug

298 2627 374 2665 das
396 2628 511 2666 Brod
550 2642 636 2667 zum
677 2627 947 2666 Abendmalzle
978 2628 1059 2678 anf
1081 2626 1172 2664 dem
1206 2625 1328 2678 Kopf
1355 2623 1427 2660 mit
1452 2622 1576 2658 eine-m
1603 2621 1741 2657 rothen

299 2682 427 2720 leinen
477 2683 516 2721 T
511 2685 604 2722 uclze
641 2682 786 2721 bedekt.
842 2683 995 2720 Zween
1036 2681 1180 2718 andere
1219 2689 1355 2730 trngen
1400 2690 1533 2714 zween
1573 2674 1742 2721 Kdvhe,

302 2738 413 2776 einen
439 2737 525 2777 voll
546 2766 557 2786 ,
586 2737 663 2777 den
683 2737 856 2776 anderen
882 2737 964 2775 leet·
977 2753 989 2774 .·
1044 2735 1118 2774 der
1139 2735 1261 2773 vierte
1275 2731 1359 2772 und
1369 2732 1515 2784 fiitfie
1531 2730 1598 2769 die
1627 2740 1745 2782 zwer
