1826 3126
219 186 296 232 Ab
336 185 635 232 CONSTANT.
675 184 875 227 Pomm.
924 184 998 224 DE
1035 181 1216 225 cmm.
1254 182 1352 223 Lm.
1391 183 1425 221 1.
1478 161 1548 218 25

111 299 260 347 posset.
314 291 419 331 Satis
449 296 569 329 notus
591 286 658 328 ille
680 299 767 326 mos
782 292 995 339 patronos,
1023 274 1232 327 Senatores
1250 313 1263 334 ,
1290 283 1551 337 Imperatores

113 346 342 397 salutandi,
370 353 419 385 ut
443 346 494 384 de
510 343 580 384 illo
605 343 735 382 dicere
765 341 831 380 hic
864 340 941 380 loci
972 354 1309 393 supervacaneum
1327 340 1393 378 sit.
1450 340 1548 379 vid.

109 402 201 443 Ser.
232 402 328 441 hist.
362 400 471 454 Aug.
498 400 552 438 T.
579 399 614 437 Ι.
631 413 674 450 p.
694 411 764 451 29.
820 397 999 434 Tantum
1030 396 1071 434 id
1101 395 1230 434 dicam
1249 424 1262 445 ,
1290 402 1336 434 ut
1367 401 1551 434 veterum

107 457 403 510 Imperatorum
418 454 546 494 maior
560 460 730 507 potestas
745 481 758 502 ,
787 451 921 490 minus
947 450 1165 490 invidiosus
1192 458 1233 490 et
1254 450 1452 490 remissior
1465 457 1551 490 erat

111 512 273 563 cultus,
317 511 374 550 ita
404 510 692 564 posteriorum,
736 521 807 546 seu
841 506 1153 560 Byzantinorum
1171 535 1183 556 ,
1226 506 1268 544 in
1296 506 1450 544 minore
1478 520 1552 559 po-

109 573 252 609 ,testate
277 565 522 606 ambitiosior
546 571 587 603 et
611 563 735 616 magis
763 562 987 615 pompatica
1009 567 1129 614 atque
1164 557 1338 613 φορτική
1371 568 1456 599 erat
1481 575 1551 600 ve-

109 623 292 672 nerati03
332 627 374 660 et
405 619 568 674 perinde
606 631 767 672 quoque
792 617 1048 656 salutationes
1074 629 1283 668 procerum
1302 645 1314 665 ‚
1361 629 1444 654 non
1473 617 1552 655 iam

110 677 225 719 velut
253 675 474 716 amicorum
504 673 640 728 paullo
670 673 903 713 inferiorum
918 701 930 722 ‚
963 671 1034 710 sed
1058 678 1105 709 ut
1133 670 1264 709 cultus
1283 685 1305 709 a
1329 671 1452 710 servis
1480 672 1551 711 de·

106 731 218 773 bitus
241 739 284 771 et
305 731 431 785 rigide
459 738 635 769 exactus.
694 729 741 768 In
770 727 847 767 illis
876 726 1117 781 quotidianis
1133 725 1447 778 processionibus
1464 741 1550 766 ma-

109 783 250 827 tutinis
275 785 328 826 ab
358 786 459 826 hora
486 785 564 825 diei
591 784 718 838 prima
751 783 841 835 (vel
873 783 1038 836 septima
1066 781 1206 831 nobis)
1238 795 1365 834 usque
1395 783 1553 820 tertiam

109 844 204 893 (seu
229 841 422 881 decimam
452 840 555 890 fere)
589 847 631 880 et
657 839 938 893 pomeridianis
961 837 1122 890 patebat
1147 836 1338 890 palatium
1354 866 1366 887 ‚
1399 836 1553 890 reliquo

108 904 287 951 tempore
315 896 495 936 clausum
521 902 632 946 erat3
666 902 713 934 ut
741 909 763 933 e
792 901 931 934 nostro
957 891 1220 932 Ceremoniali
1237 893 1268 930 l.
1285 907 1322 930 c.
1340 898 1420 931 ete
1437 893 1552 931 Luit-

105 952 253 1006 prandi
276 951 472 1006 legatione
497 951 678 990 discitur.
732 950 863 989 Erant
890 948 980 989 illae
1008 948 1276 1001 processiones
1303 954 1350 985 ut
1377 961 1554 987 conven-

108 1014 176 1047 tus
199 1014 426 1047 nostrorum
451 1020 661 1060 procerum
685 1007 729 1046 in
745 1018 819 1044 sua
844 1003 1061 1046 tribunalia
1076 1033 1090 1055 ,
1124 1010 1194 1042 aut
1221 1002 1273 1041 ad
1298 1003 1438 1042 intima
1456 1017 1553 1042 con-

106 1062 199 1102 silia
217 1077 310 1102 cum
336 1062 499 1102 domino
524 1061 725 1115 agitanda.
781 1061 886 1099 Nam
915 1074 986 1113 per
1018 1059 1105 1099 illas
1129 1058 1395 1112 processiones
1424 1058 1553 1097 admi·

109 1117 387 1160 lustrabantur
410 1118 563 1171 imperii
588 1118 761 1170 negotia.
818 1117 935 1156 Patet
963 1129 1008 1155 ex
1025 1121 1161 1154 nostro
1189 1113 1449 1152 Ceremoniali
1467 1143 1480 1164 ‚
1514 1120 1555 1152 et

114 1187 163 1212 ex
196 1173 482 1213 Continuatore
508 1173 715 1212 Constant.
740 1173 782 1211 in
811 1172 956 1224 Script.
983 1177 1070 1224 post
1100 1168 1337 1221 Theophan.
1357 1183 1395 1222 p.
1410 1168 1484 1210 88.
1504 1170 1553 1220 Β,

109 1227 183 1269 ubi
209 1229 402 1282 interpres
418 1235 592 1269 mentem
619 1228 792 1268 auctoris
809 1235 849 1266 et
865 1226 1048 1266 dictionis
1081 1219 1107 1277 ἦ
1137 1225 1237 1273 καθ’
1260 1219 1423 1277 ἡμέραν
1450 1237 1556 1276 upo-

108 1282 276 1329 έλευσις
308 1297 392 1323 non
426 1284 616 1337 percepit.
671 1283 808 1323 Verba
845 1290 962 1322 sunt:
1007 1277 1080 1327 τὰς
1107 1275 1307 1332 συνήθεις
1333 1279 1416 1319 τῶν
1445 1293 1556 1332 πρα-

106 1334 278 1390 γμάτων
308 1336 551 1391 ἀντιλήψεις
578 1334 652 1378 καί
679 1339 779 1377 καθ’
807 1332 970 1389 ἡμέραν
1014 1335 1091 1391 [ita
1120 1335 1175 1374 ibi
1207 1333 1307 1388 lcg.]
1355 1330 1555 1387 προελεύ-

109 1405 199 1440 σεις
234 1391 279 1432 ἐν
310 1392 425 1448 αὐτῷ
465 1390 516 1446 δὴ
557 1391 615 1448 τῷ
640 1390 841 1448 τρικόγχῳ
881 1391 1070 1441 ἑξετέλει.
1123 1390 1360 1445 Perficz'ebat
1384 1392 1554 1428 curatio-

107 1461 178 1487 nes
212 1462 342 1487 rerum
368 1458 407 1487 et
430 1449 680 1505 quotidianas
711 1450 972 1503 processiones
1012 1447 1057 1485 in
1082 1447 1167 1501 ipso
1200 1446 1242 1484 T
1235 1446 1432 1484 riconcho.
1491 1446 1554 1484 Ita

112 1501 285 1542 debebat
314 1503 443 1542 reddi.
473 1504 596 1544 Notat
622 1504 700 1542 hoc
717 1504 866 1542 factum
892 1502 1131 1551 historicus,
1160 1508 1208 1539 ut
1234 1500 1421 1539 insolens.
1451 1499 1558 1538 Nam

112 1556 211 1596 alias
233 1559 488 1610 quotidianae
512 1560 776 1613 processiones
808 1560 851 1598 in
879 1555 1192 1612 Chrysotriclino
1219 1555 1369 1594 fiebant
1387 1584 1399 1607 ‚
1428 1561 1476 1594 ut
1505 1569 1555 1594 ex

111 1618 250 1651 nostro
275 1612 363 1651 loco
389 1620 513 1665 patet.

221 1665 332 1718 4.Α.
347 1667 421 1706 ult.
441 1667 504 1723 [6‚
522 1666 581 1721 1.]
605 1663 981 1719 ὖπομιμνὴσκουσι.
1008 1665 1260 1716 Consultant,
1291 1665 1554 1719 interrogant,

114 1721 367 1762 sciscitantur
393 1723 477 1762 eius
503 1737 703 1763 assensum
717 1753 729 1773 ,
758 1723 1050 1772 dissensumve,
1090 1728 1130 1760 et
1158 1722 1199 1760 in
1225 1728 1435 1774 utramque
1459 1735 1553 1774 par-

111 1782 194 1816 tem
235 1776 494 1821 voluntatem.
553 1779 615 1818 Ita
648 1785 814 1832 usurpat
856 1777 1063 1816 Constant.
1101 1777 1187 1815 Vit.
1219 1775 1339 1815 Basil.
1374 1791 1416 1829 p.
1458 1775 1551 1827 144.

108 1831 168 1870 D.
185 1830 226 1871 5.
261 1831 406 1886 aliique
424 1834 633 1887 Byzantini
660 1835 838 1887 saepius,
867 1840 907 1872 et
932 1833 1012 1886 ipse
1041 1832 1119 1870 iam
1137 1833 1197 1870 Μ.
1217 1831 1447 1870 Antoninus
1461 1831 1552 1884 phi-

112 1884 301 1939 losophus
318 1887 393 1927 lv.
416 1888 479 1928 16.
497 1903 540 1942 p.
560 1888 630 1928 81.
650 1889 726 1928 ult.
760 1890 824 1928 ed.
853 1889 959 1927 Mer.
992 1887 1213 1926 Casauboni
1225 1915 1237 1936 ,
1271 1886 1351 1925 imo
1376 1887 1457 1939 ipse
1473 1887 1553 1925 iam

109 1940 399 1992 Demosthenes
423 1959 466 1997 p.
488 1946 559 1998 47.
579 1944 647 1983 38.
682 1945 746 1983 ed.
776 1944 977 1983 Lambini.
1034 1942 1135 1980 Inde
1166 1937 1447 1993 ὑπομνήματα
1480 1956 1551 1995 ap-

108 1995 312 2049 pellantur
325 2027 337 2048 ,
370 2013 439 2038 seu
458 1999 765 2039 consultationes
783 1998 1109 2038 patriarcharum
1124 2026 1136 2047 ,
1169 1995 1260 2035 illae
1279 1995 1416 2035 literae
1436 2026 1448 2047 ,
1479 2011 1552 2049 per

108 2065 210 2104 quas
224 2055 459 2093 sententiam
474 2054 524 2093 de
539 2055 693 2094 casibus
710 2055 841 2094 dubiis
864 2061 1062 2107 rogantur
1079 2060 1119 2091 et
1148 2051 1296 2105 quibus
1327 2047 1375 2090 τὸ
1403 2050 1553 2091 δοκοῦν

108 2105 382 2148 subscribunt.
437 2110 535 2148 Vid.
565 2111 633 2149 Du
669 2111 800 2164 Gange
837 2110 966 2165 Closs.
1003 2110 1076 2147 Gr.
1095 2107 1141 2146 h.
1160 2122 1202 2146 v.
1234 2114 1275 2146 et
1309 2121 1412 2160 quae
1445 2107 1551 2146 docti

108 2159 356 2204 Benedictini
381 2171 560 2204 auctores
577 2180 704 2205 novae
719 2166 830 2205 Artis
855 2164 1129 2218 diplomaticae
1148 2164 1200 2201 T.
1218 2163 1254 2201 1.
1272 2168 1368 2201 sect.
1387 2175 1429 2201 2.
1450 2162 1548 2216 Cap.

108 2215 147 2254 1.
182 2218 298 2257 artic.
330 2219 372 2258 3.
415 2227 501 2258 toto
543 2221 593 2259 de
631 2222 813 2261 ιἠᾱίειιῖιζς
855 2221 1073 2273 disputant.
1139 2217 1345 2257 Interdum
1389 2232 1550 2272 quoque

109 2278 239 2324 potest
264 2274 387 2327 accipi
412 2289 485 2327 pro
501 2276 619 2324 citat,
650 2286 801 2315 evocat.
858 2277 913 2315 Et
942 2290 990 2314 eo
1016 2274 1136 2314 modo
1164 2279 1399 2326 usurpatum
1429 2273 1549 2312 fuisse

104 2326 319 2367 admonere
347 2330 454 2382 apud
468 2331 632 2371 Latinos
649 2332 767 2371 medii
786 2332 874 2370 aevi
895 2338 1050 2370 constat
1067 2345 1112 2368 ex
1131 2331 1198 2367 Du
1214 2329 1348 2383 Cange
1365 2328 1438 2369 Gl.
1453 2330 1545 2367 Lat.

107 2393 152 2418 V·
180 2382 394 2423 admonitio
422 2384 610 2425 debitoris
627 2416 639 2436 ,
671 2389 926 2435 sommation‚
971 2387 1279 2437 adjournement.
1335 2384 1547 2438 Suggerem

110 2449 271 2491 quoque
295 2445 335 2477 et
365 2443 549 2492 suggestio
578 2442 739 2481 dicitur.
775 2442 856 2482 vid.
874 2441 1067 2480 Alteserr.
1087 2440 1139 2479 ad
1157 2440 1342 2479 Anastas-
1358 2454 1401 2493 Ρ.
1421 2439 1491 2481 56.

220 2493 254 2530 Β
274 2508 309 2532 1.
330 2493 394 2548 [6‚
411 2494 472 2548 2.]
502 2492 677 2543 τούτοις.
711 2497 885 2536 Membr.
922 2493 1110 2541 τούτους.

219 2547 268 2585 Β.
291 2547 334 2598 4.
374 2548 436 2602 [6,
453 2549 516 2604 4.]
562 2552 639 2590 τοῦ
686 2546 996 2602 κουβουκλειόυ.
1056 2547 1107 2590 Οἱ
1143 2550 1219 2590 τοῦ
1257 2545 1547 2601 κουβουκλεὼυ

111 2607 207 2639 sunt
254 2603 483 2643 cubicularii
498 2635 510 2655 ‚
554 2621 726 2660 quorum
758 2607 942 2660 frequens
975 2606 1052 2644 hoc
1081 2607 1123 2645 in
1154 2619 1272 2659 opere
1302 2605 1452 2644 mentio
1485 2604 1545 2643 fit.

111 2653 242 2695 Erant
271 2671 407 2698 omncs
436 2661 639 2709 eunuchi,
673 2669 713 2701 et
743 2662 819 2701 sub
851 2662 1104 2714 dispositione
1118 2660 1361 2714 Praepositi,
1394 2660 1445 2698 de
1467 2673 1548 2712 quo

111 2723 290 2763 superius
314 2715 480 2766 egimus.
537 2717 666 2756 Video
697 2732 721 2756 a
736 2718 931 2756 Fabrotto
955 2724 995 2755 et
1011 2718 1079 2755 Du
1097 2717 1246 2770 Cangio
1273 2714 1547 2754 Cubicularios

115 2770 157 2803 ct
172 2765 396 2808 Coetonitas
418 2784 490 2823 pro
505 2771 644 2812 iisdem
657 2772 796 2812 haberi
812 2803 825 2826 ,
857 2771 1157 2812 auctoritatibus
1174 2786 1257 2813 non
1284 2778 1544 2811 contemnen-
