1884 3132
276 142 385 194 7¹0
547 139 619 179 io.
665 137 771 179 1Ac.
818 138 1014 178 REisKn‘
1062 138 1438 180 COMMENTARH

274 257 358 281 rem
405 243 445 280 S.
489 242 646 280 Ioannis
684 244 938 294 propinasse,
989 249 1027 280 et
1066 243 1172 280 idem
1213 242 1342 281 solere
1380 256 1576 296 caupones
1603 244 1717 296 istius

273 305 425 337 tractus
453 311 590 334 omues
619 298 840 347 hospitibus
868 312 891 335 a
920 311 961 335 se
991 297 1232 336 abeuntibus
1261 297 1419 342 offerre..

388 353 434 390 B.
460 354 496 391 5.
528 352 641 405 [602,
671 352 756 405 16]
786 354 873 402 μιλ.
934 352 1114 389 Dubium
1137 351 1231 390 mihi
1265 360 1420 399 natum,
1452 366 1629 391 unumne
1649 355 1718 390 mi-

277 407 471 455 harense,
515 421 564 444 an
608 407 725 458 plura
765 415 874 445 notet
911 407 988 445 hoc
1017 408 1311 459 compendium.
1369 408 1485 446 Certe
1514 412 1545 446 si
1573 414 1719 460 reputo

274 477 426 501 morem
455 461 624 512 librarii,
653 463 723 500 ubi
743 462 909 515 pluralis
927 462 1207 549 Significlmdus
1225 470 1283 501 est
1306 462 1456 502 litteras
1473 462 1715 515 geminandi:

1052 518 1071 549 λ

280 565 400 627 (qnod
431 564 498 602 hie
527 578 607 601 non
626 564 739 602 feeit:
774 578 853 603 non
883 565 987 603 enim
1015 578 1065 613 μι
1093 563 1162 602 sed
1191 563 1253 614 μι)
1280 563 1488 616 scripserat
1501 563 1527 614 .)
1559 547 1722 607 videtur

277 621 388 672 prius
425 618 612 667 madai,
653 619 807 672 singula
845 619 1010 672 singulis
1048 618 1140 657 data
1173 618 1292 658 fuisse
1327 618 1581 658 miliarensia.
1636 619 1718 658 Ve-

278 690 368 714 ium
409 675 508 715 mihi
548 674 710 726 quidem
747 676 865 713 nimis
907 676 1107 712 minutum
1137 674 1267 713 visum
1299 674 1376 712 fuit
1400 666 1602 714 tantillum
1628 687 1719 713 mu-

280 730 494 768 nusculum
524 743 597 780 pio
625 731 828 768 maiestate
855 732 955 768 tanti
991 729 1160 795 imperii.

389 786 498 823 C.1.
532 783 754 837 [(·502‚23.]
787 786 860 836 τῆς
887 781 1418 837 gisoea11u'vqg.Religiose
1443 782 1522 832 hie,
1541 790 1587 822 ut
1606 781 1718 832 alias,

281 840 445 879 exhibui
485 840 738 891 scriptionem
769 848 808 877 et
838 840 1226 904 interpunctionem
1228 838 1568 877 membranmffum
1625 837 1723 876 Mal

279 895 357 934 leni
388 903 520 934 tamen
549 896 602 932 sic
631 896 890 933 constitutum
916 894 1093 932 habene:
1124 916 1164 922 —-
1199 889 1440 932 ἀνίστανται
1467 893 1542 944 τῆς
1567 891 1723 943 toani-

283 951 331 1002 ζ’]
309 964 354 1002 ης
384 965 453 988 και
463 946 745 1054 4ἑζεοχόμενοι
775 946 845 988 du)
874 949 949 999 τῆς
985 945 1292 1000 ἐλεφαντύκης,
1310 947 1520 998 ἐξέρχεται
1549 955 1629 986 etc.

392 1005 437 1042 C.
463 1004 649 1057 4[(]c3‚
673 1002 726 1056 2.]
766 1001 1074 1054 ,ιιυστικωτέρα.
1154 1004 1260 1052 Quia
1299 1010 1456 1040 tantum
1510 1001 1726 1055 imperialis

280 1059 431 1098 familia
459 1033 534 1097 illis
562 1058 689 1110 epulis
719 1061 867 1097 inter-ei
869 1065 934 1106 .,1t
963 1057 1191 1109 piocei‘ibus
1218 1056 1398 1107 exclusis,
1427 1057 1503 1095 nisi
1533 1059 1603 1109 qui
1630 1071 1726 1109 quo-

282 1114 380 1152 tidie
400 1116 504 1152 circa
526 1113 751 1165 Augustum
782 1121 821 1152 et
838 1113 1061 1165 Augustam
1090 1119 1246 1161 essent,
1275 1112 1343 1150 diu
1375 1118 1588 1164 noctuque.
1628 1112 1725 1151 Fuit

283 1183 377 1219 ergo
409 1169 508 1207 illud
537 1168 698 1220 quidem
727 1168 958 1206 convivium
985 1166 1103 1220 quale
1130 1166 1246 1205 olim
1257 1167 1312 1205 sie
1353 1166 1504 1206 dictum
1537 1180 1723 1219 συγγενι-

282 1220 352 1262 κὸν
387 1224 425 1261 in
456 1222 547 1261 aula
578 1237 716 1274 regum
745 1224 977 1272 Persarum,
1006 1223 1057 1260 de
1083 1236 1182 1288 quo
1192 1220 1423 1260 Athenaeus
1449 1236 1488 1274 p.
1510 1220 1576 1272 48.

393 1279 446 1316 D.
502 1277 772 1341 .[605‚1q.]
805 1273 875 1316 διὰ
909 1274 957 1322 ις’
989 1291 1056 1315 και
1086 1273 1138 1315 τὰ
1162 1271 1296 1327 ἐγγὺς.
1354 1276 1476 1326 Quod
1494 1290 1576 1314 non
1594 1275 1729 1315 obser·

282 1346 421 1381 varein
464 1347 604 1371 verum
622 1362 633 1381 ‚
676 1334 746 1385 qui
773 1332 840 1370 hic
868 1332 943 1370 loci
974 1332 1155 1380 obtinet,
1199 1332 1460 1383 significatum
1495 1332 1604 1370 vocis
1633 1329 1728 1382 τρά-

283 1388 403 1436 πεζοι,
423 1389 589 1440 contigit
608 1388 720 1436 mihi,
745 1395 790 1425 ut
804 1389 846 1425 in
862 1387 938 1426 hoc
958 1386 1047 1425 loco
1067 1394 1106 1425 et
1121 1385 1316 1424 similibus
1338 1385 1460 1439 paulo
1476 1385 1728 1425 inferioribus

286 1419 546 1481 velieinentcr
575 1457 598 1480 a
627 1457 722 1481 vero
752 1443 1006 1492 aberrarem,
1036 1449 1076 1480 et
1104 1442 1234 1480 dubiis
1262 1456 1326 1480 me
1355 1441 1637 1493 implicarem'
1627 1455 1734 1490 inex-¹

289 1497 565 1549 plicabilibus.
631 1493 822 1547 Τοάπεζα
853 1497 918 1535 hic
949 1498 1024 1536 loci
1056 1512 1138 1535 non
1165 1511 1336 1535 mensam
1361 1495 1633 1544 materialem,
1664 1496 1732 1540 cui

285 1553 482 1591 assidetm
522 1552 763 1592 convivandi
809 1566 928 1591 causa
969 1560 1008 1591 et
1047 1553 1112 1591 cui
1149 1551 1268 1604 dapes
1306 1553 1597 1615 imponuntur,
1659 1551 1730 1591 sed

284 1610 509 1646 (οηυιυιίιιη
550 1609 679 1671 ipsum
727 1608 935 1660 significat.
1002 1608 1075 1646 Est
1115 1620 1208 1660 ergo
1249 1606 1413 1645 ἵσταται
1444 1601 1630 1657 τραπεζα
1659 1602 1731 1644 διὰ

286 1658 335 1706 ις’
367 1662 439 1701 καί
470 1661 521 1701 τά
552 1658 673 1713 ἐγγυς
702 1663 806 1700 idem
850 1662 1001 1701 dictum
1029 1670 1147 1715 atque
1188 1662 1405 1707 celebratur
1430 1662 1653 1699 convivium
1681 1661 1732 1699 de

292 1716 359 1756 16.
387 1732 526 1756 mensus·
546 1728 614 1756 aut
619 1717 930 1784 propemodum,
961 1725 999 1756 et
1019 1733 1058 1771 p.
1082 1716 1175 1770 349.
1197 1716 1244 1754 C.
1269 1731 1310 1770 7.
1340 1713 1506 1754 ἵσταται
1533 1715 1611 1765 μία
1637 1712 1731 1766 τροί-

284 1771 391 1818 πεζα
425 1768 495 1810 διὰ
532 1773 658 1823 τοιῶν
693 1786 762 1810 και
799 1787 851 1810 τα
881 1769 1003 1823 ἐγγὺς
1021 1802 1032 1823 ‚
1062 1772 1279 1810 celebratur
1303 1771 1527 1809 convivium
1543 1770 1594 1808 de
1612 1770 1732 1809 tribus

289 1840 349 1866 1η(
351 1841 444 1875 nus,
477 1827 517 1865 id
550 1835 607 1866 est
635 1828 684 1866 de
712 1841 792 1880 quo
821 1828 1059 1880 participant
1078 1834 1138 1866 tot
1165 1826 1383 1872 convivae,
1414 1832 1512 1878 quot
1541 1824 1734 1878 impleant

287 1888 368 1918 tres
406 1896 577 1920 mensas.
635 1882 809 1935 Singulis
849 1890 981 1921 autem
1024 1883 1167 1920 mensis
1207 1881 1433 1920 assidebant
1459 1880 1589 1933 capita
1628 1880 1731 1918 duo-

293 1935 412 1999 dena,
445 1944 484 1975 et
514 1939 679 1975 alterum
709 1939 949 1987 convi'vucm,
985 1933 1056 1976 διὰ
1083 1937 1127 1984 ἐξ
1141 1965 1153 1987 ,
1191 1936 1241 1974 de
1268 1950 1341 1974 sex
1368 1937 1521 1974 mensis.
1579 1935 1734 1973 Vocem

290 1986 478 2040 τοάπεζα
530 1993 780 2039 mavimam,
829 1991 1019 2041 δεῖπνον,
1058 2006 1140 2030 non
1183 2005 1383 2055 memsam,
1428 1991 1649 2043 significaie
1690 1990 1732 2028 in

288 2044 364 2084 hac
393 2046 593 2096 formula,
627 2047 769 2099 probat
789 2061 831 2098 p.
853 2046 948 2095 428.
969 2047 1015 2084 C.
1040 2046 1080 2085 8.
1104 2047 1278 2098 diction
1264 2041 1483 2096 ε’δευτέρα
1516 2044 1634 2091 θέσις
1659 2045 1733 2095 τῆς

289 2099 521 2151 τοαπέζης,
568 2103 734 2140 εειιιηᾱα
758 2103 901 2156 positio
934 2116 1109 2151 mensae,
1138 2101 1180 2139 id
1207 2108 1265 2140 est
1293 2085 1490 2138 secund'us
1517 2099 1616 2163 ordo
1645 2112 1740 2147 con->

292 2155 401 2192 vivii.
458 2155 503 2193 Iu
545 2152 597 2195 τὰ
631 2155 753 2207 Syyiig
781 2131 1109 2220 subintelligitur,
1119 2152 1240 2194 nard:
1274 2150 1376 2193 κατὰ
1421 2150 1474 2193 τὰ
1506 2150 1653 2217 ἐγγυς,
1689 2152 1734 2192 ἐν

290 2208 348 2246 ‘cai
376 2206 518 2260 ἐγγὺς,
555 2224 610 2256 ως
638 2207 863 2262 ἐγγυτάτω.
921 2211 1042 2260 Quod
1071 2218 1204 2249 autem
1233 2210 1343 2248 addit
1372 2205 1634 2260 αποκοπτὸν,
1669 2207 1732 2246 vi-

291 2263 410 2301 detul
438 2264 568 2303 dicere
598 2265 699 2304 velle
720 2296 731 2316 ,
773 2267 999 2305 convivium
1027 2267 1103 2304 hoe
1129 2280 1211 2304 non
1239 2265 1477 2314 solenniter,
1517 2263 1586 2302 sed
1624 2261 1734 2300 velut

291 2320 410 2356 tacite
452 2327 492 2358 et
531 2322 695 2359 seorsim
734 2335 758 2358 a
796 2334 942 2383 pompa
981 2329 1018 2359 et
1057 2320 1232 2359 tumultu
1267 2318 1474 2358 celebrari.
1537 2317 1604 2356 Ad
1630 2317 1732 2354 hanc

294 2386 478 2411 normam
509 2376 631 2427 igitur
660 2377 734 2413 erit
761 2377 891 2413 versio
926 2383 1061 2414 nostra
1089 2376 1229 2414 Latina
1250 2373 1516 2422 reformanda,
1547 2371 1602 2412 ad
1622 2370 1733 2408 hunc

292 2426 376 2465 fere
401 2429 596 2467 modum:
643 2431 766 2468 altero
789 2440 882 2483 post
908 2431 1098 2469 Bramale
1116 2431 1182 2469 die
1208 2429 1429 2469 celebratur
1463 2430 1505 2466 in
1531 2427 1732 2478 conspicuo

295 2482 467 2521 trzcli’mo
497 2484 707 2522 Iustztzzani
726 2485 921 2538 pri'vatzm
954 2487 1175 2524 convivium
1205 2484 1331 2523 XVI.
1362 2493 1430 2522 aut
1450 2480 1733 2544 propemodum

297 2548 533 2576 men-,varum
591 2538 702 2578 Alias
741 2553 844 2590 quae
887 2539 1066 2579 solennia
1094 2547 1135 2580 et
1165 2540 1390 2593 pompatica
1432 2538 1733 2575 instituerentur

298 2591 481 2630 convivia
511 2601 624 2631 ciant
654 2593 703 2632 de
731 2594 842 2631 XIX.
876 2596 1033 2633 mensis.

411 2646 504 2697 34q.
535 2648 584 2684 A·
691 2648 813 2701 [603‚
840 2648 924 2702 16]
965 2646 1203 2688 σάσσουσιν.
1238 2647 1444 2697 Hodieque
1480 2643 1612 2682 adhuc
1644 2650 1737 2695 post

301 2697 435 2749 epulas
475 2701 648 2751 geniales
687 2702 895 2755 saltamus,
940 2711 978 2743 et
1002 2703 1149 2743 medio
1187 2716 1283 2741 aevo
1323 2700 1411 2739 Itali
1442 2713 1600 2752 quoque
1628 2698 1740 2758 idem
