1826 3126
281 149 370 209 '18
566 171 638 212 10.
688 170 793 211 me.
843 171 1038 212 Rfflsxu
1089 168 1468 215 COMMENTARH

295 274 454 314 duobus
491 274 680 328 gradibus
697 303 708 323 ,
753 271 878 311 rubro
914 287 1048 325 panno
1084 274 1262 313 instratis
1279 297 1299 304 -
1316 297 1335 303 -
1353 274 1495 314 Solum
1538 277 1752 315 instratum

281 338 381 370 terat
418 330 623 383 ‚tapetibus
658 329 693 367 T
697 329 867 379 urcicis3
916 329 1085 367 thronus
1122 329 1339 383 imperialis
1372 329 1479 369 ultra
1501 330 1636 373 ¹solum
1674 334 1747 370 tri-

294 385 370 425 bus
401 392 625 439 quatuorve
651 384 841 438 gradibus
863 385 1063 423 eminebat
1077 415 1088 435 ‚
1130 387 1338 424 inauratus
1357 415 1368 436 ,
1398 400 1533 439 panno
1560 394 1748 440 argenteo

292 448 422 480 tectus
450 442 492 478 in
516 439 646 479 solum
669 439 956 493 aliquantisper
983 448 1214 480 excurrente
1232 472 1242 489 ‚
1285 442 1504 480 instructus
1525 442 1747 496 tum-iculis,

293 497 440 549 quibus
484 509 622 535 eruces
666 497 872 534 inauratae
914 496 1166 535 insistebant.
1226 496 1416 536 Thronus
1459 497 1721 537 Patriarchae
1739 529 1750 549 ‚

292 551 354 591 illi
384 552 435 590 ad
467 551 647 590 dextram
679 552 834 604 positus
849 580 860 601 ‚
890 551 1018 604 gradu
1049 566 1131 591 uno
1157 560 1242 592 erat
1270 552 1389 591 altior
1405 582 1417 605 ,
1455 553 1589 593 minus
1615 560 1751 593 tamen

292 607 542 660 splendidus.
602 606 902 660 [Memorabilis
941 606 1006 645 hic
1043 606 1154 647 locus
1189 609 1239 647 de
1279 608 1385 647 fastu
1418 607 1525 647 Cleri
1569 609 1726 648 Russiei
1741 639 1753 659 ‚

292 662 496 716 fastigium
520 661 627 700 ultra
655 662 862 715 imperiale
891 664 1114 715 appetentis
1131 693 1142 715 ‚
1191 663 1298 717 quod
1330 664 1473 703 Graeci
1501 671 1637 703 tamen
1666 666 1754 703 ausi

292 732 376 757 non
405 716 560 770 fuere.]
595 717 804 756 Processio
826 717 1003 756 adhunc
1032 718 1166 757 locum
1193 723 1250 758 ita
1277 719 1411 758 fiebat.
1470 719 1634 759 Primus
1661 733 1752 772 pro-

293 773 460 812 cedebat
489 773 731 825 Capitaneus
747 803 758 823 ‚
806 787 927 826 quem
956 781 1203 827 protectores
1231 775 1489 827 Imperatoris
1528 774 1751 828 sequeban—

291 835 374 868 tur.
432 831 530 869 Post
558 843 626 867 eos
655 829 796 867 eodem
824 828 965 867 ordine
992 830 1234 883 procedebat
1262 837 1424 869 caterva
1450 837 1595 870 veneta
1610 860 1622 880 ‚
1662 836 1751 869 tum

292 885 455 937 prasina
473 913 485 934 ‚
517 891 719 936 postremo
749 884 836 923 loco
866 899 1001 924 russea
1017 914 1029 935 ‚
1060 893 1242 938 gerentes
1269 885 1403 924 hastas
1430 886 1644 924 artificiose
1672 892 1751 924 tor-

292 946 434 991 natas;
480 941 673 993 postremi
712 940 928 978 veniebant
957 940 1201 994 selopetarii.
1259 941 1514 981 Protectores
1541 941 1585 980 hi
1613 954 1752 979 omnes

292 1002 407 1034 erant
436 995 629 1047 sanguine
657 995 806 1046 nobili,
837 995 1022 1035 collocati
1051 997 1093 1035 in
1121 997 1262 1036 orbem
1290 998 1399 1036 cirea
1417 996 1552 1036 locum
1579 1010 1751 1036 ceremo-

291 1052 384 1089 niae
412 1050 604 1089 dicatum.
664 1051 911 1090 Succedebat
937 1052 1076 1106 ingens
1094 1066 1288 1092 numerus
1315 1052 1553 1092 clericorum
1571 1082 1583 1103 ,
1613 1065 1764 1090 eoram,

292 1106 439 1159 quibus
467 1107 659 1160 imagines
688 1115 918 1146 sanctorum
957 1108 1262 1161 dependebant3
1310 1114 1401 1161 post
1429 1122 1495 1147 eos
1534 1106 1750 1147 veniebant

291 1176 422 1215 popae
450 1176 542 1200 cum
571 1161 734 1200 laternis
763 1170 802 1202 et
830 1163 993 1202 inclusis
1023 1165 1146 1203 cereis
1174 1164 1432 1214 ardentibus,
1473 1170 1562 1203 tum
1589 1161 1658 1202 alii
1684 1164 1748 1215 pi-

292 1224 378 1256 ctos
406 1225 564 1256 sanctos
593 1225 789 1270 gerentes.
847 1219 945 1257 Inde
962 1219 1150 1272 prodibat
1174 1234 1318 1273 magna
1335 1227 1373 1258 et
1391 1219 1615 1272 ponderosa
1633 1232 1747 1268 crux,

292 1274 399 1311 circa
428 1287 550 1326 quam
579 1273 836 1325 gestabantur
864 1274 1076 1328 Seraphini
1107 1272 1296 1329 [πτυχία
1326 1274 1390 1314 vel
1419 1269 1646 1326 εὖτυχεῖα]
1677 1273 1748 1312 dc-

293 1330 449 1376 aurati,
495 1342 615 1382 super
651 1328 780 1382 longis
818 1330 961 1369 contis.
1019 1331 1174 1369 Rursus
1203 1329 1271 1368 alii
1298 1329 1515 1383 prodibant
1542 1329 1748 1382 pontifices

292 1390 490 1437 gestantes
519 1384 648 1423 discos
677 1392 716 1423 et
742 1392 900 1438 pateras
927 1393 1133 1439 argenteas
1148 1415 1159 1437 ‚
1189 1392 1228 1424 et
1256 1384 1397 1424 calices
1425 1384 1596 1438 pellibus
1613 1383 1749 1423 rubris

293 1446 418 1478 tectas
435 1469 447 1491 ‚
493 1440 534 1477 in
580 1454 752 1493 quarum
790 1446 1021 1493 paterarum
1059 1456 1142 1480 una
1170 1439 1458 1479 camelaueium
1485 1439 1749 1478 Patriarchae

294 1502 395 1533 erat.
454 1495 718 1548 Exeipiebant
758 1497 982 1536 sacerdotes
1028 1497 1181 1535 ordinis
1219 1497 1352 1546 varii,
1397 1496 1531 1534 induti
1568 1494 1748 1534 vestibus

293 1564 394 1589 auro
422 1551 561 1603 rigidis
590 1559 835 1604 argentoque
852 1581 864 1603 ‚
910 1560 999 1590 tum
1040 1551 1231 1604 Episcopi
1268 1551 1434 1604 quidam
1462 1558 1502 1590 et
1530 1549 1745 1603 Arehiepi-

292 1607 403 1658 scopi
432 1605 640 1658 splendide
668 1608 817 1645 vestiti.
876 1606 1284 1660 Archiepiscoporum
1312 1607 1456 1646 mitrae
1484 1604 1748 1659 splendebant

293 1675 393 1700 auro
421 1668 462 1699 et
490 1669 654 1715 argento
671 1691 682 1712 ‚
713 1669 752 1700 et
780 1663 860 1701 oris
888 1662 1055 1715 pellium
1083 1662 1398 1713 armelinarum3
1427 1676 1527 1715 quas
1554 1660 1746 1713 Episcopi

292 1716 457 1768 quidam
486 1718 670 1756 manibus
698 1718 921 1771 gestabant.
979 1719 1078 1757 Post
1117 1718 1452 1771 Archiepiseopos
1479 1717 1592 1755 ibant
1630 1717 1747 1767 pueri

292 1779 497 1822 cantantes
525 1772 732 1825 splendide
759 1775 919 1824 vestiti,
947 1780 1035 1812 tum
1050 1774 1237 1812 monachi
1255 1781 1335 1811 tres
1355 1779 1425 1811 aut
1451 1778 1625 1824 quatuor
1653 1784 1746 1809 cum

292 1826 508 1867 thuribulis
528 1828 791 1880 fumantibus,
821 1843 924 1882 quae
953 1829 1158 1882 agitabant
1185 1842 1321 1867 coram
1339 1826 1593 1875 Patriarcha,
1623 1839 1743 1878 quem

292 1881 491 1922 ducebant
521 1879 976 1938 [παρακρατούμενον]
1007 1885 1087 1923 duo
1117 1884 1185 1922 alii
1213 1882 1425 1932 monachi,
1454 1881 1669 1921 habentem
1701 1882 1745 1919 iu

292 1939 480 1977 manibus
520 1949 685 1979 auream
724 1942 889 1978 vcrucem
927 1953 1048 1993 super
1075 1938 1278 1992 pulvinari
1306 1938 1446 1976 rubro.
1506 1935 1744 1987 Patriareha

295 1992 460 2033 indutus
489 2002 574 2033 erat
601 2009 736 2047 panno
765 2002 953 2048 argenteo
969 2024 980 2044 ‚
1026 1996 1092 2033 eui
1120 1995 1276 2033 insutae
1304 2000 1419 2032 erant
1446 1998 1538 2031 ante
1566 1998 1606 2030 et
1632 1997 1742 2030 retro

291 2051 448 2088 taeniae
479 2049 722 2104 [ποταμοί]
767 2051 891 2102 panni
920 2051 1039 2088 satini
1067 2065 1160 2089 cum
1189 2050 1331 2087 insutis
1359 2048 1426 2087 filo
1456 2060 1580 2086 aureo
1608 2047 1741 2085 cruci-

291 2102 384 2143 bus.
444 2105 511 2143 Ad
539 2107 623 2144 eius
651 2105 834 2144 dextrum
862 2119 966 2159 genu
995 2104 1244 2157 dependebat
1272 2119 1294 2143 e
1322 2103 1409 2142 loro
1427 2102 1642 2157 phrygiato
1662 2115 1743 2140 ma·

131 2155 195 2189 Ed.
206 2157 243 2191 L.
259 2160 457 2198 enucium
503 2157 846 2214 [ἐπιγονάτειον]
894 2160 1134 2213 quadratum
1172 2160 1423 2214 phrysiatum
1461 2158 1612 2211 pariter
1649 2170 1742 2195 cum

293 2217 425 2254 aureis
466 2214 782 2268 dependentibus
823 2214 957 2254 bulbis
991 2215 1146 2255 'villosis
1192 2215 1382 2271 [quasten
1396 2213 1434 2268 ].
1480 2211 1741 2257 Patriarchae

293 2271 557 2309 succedebant
585 2272 719 2310 Boiari
746 2270 1063 2324 splendidissime
1090 2273 1250 2320 vestiti,
1297 2277 1336 2309 et
1362 2277 1451 2308 tum
1480 2269 1629 2307 Czarus
1656 2267 1742 2320 ipse

291 2324 400 2364 ultra
427 2326 546 2364 fidem
575 2326 786 2379 splendido
815 2340 936 2365 aureo
964 2340 1099 2379 panno
1128 2327 1296 2366 amictus
1312 2355 1323 2376 ‚
1354 2333 1511 2378 gestans
1538 2324 1579 2361 in
1611 2322 1742 2374 capite

291 2393 453 2420 auream
494 2396 708 2434 coronam5
753 2389 934 2422 ornatam
973 2383 1138 2435 gemmis
1177 2389 1216 2421 et
1243 2382 1469 2434 margaritis
1483 2408 1495 2429 ,
1540 2376 1740 2431 prehenso

289 2434 455 2475 brachio
483 2436 626 2476 ductus
655 2451 679 2475 a
707 2437 863 2476 duobus
891 2437 1148 2489 Principibus
1162 2466 1174 2486 ‚
1204 2437 1461 2489 sequentibus
1488 2433 1576 2472 aliis
1603 2445 1741 2485 proce-

289 2490 401 2530 ribus
438 2505 565 2543 usque
593 2493 644 2531 ad
672 2492 806 2532 locum
834 2493 1100 2532 ceremoniae.
1157 2492 1244 2532 Ubi
1273 2499 1408 2531 exacta
1435 2487 1599 2541 aliquali
1627 2498 1742 2525 mora

289 2546 471 2598 capiebat
498 2546 735 2587 Patriareha
761 2547 1013 2587 thuribulum
1029 2577 1041 2598 ‚
1072 2547 1181 2600 quod
1199 2561 1326 2600 aquae
1352 2543 1616 2592 admovebat,
1646 2541 1740 2581 dein

284 2601 502 2640 accedebat
531 2602 581 2639 ad
611 2603 783 2642 Czarum
812 2603 863 2642 ad
891 2603 1121 2642 distantiam
1148 2604 1272 2641 trium
1298 2601 1364 2642 vel
1382 2607 1554 2654 quatuor
1571 2597 1738 2650 pedum,

286 2661 329 2695 et
365 2669 501 2695 coram
545 2671 591 2696 eo
636 2658 890 2698 thuribulum
911 2658 1122 2712 agitabat.
1180 2658 1329 2696 Czarus
1373 2653 1637 2695 descendebat
1688 2651 1739 2690 de

286 2711 328 2750 th
336 2722 436 2749 rono
453 2741 464 2761 ,
493 2712 710 2751 inclinabat
739 2728 780 2753 se
808 2728 944 2754 eoram
969 2712 1203 2754 Patriarcha
1217 2743 1228 2763 ‚
1258 2714 1410 2751 interea
1439 2711 1536 2749 dum
1563 2707 1629 2746 hic
1650 2706 1738 2744 thu-

285 2765 467 2806 ribulum
494 2767 703 2821 aliquoties
732 2783 851 2823 super
880 2770 1138 2825 Imperatoris
1166 2775 1285 2822 eaput
1314 2769 1506 2820 agitaret3
1547 2765 1601 2810 et
1617 2760 1736 2801 ambo
