1884 3132
149 158 224 200 An
264 154 560 198 CONSTANT.
598 150 796 195 Pomm.
836 152 908 191 DE
939 148 1119 190 cmm.
1157 143 1348 186 unqu.
1389 124 1501 181 685

72 264 208 302 λεκτοι
247 256 426 299 εἰκασίαι
455 260 646 296 παντοῖαι
673 251 746 294 καί
770 253 944 306 χιτῶνες
968 246 1252 303 χρυσοϋφεῖς,
1281 244 1505 300 ἐφαπτίδες-

71 315 120 356 δὲ
148 311 364 355 κάλλισται
390 344 402 359 ,
432 313 541 359 τινὲς
568 310 645 361 μὲν
670 306 832 353 εἰκόνας
860 304 1035 358 ἔχουσαι
1067 303 1150 344 τῶν
1176 303 1384 352 βασιλέων
1410 300 1504 340 ἐνυ-

71 369 318 423 φασμένας,
353 364 398 408 αἱ
428 367 475 406 δὲ
513 361 700 416 μυθικὰς
741 362 974 407 διαθέσεις·
1040 355 1236 410 ὑπεράνω
1275 357 1322 397 δὲ
1348 354 1506 396 τούτων

69 423 221 478 θυρεοὶ
247 423 497 474 περιέκειντο
524 415 702 466 ἐναλλάξ
737 416 926 469 α’ργυραῖ
945 428 988 454 τε
1015 413 1086 452 καί
1111 415 1284 464 χρυσαῖ.

182 479 237 517 Β.
259 493 299 532 7.
330 477 447 532 [580‚
468 473 554 527 ab]
592 468 912 526 χοροσαγχόριν.
989 469 1152 516 Retinui
1177 469 1218 506 in
1244 467 1396 507 Latinis
1418 496 1431 515 ‚
1458 469 1504 505 ut

69 548 144 586 par
171 534 297 573 estin
324 540 403 571 tam
439 530 643 579 obscuris,
683 530 808 580 ipsam
853 539 993 563 vocem
1013 554 1025 571 ‚
1070 537 1194 575 quum
1225 523 1275 562 de
1305 522 1506 575 probitate·

70 588 249 627 lectionis
277 594 316 626 et
343 586 624 640 significatione
651 597 731 622 non
761 587 928 620 constet.
958 580 1104 618 Putem
1131 585 1263 616 tamen
1289 589 1503 629 χυροοαγ-

69 642 195 694 χάριν
230 641 351 681 fuisse
397 640 450 679 ab
490 646 652 678 auctore
681 637 903 691 profectum
922 663 935 683 ‚
973 634 1049 672 hoc
1077 639 1135 671 est
1157 628 1500 683 χοιροσαγχόριν.

68 698 170 736 Nam
201 703 242 735 οι’
269 703 308 735 et
351 710 379 734 v
418 701 645 748 permutare
682 692 820 741 solent·
840 691 982 728 Graeci
1023 688 1204 733 librarii,
1235 694 1276 725 ut
1307 686 1386 725 alio
1413 686 1504 724 loco

68 752 354 792 demonstravi.
426 751 567 789 Posset
594 755 726 787 autem
756 739 1080 798 χοιροσαγχόριν
1105 743 1325 796 significare
1353 748 1502 780 vestem

67 821 161 846 cum
204 807 361 845 intextis
398 806 528 858 porcis
545 803 609 843 vel
647 803 753 856 apris
774 831 785 847 ,
817 808 857 839 et
896 797 1148 852 accipitribus
1172 796 1235 836 vel
1256 796 1499 836 vulturibus.

68 873 272 926 Accipiter
306 871 412 910 enim
450 870 515 910 vel
556 869 694 909 vultur
737 866 940 906 Arabibus
986 863 1113 903 Sat-ar
1143 861 1225 921 [ὅδε
1276 870 1316 903 et
1353 862 1504 901 Sonoor·

67 935 132 977 vel
156 937 313 990 Sungur
342 934 441 993 [ἕλω
479 934 701 989 appellatur
722 963 734 984 ‚
775 932 884 972 unde
930 929 1095 970 celebris
1119 929 1228 968 illius
1261 929 1500 982 Bursequini

67 991 134 1031 vel
161 993 367 1031 Bursekini
414 1004 631 1045 cognomen
670 989 898 1040 Acmmgur,
942 987 1128 1040 accipiter·
1146 984 1358 1030 candidus,
1391 983 1501 1037 qnod

67 1045 311 1086 wilhelmus
337 1046 485 1100 Tyrius
513 1053 554 1084 et
581 1044 648 1083 alii
676 1043 857 1097 aequales
875 1043 1084 1094 scriptores
1102 1069 1114 1089 ‚
1146 1047 1190 1078 ut
1214 1040 1258 1078 fit
1283 1042 1323 1078 in
1351 1039 1500 1078 barba-

68 1101 163 1140 ricis
189 1101 431 1150 nominibus,
450 1101 550 1139 sorte
580 1113 740 1152 quoque
770 1097 942 1136 librariis
970 1097 1010 1135 in
1038 1094 1178 1148 culpae
1205 1101 1356 1147 partem
1385 1094 1499 1132 veni-

65 1156 252 1207 entibus,
280 1156 483 1208 Assungur
525 1154 709 1193 efferunt.
743 1153 831 1191 Hoc
863 1153 991 1204 ipsum
1020 1157 1078 1189 est
1107 1149 1206 1188 illud
1234 1147 1382 1188 animal
1400 1163 1499 1199 avy-

65 1205 232 1262 κούριον
275 1211 425 1249 dictum
452 1211 491 1248 in
514 1207 793 1261 Orneosophio
812 1206 1016 1246 Michaelis
1034 1205 1156 1259 Imp„
1185 1205 1293 1258 quod
1321 1205 1387 1242 Du
1400 1204 1500 1242 Can·

66 1279 114 1318 ge
139 1265 180 1305 h.
207 1279 248 1304 v.
276 1268 560 1317 interpretatur
586 1266 673 1302 avis
702 1264 902 1302 venaticae
930 1275 1061 1313 genus.
1118 1260 1217 1298 Inde
1244 1274 1403 1312 quoque
1430 1273 1499 1297 ca-

65 1333 136 1358 nes
177 1333 270 1358 cum
314 1319 565 1371 accipitribus
603 1319 740 1356 venari
782 1318 887 1356 docti
931 1316 1092 1354 Graecis
1134 1309 1311 1364 ζαγὰρια
1354 1315 1497 1352 dicun-

63 1380 153 1421 tur,
184 1374 295 1426 quasi
323 1375 555 1428 accipitrini.
609 1373 729 1411 Sacre
757 1374 798 1410 in
830 1384 1010 1410 sermone
1038 1370 1233 1408 Francico
1260 1381 1306 1406 ex
1347 1368 1497 1406 Arabi-

64 1442 152 1467 smo
179 1428 310 1467 adhuc
334 1435 526 1480 superest,
550 1433 596 1465 ut
623 1434 779 1465 notum.
813 1425 922 1476 Quid
952 1425 1073 1463 fuerit
1100 1425 1296 1477 alt'syliases
1326 1423 1497 1461 vulturi-

61 1485 108 1521 m*
135 1484 175 1521 in
211 1483 349 1521 charta
378 1483 615 1534 Hispanica,
638 1482 796 1535 exposui
827 1481 877 1518 ad
906 1495 949 1532 p.
970 1493 1064 1532 271.
1087 1478 1141 1516 A.
1163 1477 1207 1516 6.

142 1537 236 1576 535.
251 1538 305 1576 D.
324 1552 362 1590 7.
394 1536 510 1591 [581,
538 1535 592 1590 1.]
620 1534 924 1588 γρυπολέοιιτος.
952 1534 1011 1572 lta
1031 1533 1138 1573 edidi
1153 1563 1164 1582 ‚
1186 1546 1278 1572 cum
1304 1534 1347 1571 in
1365 1546 1491 1572 mem-

466 1602 497 1624 π

61 1637 196 1676 branis
222 1645 322 1676 esset
348 1636 671 1689 γρυψολέοντος,
701 1637 808 1690 quod
846 1634 1156 1688 interpretabar,
1188 1649 1219 1673 π
1246 1648 1329 1673 esse
1355 1648 1494 1687 super-

62 1694 248 1745 scriptam
278 1693 591 1732 emendationem
635 1693 809 1731 eiusdem
841 1690 994 1729 librarii
1021 1697 1224 1743 peccatum
1255 1704 1372 1728 suum
1403 1703 1493 1727 cor-

63 1748 228 1800 rigentis
256 1754 297 1785 et
325 1747 496 1786 iubentis
522 1763 551 1786 π
578 1762 652 1800 pro
673 1757 709 1798 ψ
727 1746 977 1786 substituere.
1036 1746 1173 1784 Nescio
1200 1751 1330 1782 tamen
1359 1758 1410 1782 an
1428 1758 1492 1783 sa—

59 1802 111 1839 tis
141 1809 246 1840 recte
275 1802 450 1840 fecerim.
508 1803 658 1841 Dicunt
682 1810 787 1840 certe
807 1803 903 1840 novi
932 1801 1076 1838 Graeci
1099 1796 1264 1851 γρυψὸς
1291 1813 1366 1852 pro
1391 1814 1492 1851 gry-

54 1856 157 1909 phe,
187 1870 261 1894 ave
304 1856 500 1896 fabulosa.
565 1858 695 1896 Favet
736 1865 867 1895 tamen
905 1855 1003 1893 mihi
1040 1851 1343 1906 γρυπόναγροὶ,
1383 1854 1493 1906 quod

60 1909 164 1971 infra
205 1909 349 1963 legitur
387 1926 429 1964 p.
449 1911 542 1962 540.
563 1912 606 1951 C.
629 1914 668 1952 5.
723 1913 947 1950 monstrosa
974 1909 1159 1948 animalia
1188 1906 1492 1961 τραγελάφους,

59 1961 428 2016 ιππαλεκτρύονας,
470 1967 617 2006 aulaeis
644 1967 841 2005 intexendi
872 1979 958 2004 mos
995 1979 1019 2003 a
1046 1965 1177 2004 Persis
1198 1964 1335 2012 venit3
1366 1977 1405 2000 v.
1434 1962 1486 2001 cl.

60 2018 301 2072 Wesseling.
338 2020 389 2058 ad
414 2021 581 2060 Diodor.
657 2021 778 2059 Sicul.
824 2021 948 2059 T.11.
979 2034 1015 2072 p.
1039 2019 1131 2072 278.
1171 2018 1238 2057 60.
1296 2018 1337 2056 Si
1368 2018 1494 2056 modo

59 2073 279 2131 tragelaphi
308 2081 347 2112 et
371 2070 717 2127 ἱππαλεκτρῦονες
758 2076 922 2115 fuerunt
959 2074 1260 2127 compositiones
1287 2080 1488 2110 monstro-

62 2141 130 2166 sae
160 2135 198 2165 et
223 2141 302 2165 non
330 2131 462 2190 potius
498 2132 604 2168 cervi
632 2137 671 2168 et
697 2131 797 2169 hirci
828 2130 1020 2178 seorsim,
1063 2129 1156 2167 item
1196 2129 1286 2180 equi
1328 2135 1366 2165 et
1394 2126 1488 2179 galli

60 2195 406 2245 quoque'seorsnm
443 2187 591 2236 quique
618 2187 740 2237 picti,
769 2200 853 2224 non
882 2187 924 2223 in
947 2196 1069 2222 unam
1096 2197 1263 2221 massam
1293 2182 1487 2220 commix-

57 2239 105 2275 ti.
143 2235 306 2285 Ἱματια
347 2235 589 2287 στρουθωτὰ
612 2268 623 2288 ,
652 2254 737 2278 cum
783 2240 950 2278 aviculis
980 2239 1151 2288 imexti5‚
1180 2239 1260 2275 iam
1289 2237 1395 2289 apud
1421 2250 1491 2274 an·

58 2292 300 2344 tiquissimos
328 2291 500 2330 Graecos
527 2293 681 2344 reperio
709 2295 750 2332 in
778 2294 1003 2332 Athenaeo.

142 2345 235 2384 336.
254 2346 300 2383 B.
324 2346 361 2383 3.
407 2344 522 2398 [581‚
550 2345 631 2400 18ss]
670 2348 929 2399 περιστερᾶς.
997 2346 1152 2385 Insulae
1197 2346 1488 2398 Imperatorum

58 2397 262 2437 habebant
291 2401 491 2438 interdum
531 2402 573 2439 in
616 2405 763 2442 vertice
791 2416 947 2440 crucem
974 2409 1014 2439 et
1041 2414 1159 2452 super
1186 2414 1231 2438 ea
1261 2399 1487 2438 columbam

60 2455 238 2505 expansis
266 2454 338 2492 alis
366 2454 476 2492 velut
501 2455 717 2495 volantem.
768 2457 958 2494 Tractum
988 2455 1064 2493 hoc
1091 2469 1115 2492 a
1144 2454 1359 2502 Romanis,
1385 2468 1486 2506 quo-

58 2521 151 2546 rum
178 2511 327 2546 morem
357 2509 496 2547 Graeci
523 2511 644 2559 novi,
672 2510 951 2562 antiquitatum
981 2509 1122 2562 ignari,
1149 2510 1297 2561 partim
1324 2522 1485 2561 quoque

60 2561 285 2601 Christiano
313 2565 501 2616 mysterio
533 2564 777 2602 sanctificare
795 2593 806 2613 ‚
843 2564 950 2616 quod
983 2566 1095 2601 aiunt
1114 2592 1126 2613 ,
1154 2561 1331 2601 volentes
1350 2592 1363 2612 ‚
1390 2564 1483 2602 imi-

58 2615 181 2653 tando
209 2617 270 2655 vel
302 2618 506 2656 retinendo
534 2619 809 2656 obscurarunt.
868 2619 950 2656 Pro
978 2619 1152 2670 scipione
1179 2614 1369 2656 veterum‘
1385 2631 1484 2656 con-

57 2669 190 2707 sulum
214 2684 451 2711 successores
467 2680 506 2711 et
531 2674 746 2712 imitatores
785 2686 940 2722 eorum,
970 2673 1231 2724 Imperatores
1257 2673 1481 2725 Byzantini,

56 2723 348 2764 substituebant
387 2741 544 2766 crucem
559 2757 571 2777 ,
612 2734 651 2766 et
682 2741 755 2781 pro
796 2727 928 2779 aquila
949 2758 959 2775 ‚
1003 2741 1123 2780 quam
1159 2726 1337 2766 consules
1360 2741 1489 2779 super.

56 2777 231 2817 eburneo
255 2780 426 2833 scipione
454 2783 659 2835 gestabant
674 2812 686 2836 ,
733 2781 784 2822 ad
804 2796 955 2825 morem
983 2789 1162 2822 veterum
1189 2794 1327 2835 regum
1354 2783 1481 2820 Grae-
