1884 3132
361 119 472 176 866
630 97 705 178 ro.
747 134 854 178 mc,
894 136 1087 179 amsxn
1129 132 1506 179 comum-rma

359 255 451 282 num
492 240 636 290 dabat,
683 241 799 279 senili
832 254 993 295 prorsus
1034 241 1257 280 maturitate
1297 240 1627 295 patrenffamilias
1661 255 1793 293 agens.

359 295 506 337 Procul
539 296 662 335 dubio
703 309 862 348 quoque
890 296 1056 334 loannes
1083 296 1308 334 Comnenus
1340 309 1386 334 ex
1413 298 1578 348 antiquo
1608 297 1791 335 instituto

359 359 398 391 et
436 365 547 390 more
585 351 659 390 sibi
693 353 771 389 iam
805 365 828 388 a
856 350 990 390 multis
1017 352 1131 389 annis
1158 349 1343 388 familiari
1372 348 1439 388 illo
1467 350 1672 389 Paschatis
1700 351 1792 399 die,

358 421 479 460 quem
506 405 693 444 ultimum
721 403 945 444 celebrabat
971 419 1110 458 aeger,
1159 405 1285 458 pridie
1313 419 1432 457 quam
1461 405 1702 458 exspiraret,
1738 402 1793 444 τοὶ

358 458 644 513 παρατεθέντα
671 456 875 511 βρώματα
903 463 987 506 τοῖς
1014 460 1253 510 παρεστῶσι
1284 457 1528 508 διενείματο.
1581 461 1645 498 De
1682 474 1795 499 more

360 517 482 555 Isaaci
511 515 654 568 Angeli
683 519 768 560 τοῖς
801 516 1038 564 παρεστῶσι
1079 514 1228 553 fercula
1264 513 1526 553 distribuendi
1557 514 1704 554 insanis
1730 515 1794 553 di·

359 570 582 624 thyrambis
625 568 952 623 παρατραγωόεῐ
981 570 1140 609 Nicetas
1177 568 1391 608 Choniates
1428 583 1467 623 p.
1499 569 1595 608 231.
1637 569 1689 609 E.
1718 569 1795 609 Ex

361 624 569 678 Addend]

471 681 523 718 D.
543 677 801 732 antep.[74o‚
824 679 882 731 9.]
911 673 1223 730 κλητορεύονται
1252 670 1405 729 ὅγδοοι.
1446 677 1492 716 Id
1517 679 1659 717 estzin
1679 691 1795 717 men-

363 749 422 784 sa,
453 736 516 773 cui
538 735 734 783 assident,
762 740 854 771 sunt
878 734 1007 771 octavi
1037 740 1106 771 aut
1134 733 1229 772 noni
1256 732 1309 771 ab
1338 733 1449 772 initio
1471 732 1585 780 inde,
1618 731 1682 772 vel
1701 740 1796 772 sunt

362 789 432 828 fini
473 804 594 842 quam
631 788 824 842 principio
865 801 1022 826 mensae
1057 790 1278 841 propiores.
1340 788 1444 827 Nam
1494 801 1617 841 quum
1663 790 1796 828 minus

364 843 596 883 solennibus
624 857 720 890 seu,
752 849 799 881 ut
830 850 963 881 noster
993 842 1118 892 dicit,
1174 847 1261 888 τοῖς
1298 847 1448 888 κοινοῖς
1475 843 1668 882 conviviis
1693 857 1795 895 pau·-

363 899 489 938 ciores
518 900 845 945 convivarentur,
877 904 916 936 et
943 898 1149 949 pauciores
1175 911 1334 936 mensae
1363 898 1579 944 servirent,
1617 911 1796 936 necessa-

363 958 425 992 rio
444 954 562 994 altius
581 953 769 992 sedebant
796 951 839 991 hi
867 951 984 1003 legati
1014 954 1151 991 exteri.
1210 953 1256 989 In
1286 951 1515 990 solennibus
1545 959 1678 990 autem
1699 966 1796 991 con-

363 1009 480 1048 viviis
525 1007 854 1056 numerosissimis
884 1007 1001 1044 XIX.
1039 1007 1320 1053 accubituum,
1360 1013 1476 1044 aucto
1506 1021 1674 1045 numero
1699 1021 1796 1046 con-

365 1063 578 1112 vivarum,
608 1076 688 1101 non
718 1067 902 1115 poterant
931 1075 1011 1098 non
1038 1061 1087 1104 ad
1115 1062 1341 1100 inferiorem
1371 1061 1502 1099 locum
1528 1061 1703 1100 detrudi.

474 1118 525 1156 D.
560 1117 633 1155 ult.
667 1117 866 1171 [74o‚1o.]
900 1111 1120 1166 Φράγγων.
1175 1115 1290 1154 Patet
1316 1130 1361 1154 ex
1390 1115 1466 1154 hoc
1494 1115 1609 1163 loco,
1655 1130 1797 1156 secun-

365 1171 465 1210 dum
500 1171 763 1210 ceremoniale
794 1170 1056 1224 Byzantinum
1087 1169 1194 1209 hunc
1224 1170 1403 1209 ordinem
1436 1177 1616 1223 respectu
1646 1170 1797 1224 legato-

366 1241 458 1266 rum
485 1234 711 1266 exterorum
736 1226 856 1264 fuisse
887 1224 1092 1272 habitum,
1126 1233 1170 1263 ut
1198 1226 1365 1264 maxime
1396 1225 1688 1264 honorarentur
1715 1227 1797 1279 pri-

367 1296 514 1335 moque
544 1281 632 1320 loco
660 1280 903 1319 haberentur
929 1280 1140 1329 Saraceni,
1168 1279 1258 1318 dein
1290 1279 1474 1332 Bulgari:
1503 1285 1648 1333 (neque
1665 1281 1705 1318 id
1724 1283 1797 1320 mi·

368 1350 460 1375 rum
477 1365 489 1388 ‚
531 1349 657 1389 quum
680 1335 821 1375 ambae
849 1342 981 1387 gentes
1011 1336 1177 1386 proximi
1207 1334 1261 1372 illi
1290 1335 1341 1372 ab
1367 1336 1519 1373 oriente
1545 1343 1583 1373 et
1609 1335 1798 1385 meridie,

369 1390 412 1429 hi
433 1391 483 1430 ab
511 1391 715 1430 occidente
742 1397 860 1443 atque
875 1390 1140 1443 septentrione
1156 1390 1463 1443 Byzantinomm
1493 1397 1622 1428 essent
1646 1391 1799 1439 vicini‚)

370 1451 458 1484 tum
487 1445 658 1498 denique
684 1446 846 1492 Franci,
878 1445 1127 1495 remotiores,
1157 1452 1197 1483 et
1225 1445 1407 1497 deinceps
1435 1447 1602 1494 caeteri,
1630 1452 1676 1483 ut
1695 1446 1798 1484 Rus-

372 1501 431 1551 si‚
465 1499 618 1551 Allani,
648 1500 814 1539 Armeni
848 1506 923 1538 etc.
983 1499 1111 1538 Causa
1147 1513 1241 1552 ergo
1280 1513 1361 1538 non
1389 1506 1489 1550 erat,
1518 1505 1564 1538 ut
1591 1506 1800 1552 tantopere

371 1556 629 1608 quiritaretur
669 1562 709 1594 et
748 1554 1021 1607 indignaretur
1059 1553 1354 1607 Luitprandus‚
1402 1554 1678 1593 Cremonensis
1718 1555 1801 1608 epi-

373 1623 539 1662 scopus,
573 1609 723 1663 legatus
747 1609 906 1648 ottonis
934 1609 967 1647 l.
999 1608 1050 1646 ad
1077 1609 1347 1662 Nicephorum
1364 1608 1538 1648 Phocam
1557 1609 1676 1661 lmp.‚
1706 1622 1801 1662 pro-

374 1671 510 1716 pterea
537 1665 646 1716 quod
673 1664 914 1718 postpositus
928 1663 1143 1716 Bulgaricis
1170 1663 1306 1716 legatis
1329 1664 1478 1702 fuisset.
1534 1663 1668 1702 Edicit
1693 1664 1803 1718 typi-

376 1733 467 1757 cum
483 1726 680 1770 nostrum,
711 1719 971 1771 Bulgarorum
984 1717 1131 1771 legatos
1144 1720 1276 1757 statim
1292 1725 1381 1771 post
1395 1718 1580 1771 patricios
1597 1718 1744 1758 debere
1759 1721 1802 1759 in

375 1787 484 1812 sacra
506 1787 642 1813 mensa
662 1773 872 1821 collocari,
903 1780 942 1811 et
961 1774 1206 1812 Francorum
1222 1772 1370 1823 legatos
1393 1787 1714 1827 unumquemque
1739 1787 1802 1813 se-

377 1828 554 1867 cundum
573 1825 832 1880 χειροτονίαν
854 1842 923 1867 seu
934 1827 1239 1867 installationem
1267 1842 1379 1867 suam
1394 1858 1405 1875 ‚
1443 1831 1543 1867 nack
1571 1829 1698 1867 seiner
1721 1829 1803 1868 Be-

377 1883 546 1935 stallzmg
561 1882 776 1922 undAmte.
810 1882 893 1921 lam
908 1888 991 1922 crat
1003 1883 1271 1935 Luitprandus
1289 1886 1512 1936 episcopus.
1543 1883 1668 1935 Atqui
1682 1897 1803 1936 supra

378 1950 405 1990 p
445 1937 543 1986 425.
561 1937 615 1976 D.
631 1951 724 1989 pen.
753 1937 942 1976 dicuntur
969 1937 1138 1990 episcopi
1154 1940 1295 1976 Graeci
1313 1939 1423 1990 sequi
1441 1937 1804 1992 protospatharium

379 1991 631 2030 sacellarium
646 1999 685 2031 et
711 1992 944 2045 praecedere
965 1991 1302 2045 protospatharios
1330 2000 1532 2043 caeteros3
1565 1999 1604 2032 et
1633 1993 1673 2032 in
1701 1995 1805 2032 ima-

380 2046 470 2098 gine
500 2046 740 2085 Ravennatis
769 2046 954 2085 ecclesiae
979 2047 1240 2086 Iustinianum
1265 2047 1473 2087 exhibente
1506 2047 1693 2101 poculum
1731 2061 1804 2087 au-

379 2100 691 2139 reumecclesiae
705 2100 951 2150 offerentem,
983 2101 1089 2154 apud
1105 2102 1373 2141 Alemannum
1389 2103 1441 2141 ad
1461 2103 1632 2155 Procop.
1660 2116 1702 2155 p.
1744 2116 1805 2154 2.‚

381 2153 514 2193 clerici
533 2162 579 2194 ut
598 2155 802 2194 inferiores
828 2156 879 2194 ad
898 2157 1001 2208 lmp.
1029 2157 1229 2196 sinistram
1255 2164 1386 2207 stant,
1415 2157 1605 2210 spatharii
1631 2158 1683 2195 ad
1738 2170 1805 2196 ex-

379 2215 511 2257 tram,
554 2217 601 2248 ut
627 2209 850 2249 honoratim
859 2224 916 2249 es.
971 2211 1079 2264 Ergo
1120 2225 1202 2250 non
1239 2218 1395 2264 poterat
1430 2211 1699 2264 Luitprandus
1744 2210 1805 2249 al·

382 2264 548 2314 tiorem,
584 2278 704 2317 quam
734 2265 836 2304 inter
862 2266 1217 2318 protospatharios,
1246 2266 1377 2305 locum
1405 2266 1655 2313 desiderare,
1684 2265 1805 2304 adeo-

382 2332 462 2371 que
490 2325 579 2371 post
607 2319 796 2372 Bulgaros
823 2319 1074 2359 collocandus
1101 2328 1205 2370 erat,
1247 2322 1316 2374 qui
1344 2323 1447 2359 inter
1470 2320 1807 2374 protospatharios

384 2379 423 2411 et
449 2373 633 2426 patricios
660 2374 779 2412 medii
806 2381 932 2415 erant.
985 2375 1208 2414 Audiamus
1234 2376 1362 2428 ipsum
1395 2375 1478 2414 eius
1509 2375 1655 2414 locum.
1707 2372 1807 2412 Illu-

385 2427 528 2467 strabit
571 2434 700 2466 totum
740 2428 816 2467 hoc
855 2430 1074 2482 negotium.
1132 2430 1201 2469 Me
1230 2431 1273 2472 in
1314 2430 1483 2469 invisam
1519 2429 1701 2475 domum,
1749 2429 1807 2467 ait

383 2495 427 2534 p.
457 2481 553 2533 481.
582 2483 673 2521 fine.
688 2511 701 2534 ,
729 2493 1008 2538 praeceperwzt
1041 2484 1174 2523 reduci
1185 2513 1197 2534 ,
1249 2499 1464 2540 nzagnaque
1492 2482 1677 2522 custodiri
1713 2496 1807 2521 cau-

383 2537 463 2574 tela
482 2550 596 2591 asque
623 2538 666 2576 in
696 2536 930 2576 Sanctorum
952 2537 1227 2593 Apostolorum
1250 2540 1439 2592 religiosis
1456 2539 1596 2577 cunctis
1621 2537 1808 2576 celebrem

383 2590 507 2630 diem.
566 2592 657 2645 Qua
692 2592 908 2630 celebritate
943 2606 1004 2630 me
1038 2594 1130 2631 satis
1156 2603 1356 2645 aegrotum
1391 2606 1460 2631 nec
1491 2605 1568 2630 non
1595 2600 1633 2630 et
1658 2591 1809 2643 Balga-

385 2657 517 2682 rorum
535 2647 693 2684 nuncios
711 2675 724 2697 ,
760 2647 830 2700 qui
841 2646 975 2700 pridie
998 2656 1206 2696 venerant,
1240 2647 1299 2686 ad
1325 2647 1484 2686 sanctos
1502 2644 1708 2700 Apostolos
1734 2645 1810 2683 sibi

384 2697 545 2738 obviare
572 2699 885 2753 [προέρχεσθαι,
912 2702 1126 2754 procedere
1152 2703 1195 2740 in
1221 2703 1388 2753 curiam,
1417 2699 1551 2740 venire
1577 2701 1619 2739 in
1641 2701 1808 2740 comita-
