<?xml version="1.0" encoding="UTF-8"?>
<!DOCTYPE html PUBLIC "-//W3C//DTD XHTML 1.0 Transitional//EN"
    "http://www.w3.org/TR/xhtml1/DTD/xhtml1-transitional.dtd">
<html xmlns="http://www.w3.org/1999/xhtml" xml:lang="en" lang="en">
 <head>
  <title>
</title>
<meta http-equiv="Content-Type" content="text/html;charset=utf-8" />
  <meta name='ocr-system' content='tesseract 3.04.00' />
  <meta name='ocr-capabilities' content='ocr_page ocr_carea ocr_par ocr_line ocrx_word'/>
</head>
<body>
  <div class='ocr_page' id='page_1' title='image "./corpusscriptorum08niebuoft/corpusscriptorum08niebuoft_0301.png"; bbox 0 0 1884 3132; ppageno 0'>
   <div class='ocr_carea' id='block_1_1' title="bbox 193 113 1554 187">
    <p class='ocr_par' dir='ltr' id='par_1_1' title="bbox 193 113 1554 187">
     <span class='ocr_line' id='line_1_1' title="bbox 193 113 1554 187; baseline -0.007 -8"><span class='ocrx_word' id='word_1_1' title='bbox 193 138 268 179; x_wconf 66' lang='lat' dir='ltr'><strong>An</strong></span> <span class='ocrx_word' id='word_1_2' title='bbox 308 133 607 179; x_wconf 66' lang='lat' dir='ltr'><strong>consum.</strong></span> <span class='ocrx_word' id='word_1_3' title='bbox 653 135 852 176; x_wconf 68' lang='lat' dir='ltr'><strong>ponpa.</strong></span> <span class='ocrx_word' id='word_1_4' title='bbox 891 135 964 174; x_wconf 80' lang='lat' dir='ltr'><strong>m:</strong></span> <span class='ocrx_word' id='word_1_5' title='bbox 1005 133 1189 175; x_wconf 72' lang='lat' dir='ltr'><strong>cmm.</strong></span> <span class='ocrx_word' id='word_1_6' title='bbox 1227 131 1325 174; x_wconf 77' lang='lat' dir='ltr'><strong>un.</strong></span> <span class='ocrx_word' id='word_1_7' title='bbox 1364 134 1400 173; x_wconf 88' lang='lat'><strong>1.</strong></span> <span class='ocrx_word' id='word_1_8' title='bbox 1442 113 1554 187; x_wconf 79' lang='lat'><strong>293</strong></span> 
     </span>
    </p>
   </div>
   <div class='ocr_carea' id='block_1_2' title="bbox 109 232 1555 2098">
    <p class='ocr_par' dir='ltr' id='par_1_2' title="bbox 113 232 1555 619">
     <span class='ocr_line' id='line_1_2' title="bbox 116 232 1555 292; baseline -0.002 -15"><span class='ocrx_word' id='word_1_9' title='bbox 116 237 394 292; x_wconf 77' lang='lat' dir='ltr'><strong>fungerentur.</strong></span> <span class='ocrx_word' id='word_1_10' title='bbox 470 236 630 290; x_wconf 87' lang='lat' dir='ltr'><strong>Sergius</strong></span> <span class='ocrx_word' id='word_1_11' title='bbox 675 243 714 275; x_wconf 87' lang='lat' dir='ltr'><strong>et</strong></span> <span class='ocrx_word' id='word_1_12' title='bbox 753 233 935 274; x_wconf 88' lang='lat' dir='ltr'><strong>Bacchus</strong></span> <span class='ocrx_word' id='word_1_13' title='bbox 988 241 1183 287; x_wconf 81' lang='lat' dir='ltr'><strong>martyres</strong></span> <span class='ocrx_word' id='word_1_14' title='bbox 1224 232 1429 287; x_wconf 82' lang='lat' dir='ltr'><strong>degradati</strong></span> <span class='ocrx_word' id='word_1_15' title='bbox 1482 246 1555 274; x_wconf 69' lang='lat' dir='ltr'><strong>seu</strong></span> 
     </span>
     <span class='ocr_line' id='line_1_3' title="bbox 118 289 1550 345; baseline -0.003 -14"><span class='ocrx_word' id='word_1_16' title='bbox 118 294 227 332; x_wconf 82' lang='lat' dir='ltr'><strong>exuti</strong></span> <span class='ocrx_word' id='word_1_17' title='bbox 257 293 425 343; x_wconf 85' lang='lat' dir='ltr'><strong>militia,</strong></span> <span class='ocrx_word' id='word_1_18' title='bbox 466 292 727 345; x_wconf 77' lang='lat' dir='ltr'>(primicerius</span> <span class='ocrx_word' id='word_1_19' title='bbox 753 292 857 329; x_wconf 90' lang='lat' dir='ltr'><strong>enim</strong></span> <span class='ocrx_word' id='word_1_20' title='bbox 891 289 971 336; x_wconf 85' lang='lat' dir='ltr'><strong>ille,</strong></span> <span class='ocrx_word' id='word_1_21' title='bbox 1010 289 1075 328; x_wconf 90' lang='lat' dir='ltr'><strong>hic</strong></span> <span class='ocrx_word' id='word_1_22' title='bbox 1108 289 1401 328; x_wconf 76' lang='lat' dir='ltr'><strong>secundicerius</strong></span> <span class='ocrx_word' id='word_1_23' title='bbox 1432 290 1550 341; x_wconf 86' lang='lat' dir='ltr'><strong>erat‚)</strong></span> 
     </span>
     <span class='ocr_line' id='line_1_4' title="bbox 118 339 1550 401; baseline -0.002 -16"><span class='ocrx_word' id='word_1_24' title='bbox 118 341 396 401; x_wconf 66' lang='grc' dir='ltr'><em>ἀφῃρέθησαν</em></span> <span class='ocrx_word' id='word_1_25' title='bbox 418 347 499 386; x_wconf 74' lang='grc' dir='ltr'><strong>τῶν</strong></span> <span class='ocrx_word' id='word_1_26' title='bbox 526 340 776 395; x_wconf 72' lang='grc' dir='ltr'><strong><em>ἀξιωμάτων</em></strong></span> <span class='ocrx_word' id='word_1_27' title='bbox 804 339 944 383; x_wconf 80' lang='grc' dir='ltr'><em>αὖτῶν</em></span> <span class='ocrx_word' id='word_1_28' title='bbox 971 344 1044 382; x_wconf 77' lang='grc' dir='ltr'><strong>καί</strong></span> <span class='ocrx_word' id='word_1_29' title='bbox 1078 344 1160 382; x_wconf 79' lang='grc' dir='ltr'><strong>τῶν</strong></span> <span class='ocrx_word' id='word_1_30' title='bbox 1188 343 1433 392; x_wconf 53' lang='lat' dir='ltr'><strong>naz-musam.</strong></span> <span class='ocrx_word' id='word_1_31' title='bbox 1462 344 1550 382; x_wconf 84' lang='lat' dir='ltr'><strong>Me-</strong></span> 
     </span>
     <span class='ocr_line' id='line_1_5' title="bbox 116 397 1551 456; baseline -0.002 -16"><span class='ocrx_word' id='word_1_32' title='bbox 116 402 252 456; x_wconf 85' lang='lat' dir='ltr'><strong>nolog.</strong></span> <span class='ocrx_word' id='word_1_33' title='bbox 281 401 399 442; x_wconf 88' lang='lat' dir='ltr'><strong>Basil.</strong></span> <span class='ocrx_word' id='word_1_34' title='bbox 424 402 475 440; x_wconf 90' lang='lat' dir='ltr'><strong>T.</strong></span> <span class='ocrx_word' id='word_1_35' title='bbox 492 402 547 440; x_wconf 88' lang='lat'><strong>11.</strong></span> <span class='ocrx_word' id='word_1_36' title='bbox 568 415 609 454; x_wconf 91' lang='lat' dir='ltr'><strong>p.</strong></span> <span class='ocrx_word' id='word_1_37' title='bbox 623 414 691 453; x_wconf 83' lang='lat'><strong>99.</strong></span> <span class='ocrx_word' id='word_1_38' title='bbox 704 399 799 438; x_wconf 87' lang='lat' dir='ltr'><strong>vid.</strong></span> <span class='ocrx_word' id='word_1_39' title='bbox 828 398 879 437; x_wconf 90' lang='lat' dir='ltr'><strong>ad</strong></span> <span class='ocrx_word' id='word_1_40' title='bbox 907 412 950 451; x_wconf 89' lang='lat' dir='ltr'><strong>p.</strong></span> <span class='ocrx_word' id='word_1_41' title='bbox 974 398 1068 437; x_wconf 81' lang='lat'><strong>258.</strong></span> <span class='ocrx_word' id='word_1_42' title='bbox 1101 399 1156 436; x_wconf 89' lang='lat' dir='ltr'><strong>D.</strong></span> <span class='ocrx_word' id='word_1_43' title='bbox 1183 397 1257 436; x_wconf 91' lang='lat' dir='ltr'><strong>ult.</strong></span> <span class='ocrx_word' id='word_1_44' title='bbox 1283 398 1391 436; x_wconf 88' lang='lat' dir='ltr'>Dicit</span> <span class='ocrx_word' id='word_1_45' title='bbox 1418 404 1551 437; x_wconf 88' lang='lat' dir='ltr'><strong>autem</strong></span> 
     </span>
     <span class='ocr_line' id='line_1_6' title="bbox 115 448 1551 506; baseline -0.001 -12"><span class='ocrx_word' id='word_1_46' title='bbox 115 469 198 495; x_wconf 89' lang='lat' dir='ltr'><strong>non</strong></span> <span class='ocrx_word' id='word_1_47' title='bbox 236 459 322 496; x_wconf 84' lang='lat' dir='ltr'><strong>sine</strong></span> <span class='ocrx_word' id='word_1_48' title='bbox 355 470 474 496; x_wconf 89' lang='lat' dir='ltr'><strong>causa</strong></span> <span class='ocrx_word' id='word_1_49' title='bbox 514 454 574 501; x_wconf 77' lang='grc' dir='ltr'><strong>εἰς</strong></span> <span class='ocrx_word' id='word_1_50' title='bbox 604 453 676 494; x_wconf 82' lang='grc' dir='ltr'><strong>τὸν</strong></span> <span class='ocrx_word' id='word_1_51' title='bbox 701 450 906 506; x_wconf 74' lang='grc' dir='ltr'><strong>τράχηλον</strong></span> <span class='ocrx_word' id='word_1_52' title='bbox 940 448 1080 491; x_wconf 77' lang='grc' dir='ltr'><strong>αὕτόν.</strong></span> <span class='ocrx_word' id='word_1_53' title='bbox 1146 453 1246 491; x_wconf 90' lang='lat' dir='ltr'><strong>Nam</strong></span> <span class='ocrx_word' id='word_1_54' title='bbox 1284 460 1322 490; x_wconf 89' lang='lat' dir='ltr'><strong>et</strong></span> <span class='ocrx_word' id='word_1_55' title='bbox 1350 453 1551 492; x_wconf 87' lang='lat' dir='ltr'><strong>interdum</strong></span> 
     </span>
     <span class='ocr_line' id='line_1_7' title="bbox 113 506 1551 564; baseline -0.001 -15"><span class='ocrx_word' id='word_1_56' title='bbox 113 517 279 564; x_wconf 77' lang='lat' dir='ltr'><strong>torques</strong></span> <span class='ocrx_word' id='word_1_57' title='bbox 309 513 446 564; x_wconf 88' lang='lat' dir='ltr'><strong>capiti,</strong></span> <span class='ocrx_word' id='word_1_58' title='bbox 474 510 539 551; x_wconf 84' lang='lat' dir='ltr'><strong>vel</strong></span> <span class='ocrx_word' id='word_1_59' title='bbox 565 510 732 558; x_wconf 82' lang='lat' dir='ltr'><strong>vertici,</strong></span> <span class='ocrx_word' id='word_1_60' title='bbox 756 506 1078 560; x_wconf 82' lang='lat' dir='ltr'><strong>imponebantur.</strong></span> <span class='ocrx_word' id='word_1_61' title='bbox 1133 508 1255 557; x_wconf 85' lang='lat' dir='ltr'><strong>Quod</strong></span> <span class='ocrx_word' id='word_1_62' title='bbox 1280 514 1412 545; x_wconf 83' lang='lat' dir='ltr'><strong>tamen</strong></span> <span class='ocrx_word' id='word_1_63' title='bbox 1433 522 1551 561; x_wconf 89' lang='lat' dir='ltr'><strong>prae-</strong></span> 
     </span>
     <span class='ocr_line' id='line_1_8' title="bbox 113 561 1438 619; baseline -0.003 -14"><span class='ocrx_word' id='word_1_64' title='bbox 113 572 177 605; x_wconf 82' lang='lat' dir='ltr'><strong>ter</strong></span> <span class='ocrx_word' id='word_1_65' title='bbox 203 567 487 619; x_wconf 79' lang='lat' dir='ltr'><strong>Imperatorem</strong></span> <span class='ocrx_word' id='word_1_66' title='bbox 518 578 671 603; x_wconf 86' lang='lat' dir='ltr'><strong>novum</strong></span> <span class='ocrx_word' id='word_1_67' title='bbox 701 563 768 602; x_wconf 83' lang='lat' dir='ltr'><strong>alii</strong></span> <span class='ocrx_word' id='word_1_68' title='bbox 808 563 955 601; x_wconf 83' lang='lat' dir='ltr'><strong>sactum</strong></span> <span class='ocrx_word' id='word_1_69' title='bbox 989 561 1112 600; x_wconf 86' lang='lat' dir='ltr'><strong>fuisse</strong></span> <span class='ocrx_word' id='word_1_70' title='bbox 1145 575 1226 600; x_wconf 89' lang='lat' dir='ltr'><strong>non</strong></span> <span class='ocrx_word' id='word_1_71' title='bbox 1262 563 1438 601; x_wconf 88' lang='lat' dir='ltr'><strong>memini.</strong></span> 
     </span>
    </p>

    <p class='ocr_par' dir='ltr' id='par_1_3' title="bbox 110 611 1551 1714">
     <span class='ocr_line' id='line_1_9' title="bbox 222 611 1551 674; baseline -0.003 -14"><span class='ocrx_word' id='word_1_72' title='bbox 222 621 277 660; x_wconf 92' lang='lat' dir='ltr'><strong>D.</strong></span> <span class='ocrx_word' id='word_1_73' title='bbox 308 621 350 661; x_wconf 91' lang='lat'><strong>6.</strong></span> <span class='ocrx_word' id='word_1_74' title='bbox 378 621 494 674; x_wconf 76' lang='lat'>[²75²</span> <span class='ocrx_word' id='word_1_75' title='bbox 535 618 613 672; x_wconf 90' lang='grc' dir='ltr'><strong>ι4.]</strong></span> <span class='ocrx_word' id='word_1_76' title='bbox 653 614 890 670; x_wconf 75' lang='grc' dir='ltr'><strong>ἐπιτάφιος.</strong></span> <span class='ocrx_word' id='word_1_77' title='bbox 958 617 1111 669; x_wconf 89' lang='lat' dir='ltr'><strong>Nempe</strong></span> <span class='ocrx_word' id='word_1_78' title='bbox 1148 611 1301 666; x_wconf 83' lang='grc' dir='ltr'><strong><em>κόσμος</em></strong></span> <span class='ocrx_word' id='word_1_79' title='bbox 1329 624 1398 655; x_wconf 84' lang='lat' dir='ltr'><strong>aut</strong></span> <span class='ocrx_word' id='word_1_80' title='bbox 1426 614 1551 668; x_wconf 78' lang='grc' dir='ltr'><em>προέ-</em></span> 
     </span>
     <span class='ocr_line' id='line_1_10' title="bbox 113 672 1550 726; baseline -0.001 -13"><span class='ocrx_word' id='word_1_81' title='bbox 113 675 268 722; x_wconf 76' lang='grc' dir='ltr'><strong>λευσις.</strong></span> <span class='ocrx_word' id='word_1_82' title='bbox 326 675 572 714; x_wconf 75' lang='lat' dir='ltr'><strong>Cel-imonias</strong></span> <span class='ocrx_word' id='word_1_83' title='bbox 594 703 606 723; x_wconf 93' lang='lat'>‚</span> <span class='ocrx_word' id='word_1_84' title='bbox 642 673 789 726; x_wconf 86' lang='lat' dir='ltr'><strong>quibus</strong></span> <span class='ocrx_word' id='word_1_85' title='bbox 818 672 937 713; x_wconf 87' lang='lat' dir='ltr'><strong>funus</strong></span> <span class='ocrx_word' id='word_1_86' title='bbox 957 672 1178 711; x_wconf 88' lang='lat' dir='ltr'><strong>Pertinacis</strong></span> <span class='ocrx_word' id='word_1_87' title='bbox 1197 672 1450 724; x_wconf 85' lang='lat' dir='ltr'><strong>Imperatoris</strong></span> <span class='ocrx_word' id='word_1_88' title='bbox 1468 672 1550 711; x_wconf 86' lang='lat' dir='ltr'><strong>ela-</strong></span> 
     </span>
     <span class='ocr_line' id='line_1_11' title="bbox 114 726 1545 782; baseline -0.001 -15"><span class='ocrx_word' id='word_1_89' title='bbox 114 736 202 768; x_wconf 87' lang='lat' dir='ltr'><strong>tum</strong></span> <span class='ocrx_word' id='word_1_90' title='bbox 233 730 339 780; x_wconf 89' lang='lat' dir='ltr'><strong>fuit,</strong></span> <span class='ocrx_word' id='word_1_91' title='bbox 379 730 458 769; x_wconf 90' lang='lat' dir='ltr'><strong>Dio</strong></span> <span class='ocrx_word' id='word_1_92' title='bbox 490 729 599 782; x_wconf 89' lang='lat' dir='ltr'><strong>apud</strong></span> <span class='ocrx_word' id='word_1_93' title='bbox 634 727 832 781; x_wconf 80' lang='lat' dir='ltr'><strong>xiphilin.</strong></span> <span class='ocrx_word' id='word_1_94' title='bbox 874 743 916 782; x_wconf 92' lang='lat' dir='ltr'><strong>p.</strong></span> <span class='ocrx_word' id='word_1_95' title='bbox 954 726 1070 778; x_wconf 67' lang='grc'><strong>1224.</strong></span> <span class='ocrx_word' id='word_1_96' title='bbox 1119 726 1306 765; x_wconf 86' lang='lat' dir='ltr'><strong>distincte</strong></span> <span class='ocrx_word' id='word_1_97' title='bbox 1342 726 1545 766; x_wconf 83' lang='lat' dir='ltr'><strong>describit.</strong></span> 
     </span>
     <span class='ocr_line' id='line_1_12' title="bbox 115 781 1549 838; baseline -0.001 -16"><span class='ocrx_word' id='word_1_98' title='bbox 115 783 236 823; x_wconf 86' lang='lat' dir='ltr'><strong>Iuvat</strong></span> <span class='ocrx_word' id='word_1_99' title='bbox 280 783 348 823; x_wconf 85' lang='lat' dir='ltr'><strong>hic</strong></span> <span class='ocrx_word' id='word_1_100' title='bbox 394 784 546 838; x_wconf 86' lang='lat' dir='ltr'><strong>aliquot</strong></span> <span class='ocrx_word' id='word_1_101' title='bbox 582 784 685 823; x_wconf 89' lang='lat' dir='ltr'><strong>ritus</strong></span> <span class='ocrx_word' id='word_1_102' title='bbox 723 781 909 822; x_wconf 85' lang='lat' dir='ltr'><strong>funebres</strong></span> <span class='ocrx_word' id='word_1_103' title='bbox 962 783 1001 820; x_wconf 92' lang='lat' dir='ltr'><strong>in</strong></span> <span class='ocrx_word' id='word_1_104' title='bbox 1043 782 1216 834; x_wconf 86' lang='lat' dir='ltr'><strong>exequiis</strong></span> <span class='ocrx_word' id='word_1_105' title='bbox 1257 781 1549 834; x_wconf 73' lang='lat' dir='ltr'><strong>Imperatorum</strong></span> 
     </span>
     <span class='ocr_line' id='line_1_13' title="bbox 116 838 1548 891; baseline -0.001 -14"><span class='ocrx_word' id='word_1_106' title='bbox 116 838 374 878; x_wconf 88' lang='lat' dir='ltr'><strong>CPtanorum</strong></span> <span class='ocrx_word' id='word_1_107' title='bbox 422 840 675 887; x_wconf 84' lang='lat' dir='ltr'><strong>observatos,</strong></span> <span class='ocrx_word' id='word_1_108' title='bbox 718 838 868 876; x_wconf 85' lang='lat' dir='ltr'><strong>Nostro</strong></span> <span class='ocrx_word' id='word_1_109' title='bbox 902 839 1137 891; x_wconf 84' lang='lat' dir='ltr'><strong>praeteritos</strong></span> <span class='ocrx_word' id='word_1_110' title='bbox 1158 867 1169 884; x_wconf 88' lang='lat'>‚</span> <span class='ocrx_word' id='word_1_111' title='bbox 1219 850 1548 876; x_wconf 89' lang='lat' dir='ltr'><strong>commemorare.</strong></span> 
     </span>
     <span class='ocr_line' id='line_1_14' title="bbox 112 891 1548 948; baseline -0.001 -16"><span class='ocrx_word' id='word_1_112' title='bbox 112 893 293 933; x_wconf 90' lang='lat' dir='ltr'><strong>Discitur</strong></span> <span class='ocrx_word' id='word_1_113' title='bbox 322 896 457 948; x_wconf 80' lang='lat' dir='ltr'><strong>itaque</strong></span> <span class='ocrx_word' id='word_1_114' title='bbox 474 909 498 933; x_wconf 90' lang='lat' dir='ltr'><strong>a</strong></span> <span class='ocrx_word' id='word_1_115' title='bbox 525 893 772 947; x_wconf 84' lang='lat' dir='ltr'><strong>Theophane</strong></span> <span class='ocrx_word' id='word_1_116' title='bbox 808 906 850 945; x_wconf 90' lang='lat' dir='ltr'><strong>p.</strong></span> <span class='ocrx_word' id='word_1_117' title='bbox 880 895 950 943; x_wconf 73' lang='grc'><strong>42.</strong></span> <span class='ocrx_word' id='word_1_118' title='bbox 981 893 1035 930; x_wconf 92' lang='lat' dir='ltr'><strong>D.</strong></span> <span class='ocrx_word' id='word_1_119' title='bbox 1067 891 1159 941; x_wconf 86' lang='lat' dir='ltr'><strong>ult.‚</strong></span> <span class='ocrx_word' id='word_1_120' title='bbox 1189 891 1330 930; x_wconf 88' lang='lat' dir='ltr'><strong>urbem</strong></span> <span class='ocrx_word' id='word_1_121' title='bbox 1359 891 1548 931; x_wconf 83' lang='lat' dir='ltr'><strong>defuncto</strong></span> 
     </span>
     <span class='ocr_line' id='line_1_15' title="bbox 115 946 1546 1002; baseline 0.001 -16"><span class='ocrx_word' id='word_1_122' title='bbox 115 947 175 986; x_wconf 86' lang='lat' dir='ltr'><strong>lm</strong></span> <span class='ocrx_word' id='word_1_123' title='bbox 205 957 360 988; x_wconf 83' lang='lat' dir='ltr'><strong>eratore</strong></span> <span class='ocrx_word' id='word_1_124' title='bbox 396 949 447 988; x_wconf 85' lang='lat' dir='ltr'><strong>ad</strong></span> <span class='ocrx_word' id='word_1_125' title='bbox 484 956 633 1002; x_wconf 87' lang='lat' dir='ltr'><strong>septem</strong></span> <span class='ocrx_word' id='word_1_126' title='bbox 668 949 753 987; x_wconf 87' lang='lat' dir='ltr'><strong>dies</strong></span> <span class='ocrx_word' id='word_1_127' title='bbox 790 947 923 987; x_wconf 91' lang='lat' dir='ltr'><strong>claudi</strong></span> <span class='ocrx_word' id='word_1_128' title='bbox 961 948 1238 996; x_wconf 78' lang='lat' dir='ltr'><strong>consuevisse3</strong></span> <span class='ocrx_word' id='word_1_129' title='bbox 1268 961 1291 984; x_wconf 87' lang='lat' dir='ltr'><strong>a</strong></span> <span class='ocrx_word' id='word_1_130' title='bbox 1318 946 1475 985; x_wconf 91' lang='lat' dir='ltr'><strong>Codino</strong></span> <span class='ocrx_word' id='word_1_131' title='bbox 1502 961 1546 999; x_wconf 88' lang='lat' dir='ltr'><strong>p.</strong></span> 
     </span>
     <span class='ocr_line' id='line_1_16' title="bbox 116 964 1550 1058; baseline -0.001 -17"><span class='ocrx_word' id='word_1_132' title='bbox 116 964 208 1043; x_wconf 51' lang='lat' dir='ltr'><strong>ug).</strong></span> <span class='ocrx_word' id='word_1_133' title='bbox 237 1003 297 1055; x_wconf 88' lang='lat'><strong>8.‚</strong></span> <span class='ocrx_word' id='word_1_134' title='bbox 319 1003 473 1043; x_wconf 88' lang='lat' dir='ltr'><strong>collatis</strong></span> <span class='ocrx_word' id='word_1_135' title='bbox 510 1019 551 1058; x_wconf 93' lang='lat' dir='ltr'><strong>p.</strong></span> <span class='ocrx_word' id='word_1_136' title='bbox 583 1017 671 1042; x_wconf 84' lang='lat'><strong>10¹.</strong></span> <span class='ocrx_word' id='word_1_137' title='bbox 698 1018 785 1056; x_wconf 89' lang='lat' dir='ltr'><strong>cap.</strong></span> <span class='ocrx_word' id='word_1_138' title='bbox 817 1017 878 1041; x_wconf 77' lang='grc' dir='ltr'><strong>ιι.</strong></span> <span class='ocrx_word' id='word_1_139' title='bbox 921 1009 960 1041; x_wconf 88' lang='lat' dir='ltr'><strong>et</strong></span> <span class='ocrx_word' id='word_1_140' title='bbox 992 1017 1033 1054; x_wconf 91' lang='lat' dir='ltr'><strong>p.</strong></span> <span class='ocrx_word' id='word_1_141' title='bbox 1067 1002 1158 1048; x_wconf 70' lang='lat'><strong>143.</strong></span> <span class='ocrx_word' id='word_1_142' title='bbox 1202 1015 1292 1053; x_wconf 85' lang='lat' dir='ltr'><strong>cap.</strong></span> <span class='ocrx_word' id='word_1_143' title='bbox 1322 1015 1388 1039; x_wconf 79' lang='lat'><strong>21.</strong></span> <span class='ocrx_word' id='word_1_144' title='bbox 1411 1008 1451 1040; x_wconf 88' lang='lat' dir='ltr'><strong>et</strong></span> <span class='ocrx_word' id='word_1_145' title='bbox 1479 1001 1550 1041; x_wconf 91' lang='lat' dir='ltr'><strong>Du</strong></span> 
     </span>
     <span class='ocr_line' id='line_1_17' title="bbox 113 1053 1548 1113; baseline -0.001 -17"><span class='ocrx_word' id='word_1_146' title='bbox 113 1057 250 1113; x_wconf 82' lang='lat' dir='ltr'><strong>Gange</strong></span> <span class='ocrx_word' id='word_1_147' title='bbox 268 1073 311 1098; x_wconf 77' lang='lat' dir='ltr'><strong>v-</strong></span> <span class='ocrx_word' id='word_1_148' title='bbox 336 1053 538 1108; x_wconf 83' lang='grc' dir='ltr'><em>Ἔννατα,</em></span> <span class='ocrx_word' id='word_1_149' title='bbox 569 1058 722 1096; x_wconf 90' lang='lat' dir='ltr'><strong>luctum</strong></span> <span class='ocrx_word' id='word_1_150' title='bbox 750 1072 869 1111; x_wconf 89' lang='lat' dir='ltr'><strong>super</strong></span> <span class='ocrx_word' id='word_1_151' title='bbox 899 1065 1149 1096; x_wconf 89' lang='lat' dir='ltr'><strong>mortuorum</strong></span> <span class='ocrx_word' id='word_1_152' title='bbox 1179 1054 1394 1094; x_wconf 88' lang='lat' dir='ltr'><strong>illustrium</strong></span> <span class='ocrx_word' id='word_1_153' title='bbox 1414 1056 1548 1109; x_wconf 90' lang='lat' dir='ltr'><strong>sepul·-</strong></span> 
     </span>
     <span class='ocr_line' id='line_1_18' title="bbox 112 1110 1549 1167; baseline 0 -16"><span class='ocrx_word' id='word_1_154' title='bbox 112 1113 191 1152; x_wconf 81' lang='lat' dir='ltr'><strong>eris</strong></span> <span class='ocrx_word' id='word_1_155' title='bbox 217 1128 363 1153; x_wconf 87' lang='lat' dir='ltr'><strong>novem</strong></span> <span class='ocrx_word' id='word_1_156' title='bbox 390 1114 475 1152; x_wconf 87' lang='lat' dir='ltr'><strong>djes</strong></span> <span class='ocrx_word' id='word_1_157' title='bbox 499 1113 690 1161; x_wconf 86' lang='lat' dir='ltr'><strong>durasse,</strong></span> <span class='ocrx_word' id='word_1_158' title='bbox 719 1127 765 1151; x_wconf 89' lang='lat' dir='ltr'><strong>ex</strong></span> <span class='ocrx_word' id='word_1_159' title='bbox 795 1115 961 1167; x_wconf 89' lang='lat' dir='ltr'><strong>antiquo</strong></span> <span class='ocrx_word' id='word_1_160' title='bbox 987 1114 1067 1150; x_wconf 89' lang='lat' dir='ltr'><strong>ritu</strong></span> <span class='ocrx_word' id='word_1_161' title='bbox 1090 1111 1292 1159; x_wconf 84' lang='lat' dir='ltr'><strong>Graeciae,</strong></span> <span class='ocrx_word' id='word_1_162' title='bbox 1325 1110 1375 1149; x_wconf 91' lang='lat' dir='ltr'><strong>de</strong></span> <span class='ocrx_word' id='word_1_163' title='bbox 1403 1125 1485 1164; x_wconf 90' lang='lat' dir='ltr'><strong>quo</strong></span> <span class='ocrx_word' id='word_1_164' title='bbox 1505 1125 1549 1151; x_wconf 77' lang='lat' dir='ltr'><strong>v.</strong></span> 
     </span>
     <span class='ocr_line' id='line_1_19' title="bbox 110 1165 1548 1222; baseline -0.001 -16"><span class='ocrx_word' id='word_1_165' title='bbox 110 1167 315 1208; x_wconf 85' lang='lat' dir='ltr'><strong>Brodaeus</strong></span> <span class='ocrx_word' id='word_1_166' title='bbox 335 1169 388 1209; x_wconf 90' lang='lat' dir='ltr'><strong>ad</strong></span> <span class='ocrx_word' id='word_1_167' title='bbox 414 1168 633 1222; x_wconf 81' lang='lat' dir='ltr'><strong>Antholog.</strong></span> <span class='ocrx_word' id='word_1_168' title='bbox 652 1183 692 1221; x_wconf 91' lang='lat' dir='ltr'><strong>p.</strong></span> <span class='ocrx_word' id='word_1_169' title='bbox 711 1166 802 1207; x_wconf 80' lang='lat'><strong>258.</strong></span> <span class='ocrx_word' id='word_1_170' title='bbox 822 1168 886 1207; x_wconf 94' lang='lat' dir='ltr'><strong>ed.</strong></span> <span class='ocrx_word' id='word_1_171' title='bbox 913 1165 1117 1215; x_wconf 49' lang='lat' dir='ltr'><strong>VVechelq</strong></span> <span class='ocrx_word' id='word_1_172' title='bbox 1145 1180 1167 1204; x_wconf 88' lang='lat' dir='ltr'><strong>a</strong></span> <span class='ocrx_word' id='word_1_173' title='bbox 1193 1165 1419 1219; x_wconf 85' lang='lat' dir='ltr'><strong>Nicephoro</strong></span> <span class='ocrx_word' id='word_1_174' title='bbox 1443 1167 1548 1205; x_wconf 88' lang='lat' dir='ltr'><strong>Gre-</strong></span> 
     </span>
     <span class='ocr_line' id='line_1_20' title="bbox 110 1221 1547 1276; baseline -0.001 -14"><span class='ocrx_word' id='word_1_175' title='bbox 110 1236 208 1276; x_wconf 81' lang='lat' dir='ltr'><strong>gora</strong></span> <span class='ocrx_word' id='word_1_176' title='bbox 230 1237 273 1276; x_wconf 89' lang='lat' dir='ltr'><strong>p.</strong></span> <span class='ocrx_word' id='word_1_177' title='bbox 304 1223 400 1264; x_wconf 78' lang='lat'><strong>381.</strong></span> <span class='ocrx_word' id='word_1_178' title='bbox 423 1238 466 1262; x_wconf 86' lang='lat' dir='ltr'><strong>n.</strong></span> <span class='ocrx_word' id='word_1_179' title='bbox 490 1224 551 1273; x_wconf 81' lang='grc'><strong>5.,</strong></span> <span class='ocrx_word' id='word_1_180' title='bbox 578 1225 841 1276; x_wconf 86' lang='lat' dir='ltr'><strong>Imperatores</strong></span> <span class='ocrx_word' id='word_1_181' title='bbox 868 1224 909 1261; x_wconf 90' lang='lat' dir='ltr'><strong>in</strong></span> <span class='ocrx_word' id='word_1_182' title='bbox 929 1222 1037 1261; x_wconf 90' lang='lat' dir='ltr'><strong>luctu</strong></span> <span class='ocrx_word' id='word_1_183' title='bbox 1059 1221 1169 1260; x_wconf 86' lang='lat' dir='ltr'><strong>albas</strong></span> <span class='ocrx_word' id='word_1_184' title='bbox 1189 1228 1319 1259; x_wconf 82' lang='lat' dir='ltr'><strong>vestes</strong></span> <span class='ocrx_word' id='word_1_185' title='bbox 1345 1228 1516 1274; x_wconf 80' lang='lat' dir='ltr'><strong>gestasse</strong></span> <span class='ocrx_word' id='word_1_186' title='bbox 1534 1250 1547 1271; x_wconf 89' lang='lat'>‚</span> 
     </span>
     <span class='ocr_line' id='line_1_21' title="bbox 113 1275 1544 1332; baseline -0.001 -16"><span class='ocrx_word' id='word_1_187' title='bbox 113 1285 254 1317; x_wconf 62' lang='grc' dir='ltr'><strong>θοοῦ-ει</strong></span> <span class='ocrx_word' id='word_1_188' title='bbox 273 1293 369 1318; x_wconf 81' lang='lat' dir='ltr'><strong>vero</strong></span> <span class='ocrx_word' id='word_1_189' title='bbox 396 1278 585 1332; x_wconf 87' lang='lat' dir='ltr'><strong>depositis</strong></span> <span class='ocrx_word' id='word_1_190' title='bbox 612 1279 714 1317; x_wconf 89' lang='lat' dir='ltr'><strong>albis</strong></span> <span class='ocrx_word' id='word_1_191' title='bbox 732 1285 933 1317; x_wconf 87' lang='lat' dir='ltr'><strong>senatores</strong></span> <span class='ocrx_word' id='word_1_192' title='bbox 957 1276 1099 1316; x_wconf 83' lang='lat' dir='ltr'><strong>luxisse</strong></span> <span class='ocrx_word' id='word_1_193' title='bbox 1116 1278 1156 1314; x_wconf 89' lang='lat' dir='ltr'><strong>in</strong></span> <span class='ocrx_word' id='word_1_194' title='bbox 1184 1275 1365 1314; x_wconf 89' lang='lat' dir='ltr'><strong>coloreis.</strong></span> <span class='ocrx_word' id='word_1_195' title='bbox 1425 1275 1544 1315; x_wconf 87' lang='lat' dir='ltr'><strong>Conf.</strong></span> 
     </span>
     <span class='ocr_line' id='line_1_22' title="bbox 113 1329 1547 1387; baseline -0.001 -17"><span class='ocrx_word' id='word_1_196' title='bbox 113 1332 247 1371; x_wconf 81' lang='lat' dir='ltr'><strong>Nostri</strong></span> <span class='ocrx_word' id='word_1_197' title='bbox 277 1348 318 1386; x_wconf 89' lang='lat' dir='ltr'><strong>p.</strong></span> <span class='ocrx_word' id='word_1_198' title='bbox 342 1331 437 1383; x_wconf 85' lang='grc'><strong>364.</strong></span> <span class='ocrx_word' id='word_1_199' title='bbox 473 1334 526 1371; x_wconf 92' lang='lat' dir='ltr'><strong>D.</strong></span> <span class='ocrx_word' id='word_1_200' title='bbox 557 1347 599 1387; x_wconf 89' lang='lat'><strong>9.</strong></span> <span class='ocrx_word' id='word_1_201' title='bbox 628 1340 668 1372; x_wconf 88' lang='lat' dir='ltr'><strong>et</strong></span> <span class='ocrx_word' id='word_1_202' title='bbox 698 1334 766 1371; x_wconf 94' lang='lat' dir='ltr'><strong>Du</strong></span> <span class='ocrx_word' id='word_1_203' title='bbox 796 1334 930 1385; x_wconf 87' lang='lat' dir='ltr'><strong>Cange</strong></span> <span class='ocrx_word' id='word_1_204' title='bbox 961 1331 1024 1370; x_wconf 90' lang='lat' dir='ltr'><strong>Gl.</strong></span> <span class='ocrx_word' id='word_1_205' title='bbox 1053 1333 1126 1369; x_wconf 90' lang='lat' dir='ltr'><strong>Gr.</strong></span> <span class='ocrx_word' id='word_1_206' title='bbox 1167 1345 1207 1383; x_wconf 87' lang='lat' dir='ltr'><strong>p.</strong></span> <span class='ocrx_word' id='word_1_207' title='bbox 1234 1329 1329 1384; x_wconf 78' lang='lat'><strong>897.</strong></span> <span class='ocrx_word' id='word_1_208' title='bbox 1353 1344 1395 1368; x_wconf 84' lang='lat' dir='ltr'><strong>v.</strong></span> <span class='ocrx_word' id='word_1_209' title='bbox 1418 1332 1547 1380; x_wconf 82' lang='grc' dir='ltr'><strong><em>μελα-</em></strong></span> 
     </span>
     <span class='ocr_line' id='line_1_23' title="bbox 110 1384 1545 1440; baseline -0.002 -15"><span class='ocrx_word' id='word_1_210' title='bbox 110 1392 343 1437; x_wconf 73' lang='grc' dir='ltr'><em>νειμονεῖν;</em></span> <span class='ocrx_word' id='word_1_211' title='bbox 383 1402 407 1426; x_wconf 88' lang='lat' dir='ltr'><strong>a</strong></span> <span class='ocrx_word' id='word_1_212' title='bbox 436 1388 584 1426; x_wconf 85' lang='lat' dir='ltr'><strong>Malala</strong></span> <span class='ocrx_word' id='word_1_213' title='bbox 612 1402 655 1440; x_wconf 91' lang='lat' dir='ltr'><strong>p.</strong></span> <span class='ocrx_word' id='word_1_214' title='bbox 699 1386 789 1438; x_wconf 72' lang='grc'><strong>146.</strong></span> <span class='ocrx_word' id='word_1_215' title='bbox 826 1389 876 1425; x_wconf 95' lang='grc' dir='ltr'><strong>Τ.</strong></span> <span class='ocrx_word' id='word_1_216' title='bbox 902 1388 980 1436; x_wconf 85' lang='grc' dir='ltr'><strong>ΙΙ.,</strong></span> <span class='ocrx_word' id='word_1_217' title='bbox 1006 1388 1047 1424; x_wconf 92' lang='lat' dir='ltr'><strong>in</strong></span> <span class='ocrx_word' id='word_1_218' title='bbox 1082 1399 1262 1438; x_wconf 89' lang='lat' dir='ltr'><strong>purpura</strong></span> <span class='ocrx_word' id='word_1_219' title='bbox 1291 1399 1454 1437; x_wconf 90' lang='lat' dir='ltr'><strong>quoque</strong></span> <span class='ocrx_word' id='word_1_220' title='bbox 1479 1384 1545 1423; x_wconf 92' lang='lat' dir='ltr'><strong>lu-</strong></span> 
     </span>
     <span class='ocr_line' id='line_1_24' title="bbox 114 1439 1545 1494; baseline -0.001 -15"><span class='ocrx_word' id='word_1_221' title='bbox 114 1447 224 1479; x_wconf 85' lang='lat' dir='ltr'><strong>ctum</strong></span> <span class='ocrx_word' id='word_1_222' title='bbox 244 1441 365 1481; x_wconf 90' lang='lat' dir='ltr'><strong>fuisse</strong></span> <span class='ocrx_word' id='word_1_223' title='bbox 383 1470 396 1491; x_wconf 86' lang='lat'>‚</span> <span class='ocrx_word' id='word_1_224' title='bbox 425 1449 465 1480; x_wconf 87' lang='lat' dir='ltr'><strong>et</strong></span> <span class='ocrx_word' id='word_1_225' title='bbox 490 1456 537 1480; x_wconf 84' lang='lat' dir='ltr'><strong>ex</strong></span> <span class='ocrx_word' id='word_1_226' title='bbox 562 1442 736 1481; x_wconf 87' lang='lat' dir='ltr'><strong>eiusdem</strong></span> <span class='ocrx_word' id='word_1_227' title='bbox 759 1457 802 1494; x_wconf 93' lang='lat' dir='ltr'><strong>p.</strong></span> <span class='ocrx_word' id='word_1_228' title='bbox 838 1456 928 1494; x_wconf 82' lang='lat'><strong>127.</strong></span> <span class='ocrx_word' id='word_1_229' title='bbox 958 1447 998 1478; x_wconf 90' lang='lat' dir='ltr'><strong>et</strong></span> <span class='ocrx_word' id='word_1_230' title='bbox 1036 1439 1124 1490; x_wconf 73' lang='lat'><strong>146.</strong></span> <span class='ocrx_word' id='word_1_231' title='bbox 1140 1469 1151 1488; x_wconf 88' lang='lat'><strong>‚</strong></span> <span class='ocrx_word' id='word_1_232' title='bbox 1181 1440 1469 1491; x_wconf 81' lang='lat' dir='ltr'><strong>Imperatorem</strong></span> <span class='ocrx_word' id='word_1_233' title='bbox 1501 1439 1545 1478; x_wconf 87' lang='lat' dir='ltr'><strong>in</strong></span> 
     </span>
     <span class='ocr_line' id='line_1_25' title="bbox 110 1493 1546 1549; baseline -0.002 -15"><span class='ocrx_word' id='word_1_234' title='bbox 110 1493 224 1534; x_wconf 88' lang='lat' dir='ltr'><strong>luctu</strong></span> <span class='ocrx_word' id='word_1_235' title='bbox 250 1503 418 1535; x_wconf 87' lang='lat' dir='ltr'><strong>stemma</strong></span> <span class='ocrx_word' id='word_1_236' title='bbox 462 1510 546 1535; x_wconf 89' lang='lat' dir='ltr'><strong>non</strong></span> <span class='ocrx_word' id='word_1_237' title='bbox 584 1503 766 1549; x_wconf 82' lang='lat' dir='ltr'><strong>gestasse.</strong></span> <span class='ocrx_word' id='word_1_238' title='bbox 835 1499 856 1518; x_wconf 68' lang='lat'><strong>²¹</strong></span> <span class='ocrx_word' id='word_1_239' title='bbox 873 1496 1009 1549; x_wconf 87' lang='lat' dir='ltr'><strong>[Ritus</strong></span> <span class='ocrx_word' id='word_1_240' title='bbox 1038 1494 1215 1532; x_wconf 86' lang='lat' dir='ltr'><strong>fimebris</strong></span> <span class='ocrx_word' id='word_1_241' title='bbox 1241 1493 1414 1531; x_wconf 88' lang='lat' dir='ltr'><strong>habetur</strong></span> <span class='ocrx_word' id='word_1_242' title='bbox 1437 1493 1546 1545; x_wconf 88' lang='lat' dir='ltr'><strong>apud</strong></span> 
     </span>
     <span class='ocr_line' id='line_1_26' title="bbox 113 1548 1545 1604; baseline -0.002 -16"><span class='ocrx_word' id='word_1_243' title='bbox 113 1550 273 1589; x_wconf 89' lang='lat' dir='ltr'><strong>Contin.</strong></span> <span class='ocrx_word' id='word_1_244' title='bbox 315 1551 550 1603; x_wconf 85' lang='lat' dir='ltr'><strong>Theophan.</strong></span> <span class='ocrx_word' id='word_1_245' title='bbox 586 1566 628 1603; x_wconf 93' lang='lat' dir='ltr'><strong>p.</strong></span> <span class='ocrx_word' id='word_1_246' title='bbox 664 1565 758 1604; x_wconf 87' lang='lat'><strong>217.</strong></span> <span class='ocrx_word' id='word_1_247' title='bbox 829 1549 1107 1602; x_wconf 83' lang='lat' dir='ltr'><strong>Imperatrices</strong></span> <span class='ocrx_word' id='word_1_248' title='bbox 1147 1548 1276 1586; x_wconf 86' lang='lat' dir='ltr'><strong>aureis</strong></span> <span class='ocrx_word' id='word_1_249' title='bbox 1314 1555 1354 1586; x_wconf 90' lang='lat' dir='ltr'><strong>et</strong></span> <span class='ocrx_word' id='word_1_250' title='bbox 1380 1549 1545 1601; x_wconf 87' lang='lat' dir='ltr'><strong>gemmis</strong></span> 
     </span>
     <span class='ocr_line' id='line_1_27' title="bbox 112 1603 1545 1659; baseline -0.002 -15"><span class='ocrx_word' id='word_1_251' title='bbox 112 1604 310 1644; x_wconf 85' lang='lat' dir='ltr'><strong>distinctis</strong></span> <span class='ocrx_word' id='word_1_252' title='bbox 326 1605 539 1659; x_wconf 85' lang='lat' dir='ltr'><strong>sandapilis</strong></span> <span class='ocrx_word' id='word_1_253' title='bbox 567 1619 803 1658; x_wconf 90' lang='lat' dir='ltr'><strong>componere</strong></span> <span class='ocrx_word' id='word_1_254' title='bbox 830 1619 916 1643; x_wconf 89' lang='lat' dir='ltr'><strong>mos</strong></span> <span class='ocrx_word' id='word_1_255' title='bbox 945 1612 1053 1653; x_wconf 83' lang='lat' dir='ltr'><strong>erat,</strong></span> <span class='ocrx_word' id='word_1_256' title='bbox 1095 1610 1134 1641; x_wconf 87' lang='lat' dir='ltr'><strong>et</strong></span> <span class='ocrx_word' id='word_1_257' title='bbox 1164 1603 1380 1642; x_wconf 85' lang='lat' dir='ltr'><strong>comitante</strong></span> <span class='ocrx_word' id='word_1_258' title='bbox 1405 1609 1545 1642; x_wconf 86' lang='lat' dir='ltr'><strong>senatu</strong></span> 
     </span>
     <span class='ocr_line' id='line_1_28' title="bbox 111 1657 1148 1714; baseline -0.005 -14"><span class='ocrx_word' id='word_1_259' title='bbox 111 1659 323 1700; x_wconf 82' lang='lat' dir='ltr'><strong>deducere.</strong></span> <span class='ocrx_word' id='word_1_260' title='bbox 377 1661 521 1714; x_wconf 88' lang='lat' dir='ltr'><strong>Script.</strong></span> <span class='ocrx_word' id='word_1_261' title='bbox 554 1668 643 1712; x_wconf 90' lang='lat' dir='ltr'><strong>post</strong></span> <span class='ocrx_word' id='word_1_262' title='bbox 669 1660 907 1712; x_wconf 88' lang='lat' dir='ltr'><strong>Theophan.</strong></span> <span class='ocrx_word' id='word_1_263' title='bbox 933 1674 976 1712; x_wconf 90' lang='lat' dir='ltr'><strong>p.</strong></span> <span class='ocrx_word' id='word_1_264' title='bbox 1005 1657 1148 1711; x_wconf 82' lang='lat'><strong>296.]*</strong></span> 
     </span>
    </p>

    <p class='ocr_par' dir='ltr' id='par_1_4' title="bbox 110 1711 1547 1880">
     <span class='ocr_line' id='line_1_29' title="bbox 220 1711 1547 1769; baseline -0.003 -14"><span class='ocrx_word' id='word_1_265' title='bbox 220 1715 275 1755; x_wconf 91' lang='lat' dir='ltr'><strong>D.</strong></span> <span class='ocrx_word' id='word_1_266' title='bbox 306 1722 437 1769; x_wconf 89' lang='lat' dir='ltr'><strong>antep.</strong></span> <span class='ocrx_word' id='word_1_267' title='bbox 474 1715 584 1769; x_wconf 82' lang='lat'>[275‚</span> <span class='ocrx_word' id='word_1_268' title='bbox 619 1714 700 1769; x_wconf 85' lang='lat'><strong>15.]</strong></span> <span class='ocrx_word' id='word_1_269' title='bbox 741 1711 788 1754; x_wconf 79' lang='grc' dir='ltr'><strong>τὸ</strong></span> <span class='ocrx_word' id='word_1_270' title='bbox 827 1714 1039 1763; x_wconf 76' lang='grc' dir='ltr'><strong>λείψανον.</strong></span> <span class='ocrx_word' id='word_1_271' title='bbox 1118 1712 1310 1766; x_wconf 76' lang='lat' dir='ltr'><strong>Suprema</strong></span> <span class='ocrx_word' id='word_1_272' title='bbox 1344 1711 1547 1766; x_wconf 90' lang='lat' dir='ltr'><strong>appellant</strong></span> 
     </span>
     <span class='ocr_line' id='line_1_30' title="bbox 110 1767 1547 1822; baseline -0.001 -14"><span class='ocrx_word' id='word_1_273' title='bbox 110 1770 275 1821; x_wconf 85' lang='lat' dir='ltr'><strong>Latini3</strong></span> <span class='ocrx_word' id='word_1_274' title='bbox 302 1771 387 1810; x_wconf 86' lang='lat' dir='ltr'><strong>vid.</strong></span> <span class='ocrx_word' id='word_1_275' title='bbox 419 1770 556 1809; x_wconf 85' lang='lat' dir='ltr'><strong>Vales.</strong></span> <span class='ocrx_word' id='word_1_276' title='bbox 595 1770 646 1808; x_wconf 85' lang='lat' dir='ltr'><strong>ad</strong></span> <span class='ocrx_word' id='word_1_277' title='bbox 669 1771 804 1810; x_wconf 87' lang='lat' dir='ltr'><strong>Amm.</strong></span> <span class='ocrx_word' id='word_1_278' title='bbox 834 1767 1013 1811; x_wconf 86' lang='lat' dir='ltr'><strong>Marcell.</strong></span> <span class='ocrx_word' id='word_1_279' title='bbox 1030 1782 1118 1822; x_wconf 85' lang='lat' dir='ltr'><strong>pag.</strong></span> <span class='ocrx_word' id='word_1_280' title='bbox 1140 1767 1233 1807; x_wconf 83' lang='lat'><strong>286.</strong></span> <span class='ocrx_word' id='word_1_281' title='bbox 1255 1769 1303 1807; x_wconf 90' lang='lat' dir='ltr'><strong>B.</strong></span> <span class='ocrx_word' id='word_1_282' title='bbox 1320 1768 1388 1807; x_wconf 86' lang='lat' dir='ltr'><strong>Du</strong></span> <span class='ocrx_word' id='word_1_283' title='bbox 1412 1768 1547 1821; x_wconf 82' lang='lat' dir='ltr'><strong>Gange</strong></span> 
     </span>
     <span class='ocr_line' id='line_1_31' title="bbox 113 1824 652 1880; baseline -0.002 -16"><span class='ocrx_word' id='word_1_284' title='bbox 113 1824 243 1864; x_wconf 93' lang='lat' dir='ltr'><strong>Gloss.</strong></span> <span class='ocrx_word' id='word_1_285' title='bbox 271 1827 360 1868; x_wconf 83' lang='lat' dir='ltr'><strong>Lat,</strong></span> <span class='ocrx_word' id='word_1_286' title='bbox 383 1839 425 1865; x_wconf 85' lang='lat' dir='ltr'><strong>v.</strong></span> <span class='ocrx_word' id='word_1_287' title='bbox 461 1826 652 1880; x_wconf 75' lang='lat' dir='ltr'><strong>Lipsana.</strong></span> 
     </span>
    </p>

    <p class='ocr_par' dir='ltr' id='par_1_5' title="bbox 109 1870 1545 2098">
     <span class='ocr_line' id='line_1_32' title="bbox 223 1870 1545 1934; baseline -0.004 -16"><span class='ocrx_word' id='word_1_288' title='bbox 223 1882 278 1918; x_wconf 93' lang='lat' dir='ltr'><strong>D.</strong></span> <span class='ocrx_word' id='word_1_289' title='bbox 311 1895 400 1934; x_wconf 90' lang='lat' dir='ltr'><strong>pen.</strong></span> <span class='ocrx_word' id='word_1_290' title='bbox 442 1880 555 1934; x_wconf 88' lang='lat'><strong>[275‚</strong></span> <span class='ocrx_word' id='word_1_291' title='bbox 591 1878 678 1933; x_wconf 83' lang='lat'><strong>16.]</strong></span> <span class='ocrx_word' id='word_1_292' title='bbox 716 1874 769 1917; x_wconf 71' lang='lat' dir='ltr'><strong>‘toi</strong></span> <span class='ocrx_word' id='word_1_293' title='bbox 800 1873 854 1917; x_wconf 64' lang='lat'><strong>13&#39;</strong></span> <span class='ocrx_word' id='word_1_294' title='bbox 899 1870 1116 1927; x_wconf 79' lang='grc' dir='ltr'><strong>ἇκούβιτα.</strong></span> <span class='ocrx_word' id='word_1_295' title='bbox 1181 1876 1370 1915; x_wconf 79' lang='lat' dir='ltr'><strong>Solebant</strong></span> <span class='ocrx_word' id='word_1_296' title='bbox 1398 1876 1440 1914; x_wconf 83' lang='lat' dir='ltr'><strong>in</strong></span> <span class='ocrx_word' id='word_1_297' title='bbox 1471 1877 1545 1914; x_wconf 81' lang='lat' dir='ltr'><strong>tri-</strong></span> 
     </span>
     <span class='ocr_line' id='line_1_33' title="bbox 112 1930 1543 1986; baseline -0.006 -10"><span class='ocrx_word' id='word_1_298' title='bbox 112 1935 233 1976; x_wconf 88' lang='lat' dir='ltr'><strong>clinio</strong></span> <span class='ocrx_word' id='word_1_299' title='bbox 254 1935 515 1974; x_wconf 85' lang='lat' dir='ltr'><strong>novendecim</strong></span> <span class='ocrx_word' id='word_1_300' title='bbox 547 1935 805 1973; x_wconf 83' lang='lat' dir='ltr'><strong>accubituum</strong></span> <span class='ocrx_word' id='word_1_301' title='bbox 822 1931 1043 1986; x_wconf 88' lang='lat' dir='ltr'><strong>imperiales</strong></span> <span class='ocrx_word' id='word_1_302' title='bbox 1066 1931 1257 1985; x_wconf 88' lang='lat' dir='ltr'><strong>reliquiae</strong></span> <span class='ocrx_word' id='word_1_303' title='bbox 1275 1933 1442 1984; x_wconf 70' lang='lat' dir='ltr'><strong>exponi3</strong></span> <span class='ocrx_word' id='word_1_304' title='bbox 1462 1930 1543 1969; x_wconf 83' lang='lat' dir='ltr'><strong>vid.</strong></span> 
     </span>
     <span class='ocr_line' id='line_1_34' title="bbox 109 1985 1544 2043; baseline -0.003 -14"><span class='ocrx_word' id='word_1_305' title='bbox 109 1991 304 2042; x_wconf 87' lang='lat' dir='ltr'><strong>Scriptor.</strong></span> <span class='ocrx_word' id='word_1_306' title='bbox 335 1997 423 2043; x_wconf 89' lang='lat' dir='ltr'><strong>post</strong></span> <span class='ocrx_word' id='word_1_307' title='bbox 461 1989 700 2042; x_wconf 85' lang='lat' dir='ltr'><strong>Theophan.</strong></span> <span class='ocrx_word' id='word_1_308' title='bbox 724 2004 766 2042; x_wconf 84' lang='lat' dir='ltr'><strong>p.</strong></span> <span class='ocrx_word' id='word_1_309' title='bbox 793 2002 902 2042; x_wconf 75' lang='lat'>²9¹·2</span> <span class='ocrx_word' id='word_1_310' title='bbox 936 1986 1009 2026; x_wconf 87' lang='lat' dir='ltr'><strong>ubi</strong></span> <span class='ocrx_word' id='word_1_311' title='bbox 1055 1989 1209 2040; x_wconf 82' lang='lat' dir='ltr'><strong>egregie</strong></span> <span class='ocrx_word' id='word_1_312' title='bbox 1252 1988 1354 2025; x_wconf 93' lang='lat' dir='ltr'><strong>ritus</strong></span> <span class='ocrx_word' id='word_1_313' title='bbox 1394 1985 1544 2024; x_wconf 80' lang='lat' dir='ltr'><strong>funeris</strong></span> 
     </span>
     <span class='ocr_line' id='line_1_35' title="bbox 112 2040 1542 2098; baseline -0.003 -15"><span class='ocrx_word' id='word_1_314' title='bbox 112 2044 328 2098; x_wconf 85' lang='lat' dir='ltr'><strong>imperialis</strong></span> <span class='ocrx_word' id='word_1_315' title='bbox 348 2046 588 2097; x_wconf 79' lang='lat' dir='ltr'><strong>exsequitur,</strong></span> <span class='ocrx_word' id='word_1_316' title='bbox 606 2052 861 2096; x_wconf 87' lang='lat' dir='ltr'><strong>mereturque</strong></span> <span class='ocrx_word' id='word_1_317' title='bbox 884 2057 976 2082; x_wconf 90' lang='lat' dir='ltr'><strong>cum</strong></span> <span class='ocrx_word' id='word_1_318' title='bbox 1000 2042 1181 2080; x_wconf 87' lang='lat' dir='ltr'><strong>hocloco</strong></span> <span class='ocrx_word' id='word_1_319' title='bbox 1202 2048 1337 2080; x_wconf 81' lang='lat' dir='ltr'><strong>nostro</strong></span> <span class='ocrx_word' id='word_1_320' title='bbox 1359 2040 1542 2079; x_wconf 86' lang='lat' dir='ltr'><strong>conferri.</strong></span> 
     </span>
    </p>
   </div>
   <div class='ocr_carea' id='block_1_3' title="bbox 220 2092 1142 2153">
    <p class='ocr_par' dir='ltr' id='par_1_6' title="bbox 220 2092 1142 2153">
     <span class='ocr_line' id='line_1_36' title="bbox 220 2092 1142 2153; baseline -0.004 -15"><span class='ocrx_word' id='word_1_321' title='bbox 220 2101 276 2138; x_wconf 94' lang='lat' dir='ltr'><strong>D.</strong></span> <span class='ocrx_word' id='word_1_322' title='bbox 293 2113 388 2153; x_wconf 89' lang='lat' dir='ltr'><strong>pen.</strong></span> <span class='ocrx_word' id='word_1_323' title='bbox 405 2098 523 2153; x_wconf 82' lang='lat'><strong>[275‚</strong></span> <span class='ocrx_word' id='word_1_324' title='bbox 559 2099 644 2153; x_wconf 79' lang='grc' dir='ltr'><strong>ι6.]</strong></span> <span class='ocrx_word' id='word_1_325' title='bbox 672 2097 871 2152; x_wconf 76' lang='grc' dir='ltr'><strong>τρικλίνη.</strong></span> <span class='ocrx_word' id='word_1_326' title='bbox 929 2098 988 2140; x_wconf 88' lang='grc' dir='ltr'><strong>Μ.</strong></span> <span class='ocrx_word' id='word_1_327' title='bbox 1014 2092 1142 2149; x_wconf 75' lang='grc' dir='ltr'><strong>κλίνη.</strong></span> 
     </span>
    </p>
   </div>
   <div class='ocr_carea' id='block_1_4' title="bbox 117 2161 1545 2801">
    <p class='ocr_par' dir='ltr' id='par_1_7' title="bbox 170 2161 1544 2294">
     <span class='ocr_line' id='line_1_37' title="bbox 922 2161 953 2184; baseline 0 0"><span class='ocrx_word' id='word_1_328' title='bbox 922 2161 953 2184; x_wconf 90' lang='grc' dir='ltr'><em>π</em></span> 
     </span>
     <span class='ocr_line' id='line_1_38' title="bbox 227 2192 1544 2254; baseline -0.003 -16"><span class='ocrx_word' id='word_1_329' title='bbox 227 2200 281 2239; x_wconf 94' lang='lat' dir='ltr'><strong>D.</strong></span> <span class='ocrx_word' id='word_1_330' title='bbox 302 2199 376 2239; x_wconf 91' lang='lat' dir='ltr'><strong>ult.</strong></span> <span class='ocrx_word' id='word_1_331' title='bbox 421 2198 556 2254; x_wconf 65' lang='lat' dir='ltr'><em>[ibid]</em></span> <span class='ocrx_word' id='word_1_332' title='bbox 592 2197 744 2253; x_wconf 76' lang='grc' dir='ltr'><strong>λύπης.</strong></span> <span class='ocrx_word' id='word_1_333' title='bbox 795 2200 857 2238; x_wconf 87' lang='grc' dir='ltr'><strong>Μ.</strong></span> <span class='ocrx_word' id='word_1_334' title='bbox 888 2200 939 2238; x_wconf 75' lang='grc' dir='ltr'><strong>λυ</strong></span> <span class='ocrx_word' id='word_1_335' title='bbox 955 2227 974 2251; x_wconf 74' lang='lat'>,</span> <span class='ocrx_word' id='word_1_336' title='bbox 989 2196 1097 2237; x_wconf 88' lang='lat' dir='ltr'><strong>unde</strong></span> <span class='ocrx_word' id='word_1_337' title='bbox 1122 2210 1286 2250; x_wconf 87' lang='lat' dir='ltr'><strong>quoque</strong></span> <span class='ocrx_word' id='word_1_338' title='bbox 1308 2192 1416 2248; x_wconf 78' lang='grc' dir='ltr'><strong><em>λύπη</em></strong></span> <span class='ocrx_word' id='word_1_339' title='bbox 1442 2194 1544 2235; x_wconf 85' lang='lat' dir='ltr'><strong>effici</strong></span> 
     </span>
     <span class='ocr_line' id='line_1_39' title="bbox 170 2262 262 2294; baseline -0.011 0"><span class='ocrx_word' id='word_1_340' title='bbox 170 2262 262 2294; x_wconf 90' lang='lat' dir='ltr'><strong>test.</strong></span> 
     </span>
    </p>

    <p class='ocr_par' dir='ltr' id='par_1_8' title="bbox 117 2269 1545 2676">
     <span class='ocr_line' id='line_1_40' title="bbox 117 2269 1543 2363; baseline -0.008 -11"><span class='ocrx_word' id='word_1_341' title='bbox 117 2269 170 2310; x_wconf 68' lang='lat' dir='ltr'><strong>Po</strong></span> <span class='ocrx_word' id='word_1_342' title='bbox 207 2310 297 2349; x_wconf 85' lang='lat'>161-</span> <span class='ocrx_word' id='word_1_343' title='bbox 329 2307 383 2347; x_wconf 84' lang='lat' dir='ltr'><strong>A·</strong></span> <span class='ocrx_word' id='word_1_344' title='bbox 414 2308 454 2347; x_wconf 81' lang='grc'><strong>5.</strong></span> <span class='ocrx_word' id='word_1_345' title='bbox 487 2307 599 2363; x_wconf 73' lang='lat'><strong>[275.</strong></span> <span class='ocrx_word' id='word_1_346' title='bbox 635 2308 723 2363; x_wconf 62' lang='lat'><strong>19]</strong></span> <span class='ocrx_word' id='word_1_347' title='bbox 750 2305 943 2362; x_wconf 66' lang='grc' dir='ltr'><strong>γὴλωνες.</strong></span> <span class='ocrx_word' id='word_1_348' title='bbox 997 2306 1183 2346; x_wconf 89' lang='lat' dir='ltr'><strong>Probane</strong></span> <span class='ocrx_word' id='word_1_349' title='bbox 1221 2307 1272 2344; x_wconf 84' lang='lat' dir='ltr'><strong>sit</strong></span> <span class='ocrx_word' id='word_1_350' title='bbox 1312 2303 1411 2342; x_wconf 84' lang='lat' dir='ltr'><strong>haee</strong></span> <span class='ocrx_word' id='word_1_351' title='bbox 1437 2317 1543 2353; x_wconf 76' lang='lat' dir='ltr'><strong>vox,</strong></span> 
     </span>
     <span class='ocr_line' id='line_1_41' title="bbox 120 2359 1545 2418; baseline -0.006 -14"><span class='ocrx_word' id='word_1_352' title='bbox 120 2372 160 2404; x_wconf 85' lang='lat' dir='ltr'><strong>et</strong></span> <span class='ocrx_word' id='word_1_353' title='bbox 186 2364 284 2418; x_wconf 87' lang='lat' dir='ltr'><strong>quid</strong></span> <span class='ocrx_word' id='word_1_354' title='bbox 311 2363 502 2416; x_wconf 84' lang='lat' dir='ltr'><strong>significet</strong></span> <span class='ocrx_word' id='word_1_355' title='bbox 518 2392 529 2413; x_wconf 91' lang='lat'>‚</span> <span class='ocrx_word' id='word_1_356' title='bbox 559 2363 629 2402; x_wconf 85' lang='lat' dir='ltr'><strong>alii</strong></span> <span class='ocrx_word' id='word_1_357' title='bbox 653 2365 754 2403; x_wconf 85' lang='lat' dir='ltr'><strong>sorte</strong></span> <span class='ocrx_word' id='word_1_358' title='bbox 781 2365 936 2410; x_wconf 81' lang='lat' dir='ltr'><strong>melius,</strong></span> <span class='ocrx_word' id='word_1_359' title='bbox 966 2376 1087 2416; x_wconf 89' lang='lat' dir='ltr'><strong>quam</strong></span> <span class='ocrx_word' id='word_1_360' title='bbox 1110 2375 1206 2414; x_wconf 87' lang='lat' dir='ltr'><strong>ego,</strong></span> <span class='ocrx_word' id='word_1_361' title='bbox 1236 2359 1420 2398; x_wconf 82' lang='lat' dir='ltr'><strong>dixerint.</strong></span> <span class='ocrx_word' id='word_1_362' title='bbox 1476 2359 1545 2396; x_wconf 83' lang='lat' dir='ltr'><strong>In-</strong></span> 
     </span>
     <span class='ocr_line' id='line_1_42' title="bbox 120 2411 1544 2471; baseline -0.005 -14"><span class='ocrx_word' id='word_1_363' title='bbox 120 2419 217 2458; x_wconf 88' lang='lat' dir='ltr'><strong>cidit</strong></span> <span class='ocrx_word' id='word_1_364' title='bbox 242 2426 376 2457; x_wconf 87' lang='lat' dir='ltr'><strong>tamen</strong></span> <span class='ocrx_word' id='word_1_365' title='bbox 396 2417 624 2471; x_wconf 87' lang='lat' dir='ltr'><strong>aliquando,</strong></span> <span class='ocrx_word' id='word_1_366' title='bbox 652 2433 703 2457; x_wconf 80' lang='lat' dir='ltr'><strong>an</strong></span> <span class='ocrx_word' id='word_1_367' title='bbox 726 2433 809 2457; x_wconf 92' lang='lat' dir='ltr'><strong>non</strong></span> <span class='ocrx_word' id='word_1_368' title='bbox 830 2419 908 2471; x_wconf 86' lang='lat' dir='ltr'><strong>leg.</strong></span> <span class='ocrx_word' id='word_1_369' title='bbox 926 2417 977 2456; x_wconf 87' lang='lat' dir='ltr'><strong>sit</strong></span> <span class='ocrx_word' id='word_1_370' title='bbox 998 2416 1188 2467; x_wconf 75' lang='grc' dir='ltr'><em>γείτονες,</em></span> <span class='ocrx_word' id='word_1_371' title='bbox 1217 2415 1372 2453; x_wconf 83' lang='lat' dir='ltr'><strong>accolae</strong></span> <span class='ocrx_word' id='word_1_372' title='bbox 1400 2411 1467 2451; x_wconf 83' lang='lat' dir='ltr'><strong>vel</strong></span> <span class='ocrx_word' id='word_1_373' title='bbox 1482 2414 1544 2451; x_wconf 85' lang='lat' dir='ltr'><strong>in—</strong></span> 
     </span>
     <span class='ocr_line' id='line_1_43' title="bbox 122 2469 1541 2523; baseline -0.005 -11"><span class='ocrx_word' id='word_1_374' title='bbox 122 2473 244 2512; x_wconf 76' lang='lat' dir='ltr'><strong>colae.</strong></span> <span class='ocrx_word' id='word_1_375' title='bbox 313 2472 504 2512; x_wconf 88' lang='lat' dir='ltr'><strong>Solehant</strong></span> <span class='ocrx_word' id='word_1_376' title='bbox 530 2481 636 2512; x_wconf 89' lang='lat' dir='ltr'><strong>certe</strong></span> <span class='ocrx_word' id='word_1_377' title='bbox 657 2503 670 2523; x_wconf 84' lang='lat'>‚</span> <span class='ocrx_word' id='word_1_378' title='bbox 704 2487 815 2512; x_wconf 89' lang='lat' dir='ltr'><strong>more</strong></span> <span class='ocrx_word' id='word_1_379' title='bbox 853 2487 899 2512; x_wconf 87' lang='lat' dir='ltr'><strong>ex</strong></span> <span class='ocrx_word' id='word_1_380' title='bbox 936 2471 1060 2510; x_wconf 87' lang='lat' dir='ltr'><strong>veteri</strong></span> <span class='ocrx_word' id='word_1_381' title='bbox 1104 2469 1331 2523; x_wconf 82' lang='lat' dir='ltr'><strong>gentilismo</strong></span> <span class='ocrx_word' id='word_1_382' title='bbox 1360 2474 1516 2506; x_wconf 88' lang='lat' dir='ltr'><strong>retento</strong></span> <span class='ocrx_word' id='word_1_383' title='bbox 1529 2497 1541 2517; x_wconf 90' lang='lat'><strong>‚</strong></span> 
     </span>
     <span class='ocr_line' id='line_1_44' title="bbox 118 2523 1545 2580; baseline -0.004 -15"><span class='ocrx_word' id='word_1_384' title='bbox 118 2527 236 2566; x_wconf 80' lang='lat' dir='ltr'><strong>multi</strong></span> <span class='ocrx_word' id='word_1_385' title='bbox 262 2534 419 2580; x_wconf 83' lang='lat' dir='ltr'><strong>praeter</strong></span> <span class='ocrx_word' id='word_1_386' title='bbox 446 2526 596 2567; x_wconf 85' lang='lat' dir='ltr'><strong>clerum</strong></span> <span class='ocrx_word' id='word_1_387' title='bbox 617 2529 658 2566; x_wconf 90' lang='lat' dir='ltr'><strong>in</strong></span> <span class='ocrx_word' id='word_1_388' title='bbox 678 2527 835 2580; x_wconf 86' lang='lat' dir='ltr'><strong>templis</strong></span> <span class='ocrx_word' id='word_1_389' title='bbox 854 2526 1053 2574; x_wconf 85' lang='lat' dir='ltr'><strong>habitare,</strong></span> <span class='ocrx_word' id='word_1_390' title='bbox 1081 2525 1133 2563; x_wconf 91' lang='lat' dir='ltr'><strong>ad</strong></span> <span class='ocrx_word' id='word_1_391' title='bbox 1167 2525 1250 2563; x_wconf 90' lang='lat' dir='ltr'><strong>eius</strong></span> <span class='ocrx_word' id='word_1_392' title='bbox 1278 2523 1545 2561; x_wconf 78' lang='lat' dir='ltr'><strong>ministerium</strong></span> 
     </span>
     <span class='ocr_line' id='line_1_45' title="bbox 119 2577 1543 2635; baseline -0.003 -16"><span class='ocrx_word' id='word_1_393' title='bbox 119 2581 318 2620; x_wconf 66' lang='lat' dir='ltr'><strong>doeuiuati.</strong></span> <span class='ocrx_word' id='word_1_394' title='bbox 372 2582 426 2621; x_wconf 84' lang='lat' dir='ltr'><strong>Et</strong></span> <span class='ocrx_word' id='word_1_395' title='bbox 452 2583 561 2635; x_wconf 88' lang='lat' dir='ltr'><strong>apud</strong></span> <span class='ocrx_word' id='word_1_396' title='bbox 576 2582 892 2621; x_wconf 83' lang='lat' dir='ltr'><strong>Muhamedanos</strong></span> <span class='ocrx_word' id='word_1_397' title='bbox 906 2579 1056 2634; x_wconf 88' lang='lat' dir='ltr'><strong>templa</strong></span> <span class='ocrx_word' id='word_1_398' title='bbox 1082 2586 1175 2618; x_wconf 80' lang='lat' dir='ltr'><strong>sunt</strong></span> <span class='ocrx_word' id='word_1_399' title='bbox 1202 2578 1419 2617; x_wconf 67' lang='lat' dir='ltr'><strong>diversofia</strong></span> <span class='ocrx_word' id='word_1_400' title='bbox 1449 2577 1543 2616; x_wconf 84' lang='lat' dir='ltr'><strong>der-</strong></span> 
     </span>
     <span class='ocr_line' id='line_1_46' title="bbox 118 2635 731 2676; baseline 0.005 -3"><span class='ocrx_word' id='word_1_401' title='bbox 118 2635 345 2674; x_wconf 65' lang='lat' dir='ltr'><strong>vischorum</strong></span> <span class='ocrx_word' id='word_1_402' title='bbox 378 2644 417 2675; x_wconf 89' lang='lat' dir='ltr'><strong>et</strong></span> <span class='ocrx_word' id='word_1_403' title='bbox 444 2638 731 2676; x_wconf 72' lang='lat' dir='ltr'><strong>mendicorum.</strong></span> 
     </span>
    </p>

    <p class='ocr_par' dir='ltr' id='par_1_9' title="bbox 227 2684 1475 2745">
     <span class='ocr_line' id='line_1_47' title="bbox 227 2684 1475 2745; baseline -0.003 -17"><span class='ocrx_word' id='word_1_404' title='bbox 227 2689 282 2728; x_wconf 86' lang='grc' dir='ltr'><strong>Α.</strong></span> <span class='ocrx_word' id='word_1_405' title='bbox 309 2690 351 2730; x_wconf 91' lang='grc'><strong>8.</strong></span> <span class='ocrx_word' id='word_1_406' title='bbox 381 2689 500 2744; x_wconf 85' lang='lat'>[276‚</span> <span class='ocrx_word' id='word_1_407' title='bbox 531 2691 596 2745; x_wconf 78' lang='grc'><strong>3.]</strong></span> <span class='ocrx_word' id='word_1_408' title='bbox 627 2705 673 2730; x_wconf 84' lang='grc' dir='ltr'><strong>σε</strong></span> <span class='ocrx_word' id='word_1_409' title='bbox 702 2686 918 2742; x_wconf 76' lang='grc' dir='ltr'><strong>βασιλεῦς.</strong></span> <span class='ocrx_word' id='word_1_410' title='bbox 986 2690 1045 2728; x_wconf 84' lang='grc' dir='ltr'><strong>Μ.</strong></span> <span class='ocrx_word' id='word_1_411' title='bbox 1077 2701 1123 2728; x_wconf 84' lang='grc' dir='ltr'><strong>σε</strong></span> <span class='ocrx_word' id='word_1_412' title='bbox 1150 2684 1174 2726; x_wconf 82' lang='grc' dir='ltr'>ὅ</span> <span class='ocrx_word' id='word_1_413' title='bbox 1201 2687 1240 2738; x_wconf 84' lang='grc' dir='ltr'><strong>β.</strong></span> <span class='ocrx_word' id='word_1_414' title='bbox 1258 2718 1269 2734; x_wconf 84' lang='lat'>‚</span> <span class='ocrx_word' id='word_1_415' title='bbox 1292 2694 1337 2726; x_wconf 89' lang='lat' dir='ltr'><strong>ut</strong></span> <span class='ocrx_word' id='word_1_416' title='bbox 1363 2687 1408 2726; x_wconf 92' lang='lat' dir='ltr'><strong>C.</strong></span> <span class='ocrx_word' id='word_1_417' title='bbox 1435 2687 1475 2729; x_wconf 87' lang='lat'><strong>5.</strong></span> 
     </span>
    </p>

    <p class='ocr_par' dir='ltr' id='par_1_10' title="bbox 226 2738 1348 2801">
     <span class='ocr_line' id='line_1_48' title="bbox 226 2738 1348 2801; baseline -0.001 -19"><span class='ocrx_word' id='word_1_418' title='bbox 226 2744 271 2782; x_wconf 91' lang='grc' dir='ltr'><strong>Β.</strong></span> <span class='ocrx_word' id='word_1_419' title='bbox 303 2743 343 2783; x_wconf 88' lang='grc'><strong>6.</strong></span> <span class='ocrx_word' id='word_1_420' title='bbox 375 2744 492 2799; x_wconf 52' lang='lat' dir='ltr'><strong>[ay-6,</strong></span> <span class='ocrx_word' id='word_1_421' title='bbox 526 2746 602 2801; x_wconf 72' lang='grc' dir='ltr'><strong>η]</strong></span> <span class='ocrx_word' id='word_1_422' title='bbox 631 2740 873 2795; x_wconf 76' lang='grc' dir='ltr'><strong>καταλαβὸν.</strong></span> <span class='ocrx_word' id='word_1_423' title='bbox 932 2743 992 2785; x_wconf 81' lang='grc' dir='ltr'><strong>Μ.</strong></span> <span class='ocrx_word' id='word_1_424' title='bbox 1021 2738 1348 2794; x_wconf 72' lang='grc' dir='ltr'><strong>καταλαβόντων.</strong></span> 
     </span>
    </p>
   </div>
  </div>
 </body>
</html>
