1832 3126
312 157 414 214 172
613 158 686 199 10.
725 157 832 200 IAC.
869 159 1067 200 RElSKll
1105 156 1483 202 COMMENTARII

359 259 427 310 45.
453 257 506 298 Α.
531 258 571 298 3.
590 257 680 313 [7o‚
702 258 792 313 22.]
823 257 1078 313 ἐπιγκέρτης.
1131 262 1191 299 Μ.
1228 259 1470 315 ἐπιγκέρνης
1486 291 1499 311 ,
1526 260 1638 316 quod
1667 271 1742 316 pro

303 315 473 354 istorum
508 321 737 368 temporum
775 328 886 354 more
919 315 1022 354 bene
1057 316 1194 356 habet.
1251 317 1453 356 Pincema
1480 317 1574 356 inde
1603 317 1748 358 decur-

302 377 432 408 tatum
463 377 535 408 est.
595 370 736 410 Prima
767 377 807 409 et
834 377 943 409 recta
966 372 1128 425 scriptio
1155 378 1214 411 est
1241 370 1456 424 ἔπικέρνης
1469 403 1483 423 ,
1510 372 1563 426 ab
1595 370 1750 427 ἒπικιρ·

302 424 390 478 νᾷν.
448 425 565 464 Conf.
591 426 714 468 Goar.
736 425 787 466 ad
812 425 956 465 Codin.
988 441 1030 480 p.
1061 427 1129 478 24.
1160 441 1204 466 n.
1240 426 1302 479 14.
1361 427 1431 466 Du
1453 427 1590 482 Gange
1613 427 1746 468 Gloss-

303 480 379 519 Gr.
405 494 447 519 v.
473 479 707 534 πιγκέρνης.
1300 498 1307 504 ·

413 534 468 574 A.
489 535 529 575 5.
553 535 643 590 [7o‚
663 534 754 590 24.]
785 532 1104 589 παρατράπεζα.
1158 537 1220 577 Ita
1254 535 1527 576 membranae.
1585 535 1752 576 Veteres

302 589 537 630 maluissent
564 592 696 630 dicere
717 590 1042 644 παρατραπέζια
1055 622 1068 641 ,
1106 599 1154 631 ut
1177 593 1297 632 etiam
1314 606 1356 645 p.
1383 590 1450 648 57.
1483 591 1534 632 Β.
1560 590 1602 632 8.
1626 591 1753 632 habe-

302 652 385 685 tur.
447 646 676 686 obedentiae
703 647 855 686 Latinis
888 646 1008 686 medii
1041 647 1129 688 aevi
1160 648 1392 687 audiebant.
1434 671 1438 676 ›

341 754 354 767 ⁸
414 700 470 768 A.
491 716 530 756 7.
556 701 647 757 [71‚
667 701 730 756 2.]
773 698 818 742 τὸ
849 702 903 744 ἓν.
961 702 1019 742 lta
1046 717 1208 758 quoque
1243 704 1324 755 M.;
1361 702 1523 743 mallem
1538 707 1675 743 tamen
1703 695 1751 742 ι”ὂ

337 769 381 796 εν
417 770 474 798 εν.

302 769 335 807 μ
414 811 463 851 A.
482 812 646 867 12,[71,
663 804 728 868 62]
758 808 960 852 θεοτόκου
989 813 1068 854 τοῦ
1095 809 1252 868 φάρου.
1290 811 1411 852 Haud
1427 812 1569 867 procul
1586 811 1752 867 aChry·

303 866 510 908 sotriclino
532 870 638 907 intra
662 869 865 908 Palatium
892 875 977 908 erat
995 870 1192 922 templum
1215 869 1414 922 Deiparae
1435 867 1590 919 Phari,
1621 875 1662 908 et
1684 881 1753 922 po-

302 929 407 961 terat
435 938 456 963 e
478 931 643 964 coetone
678 924 986 978 Chrysotriclini
1011 939 1084 978 per
1114 938 1344 966 macronem
1359 953 1371 976 ‚
1394 930 1464 963 seu
1483 922 1645 978 longam
1664 937 1754 977 por·

302 978 456 1030 ticum,
498 979 540 1018 in
571 979 648 1019 hoc
672 980 870 1033 templum
906 981 1125 1033 perveniri.
1182 980 1280 1020 Vid.
1309 993 1401 1033 pag.
1425 977 1494 1020 68.
1525 979 1572 1018 B.
1599 977 1669 1034 69.
1701 978 1750 1018 B.

302 1031 464 1073 Pharus
492 1042 651 1087 autem,
680 1036 788 1075 unde
813 1035 965 1089 templo
987 1050 1136 1076 nomen
1167 1043 1251 1087 est,
1281 1034 1335 1074 ibi
1361 1042 1447 1074 erat
1470 1048 1547 1088 pro
1567 1034 1755 1088 navigan·

301 1088 434 1138 tibus,
477 1098 601 1129 noctu
635 1091 775 1131 ardere
805 1091 962 1130 solitus.
1018 1092 1114 1131 Vid.
1157 1092 1320 1130 Contin.
1345 1089 1584 1143 Theophan.
1609 1102 1652 1143 p.
1685 1089 1750 1129 15.

303 1143 391 1182 init.
453 1145 546 1184 Non
579 1146 862 1187 confundenda
898 1147 996 1186 haec
1037 1147 1154 1186 aedes
1193 1161 1285 1186 cum
1323 1145 1422 1184 aede
1443 1145 1642 1199 Deiparae
1677 1142 1755 1184 τοῦ

302 1194 467 1252 φόρου,
505 1216 609 1255 quae
646 1202 688 1241 in
720 1202 834 1253 foro,
875 1202 1126 1241 Constantini
1163 1203 1223 1241 M.
1252 1200 1426 1254 scilicet,
1466 1207 1568 1240 erat.
1624 1198 1756 1239 Erant

303 1261 440 1294 autem
466 1256 506 1294 in
530 1256 678 1310 palatio
707 1257 788 1296 duo
815 1258 1067 1310 potissimum
1088 1257 1238 1310 templa
1264 1255 1459 1306 celebria,
1498 1253 1524 1308 ἦ
1561 1249 1755 1320 Θεοτόκιζς

301 1309 380 1349 τοῦ
408 1305 547 1364 φάρου
562 1343 574 1363 ‚
606 1319 645 1352 et
678 1310 703 1365 ἦ
734 1311 808 1352 νέα
832 1310 1052 1365 ἐκκλησία,
1081 1319 1242 1366 praeter
1271 1311 1350 1352 alia
1379 1311 1579 1361 oratoria,
1607 1309 1754 1363 ev’xrq-

302 1378 402 1417 ρια,
431 1379 535 1419 quae
558 1368 881 1421 unumquodque,
903 1370 1034 1408 minus
1058 1367 1251 1421 palatium
1270 1397 1282 1418 ‚
1313 1374 1359 1405 ut
1382 1366 1502 1406 XIX.
1533 1364 1749 1419 Accubsta,

303 1420 546 1460 Lausiacum
564 1452 575 1473 ‚
616 1423 979 1476 Chrysotriclinum
996 1452 1007 1474 ‚
1050 1423 1254 1464 habebant
1280 1422 1355 1462 sibi
1379 1421 1609 1474 peculiaria.
1666 1421 1752 1460 De-

305 1476 536 1517 serviehant
563 1477 664 1517 haec
686 1479 822 1518 clerici
842 1479 1041 1534 palatini,
1071 1479 1272 1534 capellani
1297 1477 1395 1517 dicti
1418 1477 1572 1516 Latinis
1585 1505 1598 1527 ‚
1626 1489 1651 1515 a
1680 1490 1750 1515 ca-

298 1532 438 1585 pella,
479 1533 535 1572 sic
568 1529 768 1586 εὕκτήρια
797 1534 1052 1588 appellabant
1076 1533 1237 1588 regibus
1264 1535 1436 1586 privata.
1495 1530 1617 1586 Apud
1636 1530 1753 1585 Sigo-

304 1587 419 1625 nium
448 1587 498 1627 de
528 1602 651 1642 regno
673 1589 811 1628 ltaliae
833 1605 876 1643 p.
902 1604 969 1643 71.
1009 1590 1127 1642 (32.)
1159 1589 1210 1628 de
1230 1587 1508 1642 Luitprando‚
1538 1600 1632 1640 rege
1647 1587 1757 1627 Lon«,

303 1642 522 1694 gobardico
537 1673 548 1693 ‚
589 1644 678 1699 lego
695 1674 707 1695 ,
749 1644 866 1686 illum
894 1646 937 1684 in
964 1659 1032 1685 suo
1055 1645 1212 1699 palatio
1239 1644 1454 1683 oratorium
1480 1642 1528 1682 S.
1561 1641 1751 1681 Salvato-

303 1699 362 1736 νίς
391 1699 611 1738 condidisse
627 1729 640 1751 ‚
671 1709 709 1740 et
722 1730 734 1752 ,
761 1701 870 1757 quod
893 1701 997 1739 nulli
1021 1701 1098 1739 alii
1122 1714 1229 1753 reges
1255 1699 1492 1748 habuerant,
1533 1697 1755 1737 sacerdotes

303 1761 344 1791 et
365 1754 523 1793 clericos
539 1756 743 1795 institmlsse
756 1785 768 1805 ‚
799 1758 871 1811 qui
894 1757 934 1795 εἰ
967 1756 1141 1812 qnotidie
1159 1755 1302 1793 divina
1331 1751 1464 1806 officia
1497 1753 1752 1795 celebrarent.

305 1808 460 1848 Verum
486 1809 537 1849 de
563 1811 723 1863 regibus
750 1811 1067 1865 Longobardicis
1091 1809 1193 1849 illud
1221 1803 1498 1848 tantummodo
1528 1806 1753 1861 intelligen-

304 1862 419 1903 dum.
477 1865 577 1905 Nam
601 1865 798 1906 Eusebius
825 1867 874 1905 L.
897 1866 968 1907 IV.
1002 1881 1038 1905 c.
1072 1879 1134 1920 ¹7·
1167 1865 1218 1904 de
1246 1865 1331 1904 vita
1358 1863 1611 1902 Constantini
1637 1869 1754 1902 testa-

303 1925 398 1967 tur,
443 1919 553 1960 hunc
579 1921 659 1960 iam
682 1923 971 1975 Imperatorem
1000 1920 1183 1960 basilicas
1213 1919 1368 1972 aliquot
1397 1920 1505 1957 intra
1527 1917 1665 1972 palatii
1690 1919 1753 1957 sui

306 1982 418 2027 septa
444 1976 689 2028 condidisse,
716 1977 861 2030 quibus
879 1975 1020 2032 procul
1048 1976 1171 2014 dubio
1196 1975 1316 2014 etiam
1337 1973 1502 2013 clericos
1521 1974 1751 2013 deservien-

305 2036 367 2068 tes
401 2030 570 2071 addidit.
627 2030 670 2083 *[
683 2027 896 2084 Κληρικός
934 2031 1019 2071 τῶν
1059 2027 1104 2070 ἐν
1145 2032 1234 2077 τοῖς
1267 2026 1396 2077 οἴκοις
1419 2028 1502 2069 τῶν
1528 2026 1755 2081 βασιλείων

305 2081 560 2136 τὲταγμένων
587 2079 647 2133 εἷς
674 2086 900 2139 appellatur
929 2087 1096 2126 Ioannes
1129 2085 1384 2136 Cameniata,
1414 2084 1484 2139 qui
1520 2084 1678 2137 scripsit
1700 2083 1753 2122 de

306 2139 615 2181 Thessalonicae
650 2142 802 2180 excidio
830 2157 872 2196 p.
900 2142 994 2182 362.
1055 2141 1200 2180 Clerici
1229 2139 1397 2194 palatini
1433 2139 1753 2180 benedictionem

305 2196 528 2248 nuptialem
556 2197 719 2236 dabant.
780 2198 866 2237 Ser.
904 2204 994 2251 post
1023 2195 1212 2249 Theoph.
1242 2211 1282 2249 p.
1311 2209 1405 2235 222.
1465 2195 1751 2234 Constantinus

307 2249 490 2291 Rhodius
525 2252 702 2292 Clericus
730 2251 932 2305 palatinus
962 2251 1013 2291 ad
1039 2266 1180 2306 pacem
1209 2265 1302 2290 cum
1324 2250 1506 2305 Bulgaris
1532 2248 1750 2289 ineundam

303 2307 480 2346 mittitur
507 2307 606 2348 ibid.
637 2322 680 2361 p.
704 2306 830 2360 255.;
871 2302 1027 2360 κλήρου
1066 2307 1150 2346 τῶν
1189 2306 1416 2356 βασιλικῶν
1443 2299 1586 2355 atheiis·
1613 2300 1750 2356 α’ρχη-

312 2356 384 2456 {²³55
417 2362 474 2401 ib.
501 2377 594 2418 pag.
619 2376 686 2403 20.
734 2363 853 2403 Conf.
886 2377 977 2418 pag.
1007 2361 1075 2415 24.
1092 2393 1104 2411 ,
1138 2361 1210 2401 ubi
1231 2363 1411 2416 egregius
1436 2359 1552 2400 locus
1573 2359 1624 2399 de
1642 2357 1752 2398 clero

349 2416 511 2457 alatino.
544 2419 565 2442 *

419 2472 470 2512 Α.
498 2417 561 2514 123).
584 2474 672 2529 [71‚
693 2473 757 2529 7.]
795 2473 880 2514 τῶν
918 2469 1046 2524 ἁγίων
1073 2469 1130 2525 μ’.
1186 2471 1450 2527 *[Templum
1490 2468 1755 2524 quadraginta

312 2533 536 2580 martyrum
565 2529 700 2569 schola
727 2529 876 2569 nobilis
905 2529 1100 2582 Byzantii.
1139 2529 1304 2567 Contin.
1322 2524 1507 2579 Theoph.
1530 2539 1575 2578 p.
1608 2521 1751 2578 117.]*

309 2580 375 2621 De
405 2582 482 2621 illis
512 2586 777 2637 quadraginta
806 2583 1051 2637 martyribus
1074 2583 1276 2622 sebastiae
1307 2582 1384 2621 sub
1413 2581 1568 2620 Licinio
1599 2579 1753 2633 passis,

310 2636 394 2676 vid.
426 2638 628 2693 Menolog.
656 2639 774 2680 Basil.
808 2655 861 2680 m.
887 2640 1034 2679 Martio
1063 2638 1127 2677 die
1152 2652 1191 2692 9.
1220 2638 1270 2676 T.
1298 2638 1373 2676 111.
1399 2650 1438 2688 p.
1470 2649 1532 2674 10.

420 2691 472 2732 A.
491 2694 562 2738 ult.
582 2695 672 2748 [7¹²
696 2694 754 2750 7.]
785 2689 950 2745 ἁψῖδος.
1005 2695 1070 2733 De
1088 2693 1224 2747 apside
1254 2692 1360 2730 conf.
1386 2693 1454 2733 Du
1470 2690 1601 2742 Gange
1618 2686 1748 2733 Gloss.

122 2747 235 2783 mx..
251 2744 379 2789 5⁵1at.
407 2754 445 2787 et
479 2748 684 2791 Constant.
721 2750 865 2792 Christ.
921 2749 1126 2805 *[Pisidas
1169 2748 1219 2788 de
1241 2748 1401 2805 opificio
1438 2745 1580 2787 mundi
1603 2759 1689 2800 pag.
1709 2743 1753 2789 6.
