1884 3132
312 158 388 202 An
429 157 773 202 APPEchEM
818 156 918 199 un.
956 160 991 198 1.
1029 156 1102 197 m:
1139 153 1397 198 cenuioN.
1534 134 1638 194 501

197 262 360 317 plexum
387 265 597 303 universae
623 262 792 302 alicuius
818 263 876 301 rei
907 261 1104 314 designat,
1134 260 1303 315 aliquid,
1333 259 1442 315 quod
1462 260 1644 308 suadeat,

198 331 328 358 novos
355 320 529 358 Graecos
547 317 787 357 vocabulum
808 311 1045 369 ἀμφότεροι
1080 330 1154 369 pro
1182 317 1356 356 omnibus
1383 330 1465 355 non
1498 315 1650 369 absque

201 375 358 412 ratione
385 388 606 427 usurpare,
650 374 764 424 quasi
806 371 957 410 vellent
993 371 1126 410 dicere
1163 372 1333 426 undique
1355 372 1519 410 collecti.
1580 372 1648 412 sic

201 441 324 481 supra
342 443 382 482 p.
402 428 472 480 49.
493 428 548 467 Α.
570 429 631 467 15.
651 423 884 480 ἀμφότεροι
899 432 992 465 sunt
1005 440 1135 464 omnes
1160 427 1236 475 illi,
1266 440 1410 479 nempe
1427 433 1650 479 protostra-

202 489 281 532 tor,
310 497 441 522 comes
463 482 629 533 stabuli,
660 490 699 522 et
725 488 913 520 stratores
934 495 945 531 3
974 494 1014 532 p.
1043 479 1132 519 ¹81.
1154 481 1207 519 D.
1228 495 1270 534 9.
1301 475 1534 534 α’,ιιφότεροι
1555 488 1650 520 sunt

201 539 382 591 aurigae,
410 539 588 591 magistri
616 544 655 576 et
692 537 946 589 inspectores.
980 534 1044 573 Cf.
1075 550 1115 587 p.
1134 533 1230 588 574.
1250 537 1294 573 Β.
1311 535 1402 585 ult„
1424 535 1647 590 579.A.B.

200 591 428 646 aliquoties,
450 607 491 646 p.
507 591 600 644 400.
616 592 704 631 init.
730 592 910 644 Scriptor
926 593 1031 630 vitae
1052 590 1301 629 Constantini
1318 591 1649 644 Porphyrogenn.

200 661 244 702 p.
267 661 362 701 291.
385 649 433 688 B.
452 648 494 688 6.
522 649 567 687 in
591 647 736 700 Script.
766 653 856 699 post
883 644 1120 697 Theophan.
1152 659 1223 699 per
1251 643 1516 697 ἀμφοτέρους
1544 646 1650 686 desi-

203 710 300 756 gnat
330 702 524 742 Helenam
554 716 743 750 uxorem,
775 701 946 751 liberos,
984 708 1174 754 nepotes,
1212 700 1511 750 accubitorem,
1553 715 1648 740 coe·

202 759 350 804 tenitas
369 787 382 808 ,
410 759 452 796 in
475 759 708 796 universum
746 770 884 794 omnes
915 763 1030 794 antea
1060 757 1289 794 recensitos.
1359 755 1482 808 Apud
1514 755 1652 796 Theo-

203 812 378 866 phanem
398 827 433 866 p.
453 813 521 866 95.
539 813 593 855 D.
612 812 686 856 ult.
702 811 815 851 nullo
843 811 942 850 vitio
970 811 1125 851 laborat
1148 810 1273 858 locus,
1305 810 1375 848 sed
1403 812 1458 849 sic
1489 818 1650 850 verten-

205 866 282 907 dus
307 874 388 908 estz
411 869 526 906 misso
545 867 701 921 (legato)
721 868 900 905 exsecari
917 867 1072 906 curavit
1082 866 1266 905 Caesario
1285 866 1460 918 linguam
1486 875 1524 905 et
1534 867 1653 905 simul

203 936 348 971 omnes,
363 923 435 977 qui
444 931 600 977 partem
622 923 665 961 in
679 921 856 962 Proterii
878 921 996 959 caede
1017 922 1244 970 habuerant,
1282 922 1323 959 in
1342 921 1527 959 eoesilimn
1556 923 1649 973 egit.

206 977 330 1031 Apud
357 978 530 1016 eundem
557 991 597 1031 p.
619 991 713 1016 201.
735 977 786 1015 D.
805 990 846 1029 9.
879 975 1094 1015 delendum
1142 984 1202 1016 est
1232 973 1426 1026 πάντων,
1458 982 1503 1014 ut
1531 977 1652 1016 scho-

206 1031 292 1071 lion
321 1033 429 1071 vocis
453 1026 731 1085 ἇμφοτέρων,
769 1033 864 1070 item
891 1045 918 1085 p
952 1030 1048 1084 598.
1069 1031 1116 1069 Β.
1139 1044 1179 1070 2.
1236 1031 1350 1070 Idem
1386 1037 1527 1070 auctor
1554 1030 1651 1070 alias

206 1101 369 1141 quoque
393 1086 588 1126 vocabula
615 1081 764 1133 πάντες
794 1093 835 1125 et
860 1080 1048 1138 ἑκάτεροι
1076 1092 1278 1139 permutat
1300 1114 1312 1135 ‚
1339 1092 1385 1123 ut
1411 1100 1450 1138 p.
1471 1085 1512 1125 6.
1533 1087 1584 1126 D.
1605 1086 1650 1127 8.

207 1142 326 1196 κοινῇ
349 1139 499 1189 πάντες
534 1134 652 1180 οὗτοι
680 1148 775 1181 sunt
815 1142 976 1180 nonnisi
1004 1140 1085 1180 duo
1103 1169 1115 1192 ,
1183 1139 1459 1180 Diocletianus
1486 1148 1527 1180 et
1560 1142 1653 1180 Ma-

208 1197 422 1239 ximianus.
493 1197 645 1236 Contra
669 1200 782 1245 {vero
805 1210 848 1249 p.
872 1210 939 1235 20.
962 1196 1014 1234 D.
1033 1196 1074 1235 5.
1113 1188 1319 1248 ἑκατέρων
1346 1195 1430 1234 τῶν
1458 1195 1654 1249 σταυρῶν

209 1252 281 1302 ait,
310 1251 472 1304 quando
499 1251 550 1290 de
575 1251 707 1290 tribus
734 1251 920 1290 crucibus
946 1264 1170 1290 sermonem
1197 1250 1305 1289 facit.
1365 1250 1459 1288 Non
1487 1251 1650 1289 mirum.

210 1306 250 1345 A
278 1305 476 1345 Graeculo
501 1306 602 1346 nihil
630 1321 710 1344 non
739 1313 951 1359 exspectes.
983 1305 1150 1344 Coelum
1177 1311 1285 1343 terra
1313 1306 1494 1343 miscent.
1527 1307 1656 1356 Quae-

209 1375 340 1400 rerem
367 1362 462 1414 ipsis
489 1362 755 1413 patrocinium
782 1375 806 1399 a
837 1360 1042 1414 Polyaeno
1059 1390 1070 1407 ,
1114 1361 1181 1413 qui
1206 1375 1248 1413 p.
1276 1358 1365 1410 146.
1392 1374 1433 1413 7.
1466 1353 1655 1412 ἀμφότε-

212 1429 281 1466 ροι
308 1429 382 1468 pro
426 1411 578 1461 πάντες
603 1415 703 1454 dixit
722 1443 734 1465 ,
763 1415 839 1454 nisi
876 1415 1099 1453 communis
1126 1429 1220 1453 eum
1258 1428 1376 1453 causa
1414 1412 1653 1453 involveret.

212 1471 307 1511 Non
333 1470 527 1510 habemus
555 1477 756 1509 vetustum
784 1469 901 1508 illum
931 1469 1180 1522 Polyaenum
1197 1498 1208 1518 ,
1238 1468 1307 1507 sed
1335 1483 1360 1507 a
1388 1482 1498 1508 novo
1523 1469 1652 1507 Grae-

211 1525 304 1565 culo
331 1525 647 1577 coinquinatum.
706 1524 905 1564 Eusebius
931 1538 1093 1576 quoque
1116 1525 1164 1566 L.
1187 1524 1259 1561 111.
1279 1537 1346 1562 20.
1386 1524 1443 1562 sic
1488 1525 1650 1575 posuit:

213 1577 251 1620 οἱ
280 1579 318 1619 δ’
349 1574 463 1620 εἶπον
491 1576 743 1632 ἀμφότεροι,
772 1580 837 1617 illi
861 1579 1043 1618 dicebant
1075 1578 1193 1616 simul
1224 1591 1372 1616 omnes.
1430 1576 1553 1630 Apud
1570 1578 1655 1616 De·-

212 1633 464 1675 mosthenem
488 1648 648 1688 quoque
676 1634 837 1673 videtur
868 1628 1102 1686 ἀμφότεροι
1127 1632 1204 1671 hoc
1232 1646 1349 1670 sensu
1378 1632 1655 1685 accipiendum

213 1704 298 1729 esse
326 1691 369 1728 in
407 1689 478 1728 illa
523 1689 720 1729 dictione:
767 1685 924 1728 τούτων
952 1682 1054 1737 ὑμῖν
1080 1682 1154 1734 τάς
1181 1699 1226 1724 τε
1251 1684 1489 1740 μαρτυρίας
1515 1684 1657 1740 ἄμφο-

212 1744 336 1796 τέρας
379 1743 451 1783 καί
484 1739 556 1784 τὸν
583 1741 707 1794 νόμον
733 1740 1036 1795 ἀναγνώσεται,
1065 1742 1107 1781 in
1136 1742 1254 1781 Orat.
1288 1741 1384 1781 adv.
1427 1740 1655 1796 Callippum

214 1813 256 1853 p.
273 1798 369 1842 681.
387 1813 428 1838 n.
449 1798 517 1838 28.
549 1798 614 1838 ed.
639 1798 813 1838 Morelli.

324 1854 377 1894 D.
398 1854 438 1893 3.
469 1853 560 1908 [461
587 1882 599 1903 ‚
638 1851 719 1907 18.]
755 1849 1100 1904 παρασυρόμενα.
1174 1852 1281 1904 Equi
1318 1849 1544 1905 συρόμενοι
1588 1850 1655 1890 vel

215 1908 364 1961 συρτοί
389 1916 483 1949 sunt
511 1923 612 1962 quos
639 1909 773 1948 Latini
800 1909 1025 1947 deoetrarz'os
1053 1906 1279 1960 appellant,
1298 1908 1394 1960 quia
1420 1906 1559 1945 dextra
1584 1919 1656 1945 seu

217 1977 342 2003 manu
367 1962 583 2003 ducuntur.
640 1963 723 2003 Vid
750 1965 818 2004 Du
847 1963 979 2016 Gange
1007 1962 1055 2001 ad
1087 1962 1202 2001 Alex.
1233 1977 1275 2014 p.
1296 1976 1391 2015 227.

302 2017 397 2072 267.
417 2017 471 2057 A.
492 2018 535 2058 6.
552 2017 671 2073 [462‚
692 2017 752 2073 7.]
768 2014 1241 2070 σαγματοπασμαγάδια.
1259 2017 1294 2055 N
1299 2015 1510 2065 esciebam,
1528 2029 1656 2068 quum

218 2074 428 2114 Tacticum
465 2073 542 2112 hoc
570 2073 741 2113 militare
769 2073 910 2112 Latine
938 2079 1150 2119 verterem,
1181 2071 1277 2125 quid
1308 2071 1383 2110 sibi
1411 2069 1532 2109 vellet
1559 2070 1656 2108 haec

220 2142 298 2167 vox
321 2141 333 2177 ;
362 2134 573 2180 propterea
600 2127 743 2180 reliqui
761 2127 911 2180 absque
939 2128 1279 2179 interpretatione,
1311 2132 1350 2164 et
1379 2126 1537 2177 reposui
1565 2138 1658 2178 qua-

220 2183 300 2224 lem
328 2183 487 2222 inveni:
526 2182 636 2235 quod
664 2183 763 2222 mihi
801 2183 844 2221 in
871 2181 959 2221 aliis
985 2195 1144 2235 quoque
1169 2181 1267 2220 locis
1291 2194 1364 2218 usu
1403 2180 1514 2218 venit
1534 2208 1546 2229 ,
1585 2192 1658 2218 ne-

221 2238 414 2276 cessitatis
459 2237 682 2276 remedium
698 2267 709 2283 ,
739 2237 810 2275 ubi
838 2236 948 2276 aliud
975 2251 1116 2288 capere
1144 2235 1357 2274 consilium
1384 2248 1468 2273 non
1495 2233 1656 2272 licebat.

221 2293 319 2332 Post
346 2289 574 2330 absolutum
600 2294 705 2345 typis
749 2293 924 2344 primum
952 2291 1140 2329 volumen
1168 2292 1211 2328 in
1238 2296 1413 2328 mentem
1442 2289 1554 2327 venit
1580 2301 1658 2327 vox

221 2347 393 2386 Turcica
427 2347 640 2400 pasclzmak
682 2352 721 2384 et
750 2346 932 2398 protinus
958 2345 1098 2396 didici,
1127 2343 1370 2383 vocabulum
1395 2350 1579 2381 nostrum
1604 2345 1659 2381 si-

223 2403 412 2454 guificare
456 2407 632 2453 sagmata
669 2414 738 2439 seu
779 2400 972 2452 stragulas
1023 2407 1062 2438 et
1102 2401 1276 2438 sarcinas
1320 2412 1414 2436 cum
1461 2397 1660 2436 adiunctis

222 2454 484 2509 pasmagadiis
529 2469 600 2494 seu
647 2456 800 2503 ocreis,
846 2453 1032 2506 qualibus
1060 2453 1290 2492 animalium
1318 2453 1594 2491 onerariorum
1621 2459 1661 2491 et

223 2512 548 2556 itinerariorum,
590 2515 635 2547 ut
671 2522 888 2562 equorum,
916 2507 1040 2547 boum
1064 2536 1076 2556 ,
1117 2508 1361 2546 camelorum
1382 2536 1395 2556 ‚
1431 2505 1657 2555 mulorum,

224 2566 428 2609 asinorum
454 2565 575 2625 pedes
613 2563 788 2604 calceare
836 2561 963 2601 solent
990 2562 1214 2601 orientales.
1273 2561 1340 2600 Ab
1367 2561 1504 2600 eadem
1537 2561 1661 2613 origi-

225 2632 276 2657 ne
307 2627 484 2659 manavit
520 2632 680 2672 quoque
717 2616 958 2657 vocabulum
988 2613 1250 2667 πασμάκζης,
1279 2617 1494 2655 calceorum
1505 2617 1662 2667 foemi-

226 2696 386 2723 neorum
404 2685 612 2736 corgl'ector.
637 2683 712 2723 Est
750 2695 893 2735 nempe
919 2684 1049 2746 ῥοάς
1067 2681 1238 2733 Crepida
1254 2680 1316 2720 vel
1333 2680 1455 2733 solea,
1471 2695 1662 2735 unepan·

228 2747 341 2803 tozfle
358 2778 369 2797 ,
386 2749 492 2789 unde
518 2751 697 2803 apposita
726 2747 1005 2788 terminatione
1034 2745 1228 2787 adiectiva
1258 2754 1350 2803 σῷ
1377 2746 1421 2787 fit
1447 2741 1661 2804 &SM
