1884 3132
199 187 273 230 An
316 183 613 229 cons‘rm.
650 179 845 224 Pomm.
884 182 957 221 DE
996 178 1177 222 cmm.
1215 174 1317 219 ιω.
1358 179 1394 218 ι.
1434 155 1548 224 3,αὸ

118 304 212 332 cum
239 299 401 339 nostro,
433 287 625 328 formulae
662 287 776 326 istius
805 284 1131 338 significationem
1157 282 1263 322 hane
1293 294 1402 321 esse:
1433 288 1548 336 opta—

124 361 208 387 mus
241 347 350 386 nobis
378 358 532 399 semper
559 343 655 381 tales
681 342 899 392 contingere
925 340 1133 392 agitatores
1146 368 1156 385 ‚
1186 338 1321 393 quales
1347 349 1417 375 vos
1443 336 1555 384 estis,

120 403 287 442 victoria
309 415 336 439 a
366 400 455 439 Deo
482 397 638 437 beandi.
694 395 799 434 Nam
832 391 951 444 ὑμῶν
987 393 1090 431 redit
1126 392 1178 431 ad
1206 391 1386 444 superius
1414 389 1552 436 καλῶς

121 450 274 507 ἤλθετε
301 452 561 494 &autemnon
588 447 624 491 οἱ
664 448 830 498 δοῦλοι,
877 455 917 487 et
954 442 1138 498 προβολή
1185 446 1269 484 τῶν
1314 439 1550 496 εὐεργετῶν.

122 509 220 556 Pari
251 509 371 550 modo
405 506 576 547 formula
603 500 655 544 wi
684 499 757 543 ἴσα
802 502 876 554 τῆς
917 498 1147 553 συγκλήτου
1183 500 1396 554 significat:
1436 508 1552 553 opta-

122 579 205 611 mus
218 594 230 614 ,
258 573 300 604 ut
324 572 476 603 nostrae
501 561 608 614 genti
630 573 780 613 semper
809 559 887 596 sint
917 557 1012 595 tales
1039 570 1221 610 proceres
1248 564 1316 593 aut
1344 555 1551 606 magistra-

123 629 183 659 tus
196 649 207 668 ,
251 619 384 674 quales
420 625 506 656 sunt
530 622 762 670 praesentes.
822 607 885 650 Τά
909 606 979 650 ἴσα
1006 609 1082 648 τοῦ
1113 609 1219 648 λαοῦ
1234 639 1244 655 ,
1274 618 1476 663 optamus,
1511 618 1553 647 ut

117 674 287 730 populus
319 681 447 712 noster
468 684 619 724 semper
645 668 783 707 similis
817 667 867 704 sit
891 666 1103 720 praesenti.
1159 664 1256 717 Pug.
1295 666 1380 717 187.
1414 663 1456 702 B.
1488 665 1524 702 3.
1538 677 1550 701 :

123 726 175 769 τὰ
195 724 294 776 ἴσα,
333 723 556 774 δεσπόται,
590 722 662 774 τῆς
692 718 805 772 νίκης
842 718 985 770 ὑμῶν,
1020 729 1209 774 optamus,
1249 727 1290 757 ut
1320 719 1427 757 nobis
1461 733 1558 756 con-

125 785 278 836 tingant
312 795 465 836 semper
504 778 656 818 domini
696 777 915 822 victoriosi,
963 784 1003 813 ut
1046 788 1116 812 vos
1152 775 1261 822 estis,
1307 772 1368 811 vel
1407 773 1525 810 etiam
1540 788 1552 811 τ

123 847 320 893 optamus,
350 845 392 875 ut
411 847 536 890 porro
573 832 798 871 continue-tis
837 831 956 869 hostes
983 838 1129 868 vestros
1156 828 1335 875 vitu-ere,
1367 827 1555 882 quemad—

122 892 279 938 modum
311 892 488 930 hactenus
498 888 669 940 jecistis.
725 885 790 924 Sic
817 898 977 938 quoque
1011 890 1141 936 potest
1184 883 1307 921 nostri
1350 881 1426 920 loci
1473 881 1557 919 for-

124 946 235 986 mula
274 946 382 985 hunc
417 946 459 983 in
498 942 662 981 modum
708 941 890 992 concipi:
942 939 1148 993 capimus,
1190 947 1231 976 ut
1269 951 1370 975 nunc
1408 950 1559 991 quoque

116 1003 292 1057 propitio
331 1001 406 1039 deo
441 998 608 1038 vincatis
635 1009 715 1051 pro
756 1002 853 1034 nota
883 1003 1013 1034 vestra
1078 992 1264 1032 vincendi
1290 991 1558 1031 consuetudine

124 1066 164 1097 et
196 1056 429 1095 dexteritate
446 1083 455 1100 ‚
494 1051 559 1092 vel
591 1050 921 1106 quemadmodum
954 1049 1083 1087 soletis
1111 1061 1280 1086 vmcere.

231 1111 282 1150 D.
301 1109 376 1149 ult.
407 1109 517 1163 [32o‚
546 1103 632 1159 ι6.]
662 1100 724 1145 τὸ.
754 1106 811 1143 Μ.
837 1100 904 1143 τὰ.
961 1103 1206 1155 Aurigarum
1222 1102 1397 1155 praemia
1424 1099 1561 1154 qualia

132 1163 236 1207 olim
265 1165 441 1215 fuerint,
485 1160 719 1214 intelligitur
746 1173 791 1198 ex
819 1158 979 1211 Vopisc.
1006 1157 1214 1198 Aurelian.
1246 1157 1295 1195 T.
1330 1156 1384 1194 11.
1412 1156 1559 1208 Script-

129 1219 233 1260 Hist.
262 1220 370 1287 Αιιῇ.
399 1233 437 1272 p.
476 1216 571 1268 452.
639 1215 825 1254 Vidimus
851 1215 1039 1269 proaeime
1055 1242 1066 1261 ,
1106 1212 1184 1260 ait,
1228 1209 1466 1250 consulatum
1505 1209 1563 1262 (id

129 1282 188 1313 est
217 1271 294 1326 τὴν
318 1271 546 1319 υπατειάν,
579 1284 724 1309 munus
755 1268 992 1317 consulare,)
1018 1268 1135 1305 Furii
1161 1266 1324 1306 Placidi
1349 1275 1455 1304 tanto
1475 1279 1564 1303 am-

126 1329 207 1368 bitu
233 1331 276 1368 in
303 1331 405 1368 circo
434 1327 602 1374 editum,
644 1333 686 1363 ut
711 1338 789 1363 non
811 1324 996 1378 praemia
1023 1322 1118 1360 dari
1143 1322 1291 1373 aurigis
1310 1350 1321 1367 ‚
1349 1321 1421 1359 sed
1432 1321 1563 1375 patri-

127 1386 262 1423 monia
297 1383 524 1422 viderentur
538 1411 548 1428 ‚
594 1394 709 1434 quum
728 1379 939 1417 ‘darentur
978 1386 1099 1416 vestes
1144 1377 1357 1414 subsericae
1370 1405 1380 1422 ,
1437 1376 1564 1414 lineae

123 1438 404 1493 paragaudae‚
433 1436 626 1475 darentur
650 1435 768 1472 etiam
800 1435 907 1488 equi,
940 1431 1265 1484 ingemiscentibus
1289 1430 1413 1481 frugi
1438 1430 1563 1467 homi-

129 1493 264 1531 nibus.-
294 1500 334 1531 et
365 1506 411 1530 ex
435 1489 559 1528 nostri
589 1488 734 1527 codicis
763 1502 801 1539 p.
832 1501 918 1540 ¹92·
949 1487 1038 1539 ¹93·
1094 1487 1142 1523 ln
1172 1491 1306 1523 sentzo
1343 1497 1412 1522 seu
1440 1483 1562 1532 solio,

130 1547 308 1600 adeoque
336 1547 380 1584 in
406 1544 639 1584 cathismate
654 1571 665 1591 ‚
696 1549 905 1581 coronatos
936 1555 1005 1579 seu
1034 1540 1219 1594 praemiis
1250 1537 1411 1576 affectos
1444 1538 1565 1576 fuisse

129 1603 287 1657 aurigas
315 1600 367 1639 ab
403 1597 715 1653 Imperatoribus
731 1626 745 1646 ,
772 1603 818 1634 ut
845 1595 1032 1642 ludorum
1066 1593 1312 1642 editoribus,
1349 1599 1514 1645 apparet
1543 1606 1566 1631 e

130 1655 220 1696 Ioco
255 1654 530 1709 Chrysostomi
571 1651 678 1706 apud
714 1650 848 1692 vales.
887 1650 938 1688 ad
972 1649 1174 1690 Ammian.
1211 1645 1392 1686 Marcell.
1427 1661 1468 1700 p.
1498 1646 1566 1686 61.

130 1711 181 1751 Β.
210 1718 251 1751 et
274 1725 297 1751 e
323 1709 578 1764 Theophanis
613 1722 652 1760 p.
685 1720 773 1760 107.
804 1705 848 1744 C.
875 1707 914 1744 3.
946 1711 986 1743 et
1024 1719 1046 1743 e
1083 1701 1232 1742 Malala
1259 1703 1308 1740 T.
1331 1702 1383 1743 II.
1417 1716 1454 1754 p.
1474 1715 1565 1755 92„

137 1779 226 1806 ¹11.
254 1772 294 1805 et
330 1764 418 1805 180.
475 1762 596 1802 Unde
621 1767 775 1800 constat
799 1760 969 1798 victores
997 1759 1048 1797 ab
1079 1759 1165 1811 ipso
1199 1758 1468 1810 Imperatore,
1498 1762 1570 1794 aut

132 1820 228 1871 illo,
257 1821 326 1875 qui
359 1821 443 1859 eius
474 1818 562 1857 loco
591 1815 830 1868 praesideret
860 1822 900 1853 et
928 1813 1044 1853 ludos
1074 1813 1208 1851 ederet
1224 1841 1236 1862 ,
1262 1810 1438 1864 palmam
1457 1824 1568 1849 acce-

131 1877 269 1928 pisse:
309 1874 416 1928 quod
448 1872 544 1912 olim
578 1871 696 1910 fiebat
723 1871 764 1908 in
788 1869 983 1922 Daphne,
1011 1866 1206 1906 tribunali
1237 1866 1303 1905 vel
1334 1866 1480 1918 palatio
1513 1865 1568 1903 sic

132 1929 262 1979 dicto,
300 1929 409 1982 quod
450 1928 491 1966 in
533 1940 580 1966 eo
626 1925 788 1965 laureae
833 1924 1167 1978 dispensarentur.
1245 1921 1386 1973 Neq'ue
1430 1919 1569 1957 dubito

134 1983 212 2023 tale
247 1984 468 2022 aedificium
507 1982 625 2021 fuisse
660 1979 761 2019 illud
794 1972 1048 2029 Ἀριστεῖον,
1095 1979 1137 2016 in
1177 1976 1286 2029 quod
1326 1974 1571 2013 trucidatum

137 2038 346 2076 Commodi
378 2051 520 2089 corpus
560 2036 770 2075 devectum
811 2033 932 2072 fuisse
974 2034 1111 2072 na'rrat
1155 2030 1410 2069 Herodianus
1455 2029 1569 2066 initio

135 2093 249 2132 Libri
279 2093 361 2131 11.:
411 2090 457 2130 τὸ
489 2090 567 2141 μὲν
598 2082 674 2129 οὖν
715 2089 838 2138 σῶμα
872 2088 949 2127 τοῦ
983 2085 1188 2139 βασιλέως
1227 2079 1335 2122 οὕτω
1385 2082 1571 2132 κλαπὲν,

135 2144 382 2198 ἐκκομισθὲν
417 2160 461 2184 τε
495 2145 569 2196 τῆς
604 2141 774 2184 αὐλείου
812 2140 973 2195 θύρας,
1007 2137 1166 2191 νύκτωρ
1193 2135 1377 2190 ὀχήματι
1406 2135 1574 2175 ἐπιθέν-

135 2214 204 2247 τες
240 2199 299 2248 εἰς
326 2196 372 2239 τό
407 2199 633 2251 :Aptata-ov
674 2196 937 2247 α’πέπεμψαν.
1010 2197 1104 2246 Quo
1143 2194 1253 2240 loco,
1295 2199 1342 2230 ut
1384 2190 1451 2230 alii
1496 2191 1575 2229 alia

137 2255 351 2294 commenti
383 2262 475 2293 sunt
507 2254 556 2292 de
590 2266 687 2293 voce
709 2250 962 2302 Ἀριστεῖον,
994 2251 1050 2289 ita
1083 2263 1155 2302 ego
1181 2261 1337 2300 quoque
1359 2245 1576 2298 aliqnando

139 2308 428 2362 Ἆδραστεῖον,
457 2308 640 2361 templum
671 2307 886 2352 Nemeseos,
924 2304 1196 2345 conficiebam.
1261 2301 1338 2340 Sed
1359 2330 1371 2350 ,
1400 2307 1446 2339 ut
1474 2300 1574 2349 dixi,

141 2371 270 2428 potest
295 2360 340 2403 τὸ
371 2362 580 2415 α’ριστεΐον
608 2360 784 2400 tribunal
818 2360 936 2399 fiiisse
952 2389 964 2412 ‚
1007 2361 1051 2398 in
1089 2372 1171 2411 quo
1202 2355 1422 2396 victoribus
1460 2354 1578 2394 ludo-

138 2433 231 2458 rum
254 2414 305 2458 τὰ
325 2416 518 2470 ἀριστεῖα
553 2415 845 2455 tribuebantur.
1544 2416 1547 2418 '

225 2472 310 2527 187.
336 2472 387 2511 A.
414 2485 473 2510 11.
513 2470 631 2524 [ὅπῃ
653 2468 712 2522 4.]
757 2465 810 2507 τὰ
843 2467 939 2519 τριά
973 2467 1031 2520 τῷ
1063 2464 1268 2520 Ου’ραυίῳ.
1348 2464 1411 2504 Sc.
1462 2462 1580 2514 νομί-

145 2541 282 2577 σματα
296 2556 307 2576 ,
337 2527 572 2582 flagitamus
603 2524 752 2564 Uranio
780 2525 858 2561 tria
877 2524 1123 2567 numismata,
1156 2534 1224 2559 seu
1252 2519 1400 2558 solidos
1426 2533 1580 2568 aureOS,

143 2581 367 2633 praemium
402 2581 587 2620 circensis
614 2578 802 2617 victoriae
838 2577 950 2624 dari,
982 2590 1023 2617 v.
1050 2590 1089 2627 p.
1123 2574 1208 2628 195.
1239 2574 1287 2612 B.
1328 2587 1367 2612 2.
1410 2580 1450 2612 et
1484 2588 1578 2626 209.

144 2635 192 2673 B.
223 2635 263 2674 6.
290 2643 330 2674 et
361 2651 427 2690 7.,
461 2635 530 2673 ubi
562 2629 613 2672 τά
643 2627 738 2680 δύο,
778 2639 817 2669 et
846 2627 891 2670 τὸ
928 2631 982 2669 ἓν.
1038 2629 1149 2668 Olim
1182 2629 1349 2675 scenici,
1383 2627 1582 2681 flagitante

147 2687 320 2741 popu10‚
350 2691 494 2743 quinos
516 2701 656 2727 aureos
689 2686 945 2739 accipiebant.
1013 2683 1139 2722 Iulius
1170 2682 1421 2736 Capitolinus
1450 2683 1490 2721 in
1526 2683 1583 2722 Μ.

158 2740 363 2783 Antonino
387 2759 428 2798 p.
458 2745 550 2786 332.
580 2743 634 2782 ait
661 2756 752 2781 curn
785 2750 1013 2795 temperasse
1045 2739 1213 2778 scenicas
1240 2737 1495 2786 donationes,
1546 2744 1587 2775 ut
