1826 3126
230 186 307 228 An
339 185 635 229 CONSTANT.
666 183 863 225 Pomm
889 182 962 224 DE
998 181 1177 224 cmm.
1213 179 1310 221 un.
1349 181 1382 219 1
1438 158 1513 214 65

77 301 168 330 eam
190 283 545 354 περιβαλλεσθαι,
589 285 826 335 &numia-i,
870 283 980 338 qnod
1007 283 1052 323 fit
1077 298 1120 338 p.
1149 282 1239 337 173.
1270 282 1327 320 D.
1359 279 1436 321 ult.
1467 284 1579 323 etad.
1593 285 1631 321 1..
1645 295 1686 331 ‚²¹

84 345 176 399 175.
197 343 247 383 Β.
274 356 338 381 11.
326 370 357 393 .‚
393 339 655 391 ἁπλοῦσθαι,
685 339 894 394 expandi,
925 339 1123 389 distendi,
1151 337 1293 391 quod
1282 351 1325 376 m
1341 335 1516 389 chlamy·

77 397 172 438 dem
202 397 389 451 quidm,
426 403 468 435 at
495 409 577 434 non
609 397 652 434 in
674 396 853 434 tunicam
876 394 1048 456 quadrat
1063 422 1075 444 ,
1123 395 1220 432 item
1256 391 1378 458 quod
1397 390 1516 432 Nilus

77 454 158 515 ait„
158 453 210 492 L.
232 451 287 490 11.
307 452 391 516 ΙΕΡ.
411 450 506 502 245.
563 445 602 488 οἷ
625 461 807 500 μοναχοι
836 444 1120 497 στολιζόμενοι
1147 446 1219 487 ἐπὶ
1245 447 1323 486 τοῦ
1350 443 1516 498 ἄριστε-

74 505 158 561 ροῧ
183 502 483 571 ἀναβάλλονται
510 516 629 554 ωμου
645 534 659 553 ‚
696 502 952 567 γυμνοῦντες
989 499 1086 540 ὅλον
1126 499 1174 540 τὸ
1202 495 1416 550 εὖωνυμον
1438 498 1516 550 μέ-

75 573 164 625 ρος.
216 557 255 600 οἱ
274 555 323 600 δὲ
348 558 576 621 φοροῦντες
601 556 796 619 κοσμικοί
818 555 896 603 τὰς
921 555 1125 608 χλανίδας
1152 553 1199 595 τὸ
1230 552 1366 604 δεξιὸν
1387 553 1517 608 μέρος

75 615 154 656 τοῦ
180 611 374 666 σώματος
398 617 487 660 τοῖς
513 611 618 652 πᾶσι
645 608 827 666 φανερὸν
861 611 1103 652 καθιστωσι.
1215 611 1297 660 Qui
1325 610 1437 649 locus
1462 609 1517 663 τῇ

71 667 244 722 χλανίδι
275 669 419 708 tribuit
434 698 447 719 ,
490 667 599 721 quod
626 667 695 707 alii
722 668 935 720 scriptores
962 680 1101 706 omnes
1136 665 1195 719 τῷ
1219 663 1412 716 χλαμυδι
1438 666 1515 703 tri-

77 725 234 775 buunt,
268 725 453 778 quamvis
490 723 670 762 dubitem
690 752 703 774 ‚
745 729 816 761 aut
843 723 977 776 potius
1004 724 1151 770 sciam,
1198 721 1308 759 omni
1335 726 1517 771 tempore

226 786 336 818 atum
363 792 446 818 non
483 777 605 818 fuisse
645 791 799 817 morem
813 806 825 827 ‚
868 790 989 830 quem
1025 777 1076 815 de
1102 788 1176 815 suo
1202 788 1303 814 aevo
1330 774 1517 828 perhibet

26 835 31 839 ’
75 833 226 886 Nilus,
257 840 304 873 ut
329 833 421 873 laici
446 832 611 873 fibulam
638 832 833 872 chlanidis
859 839 930 871 aut
956 831 1211 885 chlamydis
1200 844 1243 869 in
1270 830 1409 869 dextro
1436 828 1515 867 hu·

76 903 190 928 mero
216 888 398 939 ferrent,
428 887 561 928 clerici
588 890 631 927 in
658 890 833 927 sinistro.
888 886 965 926 Sed
996 888 1073 926 erit
1099 887 1202 925 sorte
1228 884 1323 924 alibi
1343 883 1517 937 amplior

77 943 130 984 de
156 943 219 983 his
246 943 388 1008 agendi
415 942 541 983 locus.
599 943 714 982 Illam
742 942 988 982 Balsamonis
1022 942 1238 980 dictionem
1266 939 1318 978 de
1345 953 1516 978 concus-

78 999 191 1038 sione
216 1000 337 1038 orarii
363 1000 407 1037 in
423 999 571 1048 sacris,
600 1012 625 1036 a
641 998 903 1037 Casaubono'
893 1011 972 1036 1am
987 997 1173 1046 allatam,
1204 1002 1383 1048 repetere
1400 993 1513 1032 nolo.

79 1054 247 1092 Constat
271 1067 318 1093 ex
347 1067 419 1104 ea,
455 1053 654 1092 adstantes
680 1067 792 1092 sacra
818 1052 1053 1092 facientibus
1080 1050 1352 1092 sacerdotibus
1376 1049 1514 1088 diaco-

78 1122 154 1151 nos
180 1108 396 1148 observare
433 1116 615 1162 tempora
642 1122 808 1162 precum
835 1110 1047 1147 tacitarum
1085 1114 1124 1146 et
1151 1106 1481 1145 exclamationum
1499 1133 1513 1154 ‚

79 1164 317 1217 signumque
351 1166 484 1203 orario
511 1171 622 1202 moto
659 1164 756 1202 dare
792 1163 988 1203 stantibus
1016 1165 1057 1201 in
1094 1162 1293 1209 ambone,
1323 1168 1370 1199 ut
1405 1159 1522 1198 clara*

78 1232 203 1270 voce,
231 1233 334 1272 quae
360 1233 461 1272 opus
490 1217 706 1258 identidem
732 1221 808 1270 sit,
845 1220 1027 1257 recitent.
1084 1217 1196 1255 Idem
1222 1218 1392 1267 imperat
1419 1229 1515 1277 quo-

81 1287 186 1340 que
197 1273 431 1313 Pontificale
460 1274 626 1313 Haberti
654 1289 697 1339 p.
727 1274 795 1314 53.
854 1271 984 1325 Λέγει
1028 1268 1052 1310 ὅ
1090 1268 1368 1336 δευτερεύων·
1427 1267 1515 1309 Τοῦ

80 1324 228 1380 κυρίου
250 1327 498 1396 δεῖθῑόμεν,
523 1325 569 1367 τὸ
598 1324 781 1396 ωράριον
805 1328 984 1395 κρατῶν.
1013 1326 1108 1367 Καὶ
1124 1326 1258 1388 Mya-
1261 1322 1282 1366 ὁ
1309 1320 1516 1376 πατριάρ-

77 1395 160 1434 χης
186 1397 255 1422 και
294 1397 331 1423 οι
359 1383 498 1423 λοιποι
522 1379 599 1435 τήν
626 1381 756 1448 ευχὴν
782 1384 853 1437 τῆς
881 1378 1048 1423 εἰσόδου
1067 1379 1293 1432 μυστικῶς.
1309 1403 1362 1409 -
1382 1378 1515 1441 αυτῆς

80 1435 130 1476 δὲ
153 1437 419 1490 τελεσθείσης
438 1438 548 1502 λέγει
575 1436 598 1477 ὅ
626 1435 815 1486 διάκονος
837 1434 941 1491 πρὸς
967 1434 1039 1476 τὸν
1065 1434 1354 1500 πατριάρχην·
1394 1428 1516 1472 εὖλό-

80 1504 229 1553 γησον,
257 1491 459 1556 δέσποτα,
497 1489 571 1544 τὴν
597 1490 722 1555 ἁγίαν
747 1491 934 1542 εἴσοδον,
966 1488 1163 1531 δεικνύων
1191 1485 1281 1553 ἅμα
1307 1488 1381 1527 καί
1408 1483 1516 1540 πρὸς

82 1538 284 1593 ἇνατολὰς
315 1543 427 1597 μετὰ
464 1549 544 1585 τοῦ
579 1541 766 1599 ωραρίου
794 1544 925 1593 οὕτως
961 1545 1136 1607 κρατῶν
1155 1540 1278 1583 αιῖτό.
1331 1544 1443 1582 Idem
1469 1556 1513 1607 p.

46 1619 49 1622 ⁴
91 1613 184 1638 ιι2.
213 1600 270 1640 Α.
326 1614 349 1639 ο
363 1598 636 1667 δευτερείων
673 1602 756 1640 τῶν
783 1598 986 1640 διακόνων
1012 1595 1165 1663 μικρὸν
1191 1597 1413 1642 ὕποκλίνας
1438 1594 1515 1648 τὴν

83 1651 289 1722 κεφαλήν
298 1653 373 1694 καί
397 1654 594 1694 δεικνυων
623 1669 703 1695 συν
727 1656 787 1694 τῶ
807 1652 979 1719 ωραρίῳ
1010 1650 1081 1693 τὸν
1108 1649 1226 1704 ἅγιον
1252 1650 1415 1703 δίσκον,
1448 1651 1520 1691 λέ-

83 1721 162 1760 γει·
188 1706 427 1775 ευλόγησον,
461 1709 656 1761 δέσποτα,
684 1695 769 1749 τὸν
784 1706 902 1762 ἅγιον
919 1723 1058 1761 αρτον.
1102 1707 1262 1758 Quod
1252 1722 1294 1746 m
1319 1707 1518 1759 superiori

81 1762 172 1804 loco
200 1759 334 1811 οὕτως
360 1765 538 1815 dixerat,
566 1767 661 1804 viva
690 1765 867 1804 docentis
888 1778 987 1804 voce
1009 1763 1307 1812 adiuvandum,
1337 1761 1518 1801 docendo

83 1832 222 1857 coram
249 1821 506 1859 monstrantis
534 1820 889 1884 gesticulationem,
923 1820 965 1858 id
990 1819 1096 1857 idem
1126 1815 1358 1856 Pontificale
1385 1831 1427 1869 p.
1447 1816 1516 1856 28.

85 1872 232 1916 clarius
263 1878 350 1921 τοῖς
385 1874 503 1927 τρισί
540 1873 762 1922 δακτύλοις
787 1876 861 1927 τῆς
889 1874 1025 1923 δεξιᾶς
1048 1869 1195 1937 χειρὸς
1221 1872 1435 1935 enunciat,
1474 1872 1518 1910 in

82 1927 190 1967 illis:
237 1922 327 1968 εἶτα
354 1929 594 1993 στρέφεται
616 1929 859 1992 [diaconus]
897 1926 1002 1981 πρὸς
1028 1925 1137 1968 τὸν]
1124 1922 1407 1990 πατριάρχην,
1448 1940 1520 1965 και

82 1979 307 2030 υποκλίνας
333 1980 409 2047 τὴν
436 1980 623 2037 κεφαλήν
650 1979 828 2036 ἑαυτοῦ,
861 1983 1026 2037 κρατῶν
1053 1982 1127 2021 καί
1152 1978 1199 2020 τὸ
1226 1977 1412 2047 αἳράριον
1429 1983 1519 2026 τοῖς

59 2051 195 2093 ,τρισι
225 2035 446 2085 δακτύλοις
462 2039 535 2102 τῆς
562 2039 699 2088 δεξιᾶς
722 2017 868 2092 χειρὸς
894 2053 965 2077 και
994 2032 1240 2082 ὗποδεικνυς
1268 2030 1373 2074 αυτό
1404 2035 1518 2102 [non-

82 2091 185 2130 nihil
218 2092 420 2132 sublatum
445 2094 487 2132 id
518 2095 561 2133 in
600 2103 856 2162 conspectum
888 2093 1147 2158 patriarchae
1164 2091 1363 2154 ingerens]
1395 2090 1517 2142 λέγει·

82 2143 251 2198 Καιρός
283 2147 360 2187 τοῦ
398 2149 574 2200 ποιῆσαι
598 2150 655 2188 ‘tn‘i
681 2148 845 2204 Κυρίῳ·
873 2149 1069 2190 Δέσποτα
1099 2141 1343 2198 ευλόγησον,
1370 2154 1519 2199 tempus

83 2202 225 2251 instat,
270 2216 347 2257 quo
389 2203 570 2242 dommus
612 2190 892 2259 [patriarcha]
931 2205 1083 2243 oecitet:
1131 2202 1303 2240 Domine
1340 2199 1515 2239 benedic.

83 2255 244 2297 Scilicet
269 2271 345 2310 pro
371 2259 568 2298 indecenti
596 2259 821 2299 habebatur
847 2259 956 2298 nuda
982 2272 1104 2296 manu
1123 2257 1365 2308 superiorem
1381 2254 1517 2308 aliquo

85 2310 258 2364 dirigere
285 2320 325 2351 et
350 2321 528 2366 spectare
554 2315 707 2354 iubere.
763 2316 873 2369 Ergo
900 2314 1076 2353 subiecta
1103 2311 1234 2351 orario
1262 2310 1412 2349 vestive
1437 2324 1518 2348 ma·

83 2379 143 2405 nu
167 2368 475 2407 monstrabant·
464 2370 843 2422 ‚quemadmodum
869 2371 988 2409 etiam
1016 2369 1085 2421 qui
1115 2365 1320 2414 ecclesiae,
1349 2366 1515 2415 sanctis,

84 2420 299 2474 regibusve
334 2437 502 2462 coronas
539 2439 679 2465 aureas
717 2433 871 2465 sertave
899 2432 970 2463 aut
1001 2436 1168 2462 munera
1196 2420 1276 2459 alia
1302 2420 1513 2471 offerrent,

85 2475 295 2516 detrahere
322 2478 373 2517 de
398 2480 527 2531 pretio
565 2480 659 2519 doni
673 2510 686 2532 ‚
731 2488 771 2519 et
805 2480 1006 2519 maculare
1039 2479 1252 2531 puritatem
1279 2476 1364 2514 eius
1390 2476 1516 2514 eccle-

85 2531 277 2583 siaeque,
315 2540 355 2572 et
379 2536 627 2574 maiestatem
653 2550 791 2575 eorum
807 2566 819 2587 ‚
863 2535 1009 2588 quibus
1046 2534 1239 2571 destinata
1275 2545 1322 2569 ea
1358 2538 1517 2581 essent,

84 2584 238 2625 violare
272 2587 348 2626 sibi
384 2589 654 2641 videbantur,
698 2591 730 2630 si
766 2605 814 2630 ea
850 2590 968 2628 nudis
995 2588 1178 2626 manibus
1209 2587 1515 2639 contingerent:

87 2649 331 2694 quapropter
366 2643 409 2682 in
446 2646 619 2697 antiquis
646 2646 914 2684 monumentis
941 2644 1048 2697 apud
1079 2642 1329 2696 Ciampinum
1367 2644 1435 2693 (ut
1462 2641 1515 2679 T.

88 2693 147 2733 Π.
174 2696 261 2735 tab.
282 2697 348 2737 26.
380 2712 448 2753 27.
478 2698 547 2749 46.
575 2699 643 2754 47.
674 2702 744 2755 49.
778 2708 817 2739 et
837 2700 945 2749 aliis)
974 2706 1044 2736 aut
1069 2697 1261 2736 ambabus
1289 2703 1359 2735 aut
1385 2695 1518 2735 saltim

87 2761 170 2789 una
185 2764 306 2789 manu
321 2753 395 2792 sub
408 2753 660 2807 chlamydem
675 2757 795 2794 missa
810 2755 1108 2807 conspiciuntur
1123 2751 1334 2792 offerentes
1351 2751 1518 2790 donaria

137 2813 401 2853 constantinus
424 2818 599 2866 Porphyr
628 2820 779 2856 V01.Il.
1236 2818 1257 2851 5
