1884 3132
192 179 266 222 An
307 168 604 220 consum.
628 169 826 212 Pomm.
864 165 937 209 ΒΕ
982 165 1164 208 cmm.
1207 164 1303 205 Lm.
1346 163 1380 202 1.
1430 140 1545 214 329

113 283 164 323 ld
190 289 251 322 est
276 279 428 320 bullam
456 290 635 324 auream,
665 289 747 329 qua
773 273 984 313 factionem
1014 270 1218 308 instituere
1246 267 1320 320 ipsi
1349 265 1546 320 permitti-

112 345 203 387 tur,
234 350 314 390 qua
337 334 591 374 factionarius
619 330 858 371 declaratur.
914 326 976 366 Ut
1001 324 1180 363 comhina
1209 325 1306 375 (pro
1348 320 1546 359 combina-

113 394 182 444 tio)
212 398 271 432 est
299 390 500 443 diploma,
527 401 609 441 quo
634 387 752 426 venia
777 383 897 422 datur
927 393 1050 433 equos
1077 376 1354 423 combinandi‚
1385 382 1431 414 ut
1456 389 1548 413 eve-

112 449 188 486 ctio
230 446 502 485 testimonium
542 444 734 495 scriptum
761 438 888 478 factae
914 437 1055 474 veniae
1082 433 1157 472 τοῦ
1175 427 1433 480 ἐξελαύνειν,
1454 443 1548 469 eve-

113 502 256 541 ctionis
281 513 351 539 seu
378 498 634 553 processionis
671 496 711 533 in
741 506 863 532 curru
890 498 999 530 extra
1025 488 1167 527 urbem
1196 494 1235 525 et
1275 485 1547 539 provinciam:

114 557 170 595 ita
189 556 326 608 facab
354 560 582 593 attestatum
613 551 804 603 scriptum
831 547 971 586 veniae
1000 544 1126 583 sactae
1154 542 1362 580 factionem
1390 540 1549 579 institu-

119 611 229 650 endi.
286 613 380 674 Ipse
397 608 541 648 Noster
568 608 611 645 in
637 603 859 645 continenti
888 599 1055 655 explicat
1078 595 1152 651 τὴν
1167 596 1331 649 χρυσῆν
1345 590 1546 647 βούλλαν,

112 657 241 719 ἤγουν
269 677 343 704 τον
371 662 588 716 ‹pandora-

222 719 270 758 Β.
288 719 331 760 6.
353 717 471 772 [328‚
495 714 581 770 12.]
625 709 701 767 τὴν
727 710 893 764 χρυσῆν
918 706 1118 761 Bouillana
1176 706 1238 746 De
1266 706 1397 744 aureis
1426 703 1548 744 bullis

115 775 173 814 sic
191 773 305 814 dictis
315 803 329 823 ,
357 787 439 812 non
458 771 546 811 ideo
561 801 573 822 ,
602 767 712 823 quod
730 767 870 806 litteris
886 765 1016 805 aureis
1034 769 1164 802 essent
1179 767 1360 801 exaratae
1375 789 1388 810 ‚
1408 774 1550 813 quam-

116 830 180 870 vis
210 827 253 868 id
274 827 475 868 interdum
502 839 679 879 quoque,
709 817 779 862 sed
807 814 1332 871 rarius‚contingeret,·ed
1361 814 1470 868 quod
1499 814 1551 854 ab

116 883 212 939 ipsis
237 897 261 923 e
277 882 345 922 filo
363 881 427 922 vel
452 881 631 935 prandeo
652 879 777 918 serico
805 875 1047 930 dependeret
1074 872 1186 912 bulla
1212 885 1283 912 seu
1301 869 1461 924 capsula
1478 884 1551 908 au-

114 952 211 990 rea,
240 937 392 978 habens
429 938 536 976 intus
579 934 792 987 imaginem
829 939 869 970 et
904 944 1053 970 nomeu
1081 927 1338 982 Imperatoris
1367 939 1457 965 cera
1484 939 1552 964 ex-

114 1007 319 1046 pressum,
349 991 464 1032 multi
494 989 622 1030 multa
646 989 915 1043 scripserunt,
943 992 982 1025 et
1012 983 1177 1039 quidam
1205 982 1380 1034 integros
1405 987 1555 1020 tracta-

116 1055 210 1099 tus3
248 1047 355 1088 conf.
393 1047 461 1086 Du
499 1046 633 1099 Cange
666 1043 735 1083 Gl.
764 1050 936 1095 utroque
975 1047 1015 1079 et
1042 1039 1093 1078 ad
1122 1039 1308 1078 Cinnam.
1338 1050 1429 1090 pag.
1453 1035 1551 1085 486.

117 1102 302 1158 '‘[Bullae
329 1116 472 1141 aureae
500 1101 632 1154 Impp.
658 1097 861 1138 interdum
888 1096 1018 1135 aureis
1058 1093 1199 1134 litteris
1230 1092 1413 1144 scriptae.
1441 1090 1555 1130 Ana-

116 1165 212 1199 stas.
241 1172 284 1212 p.
305 1156 374 1198 86.
430 1158 494 1196 De
510 1155 693 1201 ἐντολαῖς
721 1167 792 1193 seu
819 1152 1036 1206 praeceptis
1065 1148 1193 1202 sigillo
1220 1148 1382 1200 signatis
1409 1159 1451 1185 v.
1470 1147 1554 1184 Lu-

120 1212 296 1266 itpraud.
327 1213 425 1266 Leg.
443 1226 486 1265 p.
514 1209 603 1263 144.
662 1209 807 1248 Leonis
835 1207 885 1246 de
913 1220 1034 1245 aurea
1060 1202 1172 1243 hulla
1193 1204 1321 1255 Impp.
1341 1200 1552 1240 Mabillon.

120 1267 257 1308 Itiner.
283 1266 374 1306 Ital.
405 1281 446 1319 p.
468 1281 536 1320 99.
595 1264 784 1318 Diploma
826 1261 1014 1315 Rogerii,
1055 1260 1158 1312 regis
1195 1257 1376 1305 Siciliae,
1418 1257 1461 1295 iu
1489 1270 1555 1294 ar-

121 1321 241 1363 chivo
267 1322 495 1362 monasterii
514 1320 704 1360 Caveusis
732 1325 854 1358 exstat
880 1315 991 1356 bulla
1017 1329 1138 1354 aurea
1159 1313 1358 1352 munitum
1387 1311 1462 1351 hac
1490 1312 1557 1351 in-

118 1393 356 1446 scriptione:
388 1390 594 1443 Ῥογέριος
636 1388 681 1428 ἐν
715 1390 793 1443 Χῳ
830 1386 916 1441 θεῷ’
943 1380 1118 1436 εὐσεβής
1155 1386 1350 1433 κραταῖος
1378 1378 1458 1433 ῥὴξ
1484 1378 1559 1420 καὶ

118 1446 203 1487 τῶν
229 1446 494 1498 Χριστιανῶν
521 1442 676 1497 βοηθός
701 1458 713 1494 3
743 1443 841 1482 ibid.
860 1457 903 1494 p.
929 1440 1020 1481 118.
1040 1436 1362 1490 χρυσοβούλων,
1391 1436 1469 1476 hoc
1496 1444 1558 1476 est

122 1501 333 1555 epistolam
358 1514 458 1539 auro
485 1501 674 1552 scriptam
700 1505 740 1536 et
767 1498 962 1549 signatam
992 1494 1090 1533 mihi
1119 1493 1316 1531 dederunt
1346 1490 1462 1530 vobis
1487 1491 1557 1530 de-

122 1556 354 1606 serendam,
384 1554 451 1593 sed
478 1554 593 1593 vobis
625 1567 706 1591 non
738 1552 914 1604 dignam.
968 1547 1208 1600 Luitprand.
1231 1547 1367 1598 Legat.
1395 1560 1437 1598 p.
1465 1545 1555 1586 155.

121 1610 261 1651 Bullae
288 1623 429 1649 aureae
458 1608 560 1662 Imp.
588 1606 755 1647 lamellis
783 1605 938 1644 duabus
964 1604 1149 1642 tenuibus
1170 1601 1433 1649 constabant3
1470 1600 1556 1640 vid.

122 1666 316 1706 Meihom.
346 1664 397 1703 ad
426 1663 647 1704 Andronici
674 1661 827 1700 bullam
854 1675 893 1714 p.
915 1658 978 1698 15.
1037 1658 1099 1696 De
1127 1670 1246 1696 aurea
1279 1655 1390 1694 bulla
1406 1655 1559 1709 Byzan-

121 1723 302 1760 tinorum
332 1720 463 1772 Impp.
497 1733 539 1758 v.
572 1717 823 1756 Constantia.
855 1716 906 1754 de
933 1713 1157 1753 administr.
1188 1712 1353 1764 imperio
1381 1725 1424 1764 p.
1464 1710 1556 1750 116.

46 1789 54 1794 “
126 1776 217 1815 123.
274 1776 336 1814 De
352 1775 480 1827 Impp.
510 1773 799 1825 subscriptione
824 1770 944 1810 bullis
973 1770 1068 1808 item
1094 1766 1292 1821 plumbeis
1321 1779 1364 1804 v.
1394 1765 1483 1805 DC.
1505 1765 1558 1805 ad

120 1830 235 1871 Alex.
298 1858 309 1869 .
327 1829 422 1870 255.
450 1828 470 1851 *

233 1844 372 1923 Bi'13.
393 1829 506 1939 [3]28‚
543 1879 620 1934 18.]
650 1879 845 1921 ἐπιδιδοῖ.
905 1879 966 1920 Μ.
998 1875 1207 1929 ε’πιδι’δει;
1250 1883 1290 1916 et
1316 1877 1372 1925 sic
1397 1889 1559 1930 quoque

124 1938 176 1979 C.
206 1939 262 1989 3.,
289 1940 384 1978 item
413 1954 452 1992 p.
481 1951 571 1992 192.
592 1938 651 1977 D.
673 1950 709 1975 1.

231 1993 282 2032 C.
305 2007 343 2033 2.
365 1993 482 2045 [328,
508 1993 590 2045 ¹9·]
630 1987 787 2043 ταύτην
814 1984 1104 2039 ἀσπαζόμενος
1139 1985 1214 2026 καί
1246 1988 1334 2033 τοῖς
1370 1977 1559 2037 ὄμμασιν

121 2042 297 2094 ἐπιθεὶς.
360 2049 450 2087 Mos
487 2047 553 2086 ille
591 2047 883 2100 Imperatorum
921 2044 1072 2083 litteras
1109 2049 1150 2081 et
1189 2042 1376 2081 mandata
1415 2042 1562 2093 scripta

121 2101 328 2142 osculandi
369 2110 409 2141 et
449 2101 500 2141 ad
527 2101 665 2140 oculos
697 2101 948 2154 frontemque
974 2097 1215 2138 admovendi
1254 2111 1279 2135 a
1306 2097 1468 2135 Graecis
1495 2097 1559 2134 vi-

122 2157 242 2196 detur
269 2156 320 2196 ad
347 2156 500 2196 Turcas
527 2170 619 2194 cum
637 2155 724 2195 aliis
746 2155 880 2194 multis
901 2154 1043 2193 ritibus
1061 2153 1279 2192 devenisse.
1331 2151 1559 2190 Turcarum

124 2213 381 2264 magistratus
419 2212 574 2264 quoties
616 2211 827 2249 firmanam
871 2216 940 2248 aut
978 2208 1257 2247 ordonantiam
1298 2205 1457 2244 Sultani
1493 2206 1557 2244 sui

120 2267 322 2319 accipiunt
338 2296 349 2312 .‚
390 2265 619 2304 osculantur
659 2272 698 2304 et
737 2265 862 2304 oculis
893 2271 1013 2317 atque
1052 2263 1174 2301 fronti
1216 2262 1446 2314 apprimunt
1462 2289 1475 2310 ,
1511 2267 1560 2298 ut

122 2335 168 2360 ex
197 2321 415 2360 Itinerariis
443 2327 613 2359 constat.
670 2319 894 2372 Antiquum
923 2332 1005 2358 esse
1048 2317 1157 2356 hunc
1185 2330 1337 2354 morem
1376 2321 1484 2368 patet
1511 2328 1558 2353 ex

122 2375 231 2415 dicto
263 2376 449 2425 Leontii,
478 2374 649 2427 episcopi
681 2373 955 2427 Neapolitani,
981 2372 1090 2426 quod
1117 2372 1297 2410 referunt
1316 2370 1418 2409 Aeta
1452 2369 1556 2422 Syn-

123 2430 192 2470 odi
224 2431 344 2470 V11.:
395 2424 533 2481 ὥσπερ
562 2425 583 2468 ὁ
613 2428 800 2468 κέλευσιν
824 2427 1029 2478 βασιλέως
1064 2421 1282 2475 δεξάμενος
1324 2421 1397 2462 καί
1422 2421 1559 2463 ἄσπα-

124 2481 305 2534 σιὲμενος
330 2480 404 2537 τὴν
430 2483 672 2537 σφραγῖδα,
729 2478 778 2520 οὗ
810 2479 885 2522 τὸν
913 2478 1044 2533 πηλὸν
1074 2480 1122 2534 [f.
1157 2477 1298 2532 κηρὸν]
1338 2477 1558 2529 ἐτίμησεν,

123 2533 153 2589 ἦ
181 2535 256 2590 τήν
280 2533 440 2591 χάρτην
479 2536 792 2592 [pergamenam]
834 2531 860 2588 ἢ
901 2532 971 2574 τὸν
997 2531 1217 2585 μόλιβδον,
1257 2532 1364 2572 ἀλλὰ
1393 2534 1453 2587 τῷ
1480 2534 1556 2583 βα-

123 2593 236 2630 σιλεῖ’
254 2590 328 2645 τὴν
356 2590 635 2644 προσκύνησιν
661 2588 734 2630 καί
759 2587 806 2630 τὸ
837 2589 963 2640 σέβας
990 2583 1225 2639 ἀπένειμεν.
1277 2588 1319 2627 Si
1343 2587 1471 2640 πηλὸν
1490 2587 1557 2626 hic

125 2653 327 2698 servetur,
345 2647 468 2687 debet
495 2648 665 2700 supponi
687 2660 768 2685 non
795 2652 951 2684 tantum
982 2658 1072 2683 cera
1090 2673 1102 2693 ‚
1130 2644 1199 2682 sed
1225 2644 1344 2682 etiam
1365 2649 1471 2682 terra
1500 2642 1556 2681 si-

125 2698 277 2751 gillaria
294 2731 306 2746 ‚
339 2716 441 2754 quae
474 2704 711 2754 impressum
737 2702 892 2753 signum
919 2699 1059 2752 recipit
1086 2706 1126 2737 et
1163 2705 1295 2737 servat
1312 2728 1324 2746 ,
1356 2699 1555 2750 signatum

127 2753 222 2793 olim
247 2755 378 2795 fuisse.
435 2755 607 2796 Arethas
641 2756 747 2810 apud
774 2754 1059 2808 Theophanem
1090 2767 1133 2807 p.
1171 2766 1289 2807 27o.:
1339 2749 1557 2803 δεξάμενος
