1832 3126
130 194 206 238 An
244 192 544 237 consum.
578 191 775 235 ponpa.
813 191 885 232 DE
922 164 1121 234 cumn.
1143 191 1241 232 mn.
1280 191 1314 231 1.
1383 188 1487 246 177

46 298 275 351 diligentem
301 296 527 335 instantiam
555 307 713 332 manum
733 294 906 348 porrigit
931 294 1076 331 invitus
1100 290 1262 331 nimiwn
1274 321 1287 342 ,
1325 293 1396 332 sed
1418 308 1489 333 ve-

42 353 185 392 latam.
244 352 319 390 Cui
347 350 466 402 Hugo
499 349 550 388 de
589 349 805 396 Caesarea,
842 348 1006 386 multum
1032 347 1315 386 admirantibus
1345 357 1384 387 et
1407 357 1491 388 stu-

41 408 221 462 pentibus
248 405 480 459 Aegyptiis,
526 403 636 459 quod
664 412 744 442 tam
786 402 908 440 libere
945 415 1080 440 eoram
1114 415 1263 441 summo
1301 403 1490 458 Principe

46 463 290 518 loqueretur,
323 460 455 507 dixit,
493 460 536 497 in
546 458 666 513 file,
698 471 776 512 per
798 471 918 512 quam
943 470 983 495 se
1016 457 1141 495 solent
1158 458 1360 512 principes
1387 459 1488 498 obli-

43 531 140 570 gam
154 545 167 566 ‚
204 516 339 555 omnia
372 514 511 552 debere
541 527 620 551 esse
651 512 760 550 nuda
784 533 804 541 -
818 520 1029 566 propterea
1059 520 1131 550 aut
1154 511 1302 550 nudam
1329 527 1488 553 manum

46 571 161 610 dabis
175 599 188 620 ,
225 579 295 608 aut
304 567 451 624 fictum
483 566 641 622 aliquid
665 575 704 604 et
738 566 863 604 minas
898 567 1085 620 puritatis
1122 566 1266 604 liabens
1294 582 1349 606 ex
1371 578 1490 622 parte

5 624 10 627 ⁴
45 635 113 665 tua
145 637 325 678 cogemur
355 623 527 677 opinari.
590 621 690 660 Tum
721 621 875 659 demum
905 620 1050 659 invitus
1071 621 1288 674 plurimum
1314 632 1352 660 et
1375 624 1492 678 quasi

45 680 240 720 nmiestati
261 678 467 717 detrahens
473 705 486 724 ‚
506 676 615 730 quod
641 675 803 714 multum
826 690 940 728 aegre
966 675 1136 714 tulerunt
1149 674 1362 730 Aegyptii,
1385 678 1490 718 dex-

45 744 169 775 teram
202 747 315 773 suam
353 732 396 770 in
425 745 584 770 manum
610 730 764 769 domini
789 729 973 783 Hugonis
1000 730 1148 768 nudam
1174 732 1370 784 praebuit.

26 832 30 836 ,
83 777 171 840 ¹45.
186 787 240 827 A.
259 788 299 827 3.
318 785 410 840 [74‚
434 784 521 839 13.]
551 782 732 835 ἀθύρου.
789 784 1064 824 Nominativus
1082 784 1204 824 huius
1224 788 1387 839 genitivi
1405 802 1488 827 non

46 843 182 898 potuit
204 841 306 881 alius
331 855 452 893 quam
470 841 577 879 idem
602 839 736 879 fuisse.
795 840 874 879 Sed
898 839 1101 879 interdum
1129 854 1290 894 quoque
1320 838 1490 894 α’θύρας

48 901 91 939 in
126 896 377 937 nominativo
404 902 445 934 et
477 891 620 947 α’θύρα
647 895 691 933 in
726 896 902 948 genitivo
938 896 1152 948 rep'eritur.
1210 895 1488 949 Compositum

47 967 102 993 an
143 951 309 1005 simplex
349 951 400 990 sit
427 950 505 988 hoc
535 948 778 989 vocabulum
795 979 808 1000 ‚
856 963 939 988 non
974 949 1094 1003 plane
1122 958 1375 1003 perspectum
1410 961 1484 992 est.

49 1008 108 1048 Et
139 1007 350 1059 deinceps,
399 1005 433 1044 si
463 1018 537 1057 pro
568 1006 788 1057 composito
819 1005 1063 1058 accipiatur,
1091 1011 1185 1044 ‘non
1212 1005 1350 1060 liquet,
1386 1006 1488 1047 illud

48 1076 78 1102 α
115 1061 358 1115 significetue
385 1061 568 1113 πρῶτον,
600 1073 649 1098 nn
673 1055 813 1109 μόνον.
850 1059 1015 1099 Constat
1039 1060 1147 1099 enim
1177 1074 1205 1099 α
1232 1061 1334 1100 illud
1364 1063 1487 1102 modo

40 1118 238 1172 pn'mum,
266 1114 387 1155 modo
416 1128 534 1154 unum
557 1116 600 1154 in
634 1116 862 1167 compositis
888 1123 1042 1155 notare.
1103 1116 1157 1155 V.
1181 1130 1284 1169 quae
1305 1117 1373 1156 Du
1389 1117 1488 1157 Can-

49 1185 99 1226 ge
123 1171 198 1210 sub
224 1164 602 1223 πρωτοσπαθάριος
625 1167 772 1219 habet,
803 1176 842 1208 et
872 1183 913 1209 v.
938 1165 1241 1223 πρωτόθυρον,
1270 1172 1341 1210 ubi
1370 1187 1487 1226 prae-

51 1233 114 1266 ter
130 1240 217 1265 rem
235 1225 457 1265 Mem-sium
473 1224 730 1276 reprehendit
746 1253 758 1274 ,
786 1225 883 1264 item
910 1239 1012 1278 quae
1034 1239 1108 1265 nos
1135 1225 1186 1264 ad
1208 1240 1250 1279 p.
1273 1226 1339 1278 59.
1369 1228 1420 1266 A.
1441 1229 1482 1268 8.

49 1281 233 1320 dicimus.
289 1278 415 1333 Apud
443 1285 626 1319 nostrum
649 1293 810 1332 quoque
832 1280 1025 1319 habemus
1047 1295 1089 1334 p.
1125 1279 1215 1334 194.
1245 1273 1361 1321 DJ5.
1381 1297 1488 1335 πρω-

48 1330 246 1388 τόθυρον.
299 1334 389 1388 Ego
411 1340 545 1373 tamen
570 1333 706 1373 malim
728 1348 801 1387 per
823 1331 1068 1385 μονόθυρον
1091 1336 1369 1388 interpretari,
1399 1353 1487 1391 pro-

50 1397 187 1444 pterea
216 1390 404 1443 quoniam
429 1388 508 1428 alia
536 1403 696 1442 quoque
722 1389 963 1443 monothyra
991 1390 1135 1430 Nostro
1166 1404 1486 1431 commemoran-

49 1452 148 1495 tur,
196 1445 240 1483 id
267 1451 327 1483 est
358 1451 497 1497 portae
520 1443 720 1483 solitariae
734 1474 744 1491 ,
787 1458 870 1483 non
901 1445 1066 1494 valvae,
1109 1451 1180 1484 aut
1206 1460 1310 1498 quae
1343 1447 1485 1487 fratres

49 1513 133 1538 non
161 1498 383 1547 haberent,
414 1505 460 1536 ut
491 1513 532 1551 p.
565 1497 631 1549 54.
666 1499 712 1536 C.
737 1499 807 1536 fin.
841 1506 900 1538 est
922 1500 1211 1552 monothyrum
1235 1500 1356 1552 Idici3
1386 1502 1485 1541 alias

49 1554 336 1606 monothyrum
359 1552 428 1591 Cir
451 1553 492 1603 i,
533 1566 601 1591 seu
623 1560 740 1605 porta
767 1553 968 1604 solitaria,
1015 1568 1087 1606 per
1112 1567 1234 1606 quam
1261 1555 1485 1608 Imperator

51 1609 95 1646 in
118 1608 278 1647 Circum
306 1566 453 1656 intrat),
482 1602 735 1658 μονόπορτον
780 1608 886 1658 (non
909 1602 1168 1658 μονόπατον,
1196 1615 1242 1647 ut
1275 1610 1380 1649 male
1404 1611 1485 1650 edi-

51 1664 156 1713 tur‚)
183 1661 259 1701 τοῦ
285 1661 543 1711 καθίσματος
570 1660 806 1714 Theophani
833 1676 875 1714 p.
911 1661 1000 1716 157.
1030 1661 1106 1700 ult.
1134 1670 1174 1701 et
1197 1662 1347 1703 Chron.
1384 1664 1484 1705 Ale-

52 1717 171 1757 xand.
210 1730 303 1770 pag.
333 1714 426 1770 784.
487 1714 598 1754 Alias
630 1730 789 1769 quoque
815 1731 842 1755 α
866 1718 909 1755 in
935 1718 1163 1770 compositis
1206 1731 1324 1757 unum
1351 1720 1484 1771 valet,

50 1767 98 1819 ιιὶ
122 1773 246 1811 amita
275 1765 482 1821 ,μονόμιτα
496 1801 509 1821 ,
541 1771 727 1820 unilieia,
754 1771 860 1824 apud
886 1772 1049 1825 Hugon.
1078 1771 1269 1810 Falcand.
1309 1775 1349 1812 in
1374 1775 1481 1815 Hist.

50 1820 196 1876 sicus„
234 1817 395 1876 ἄμαλον
418 1838 492 1879 pro
529 1821 792 1876 μονόμαλον,
821 1840 862 1865 v.
895 1827 946 1864 ad
969 1842 1010 1879 p.
1044 1825 1136 1879 267.
1164 1826 1216 1865 A.
1236 1828 1296 1875 5.,
1334 1820 1485 1878 ἇβολος

30 1879 127 1934 'pro
155 1875 403 1931 μονόβολας,
434 1875 698 1933 μονοβαφὴς,
727 1882 845 1919 semel
861 1882 990 1920 colore
1009 1883 1168 1929 tinctus,
1198 1882 1305 1920 unde
1332 1884 1480 1923 abolla.

52 1935 164 1977 Infra
186 1949 228 1988 p.
254 1933 350 1988 395.
377 1948 505 1987 marg.
537 1941 595 1973 est
634 1933 793 1984 βούλλα
836 1933 1034 1985 donadac,
1076 1936 1183 1974 bulla
1215 1951 1336 1976 aurea
1364 1939 1488 1978 solidi

51 1992 176 2029 unius.
235 1987 410 2043 Hesych.
437 1988 633 2041 ε”Αὸρυα
674 1990 738 2039 (id
766 1997 825 2030 est
850 1985 1085 2044 μονόδρυα)
1113 1991 1236 2029 πλοῖα
1261 1989 1483 2044 μονόξυλα,

52 2041 255 2096 Κύπριοι.
309 2045 447 2084 Potest
461 2051 595 2083 tamen
615 2042 789 2095 Athyras
814 2047 933 2084 etiam
961 2060 984 2084 a
1004 2044 1127 2084 fluvio
1147 2045 1343 2085 Thraciae
1359 2047 1484 2102 Athy-

51 2112 99 2138 ra
117 2098 269 2138 dictum
290 2097 409 2138 fuisse
435 2098 677 2148 triclinium,
707 2113 775 2139 seu
799 2100 1046 2148 aedificium,
1086 2107 1132 2138 ut
1157 2099 1267 2138 aliud
1294 2101 1370 2140 fuit
1390 2103 1483 2142 Da-

50 2153 186 2192 nubius
221 2153 388 2192 dictum.
445 2153 581 2192 Simile
616 2153 714 2206 quid
749 2154 798 2193 de
839 2155 1045 2194 Hadriano
1075 2162 1213 2193 narrat
1247 2155 1482 2207 Spartianus

51 2209 96 2247 in
121 2207 206 2247 eius
229 2209 313 2246 vita
338 2222 380 2261 p.
413 2208 535 2258 215.;
597 2209 840 2248 Tiburtinam
861 2211 1002 2248 villam
1035 2211 1133 2248 mire
1172 2211 1476 2266 exaedificavit,

52 2263 108 2300 ita
141 2271 183 2301 ut
214 2263 257 2300 in
283 2276 332 2301 ea
365 2271 404 2301 et
430 2265 727 2317 provinciarum
762 2274 800 2302 et
832 2265 1003 2303 locorum
1038 2264 1286 2303 celeberrima
1321 2269 1482 2307 nomina

52 2317 297 2365 inscriberet,
342 2318 450 2356 velut
475 2319 667 2369 Iffceum,
707 2318 966 2358 Academiam
980 2349 991 2367 ‚
1040 2319 1306 2369 prytaneum,
1349 2322 1480 2360 Cano-

50 2385 146 2425 pum
163 2401 176 2422 ,
218 2371 425 2420 Poecilen,
468 2373 632 2428 Tempe,
653 2383 824 2412 voearet.
856 2373 981 2412 Iulius
1010 2373 1256 2426 Capitolinus
1280 2377 1322 2415 in
1347 2376 1480 2415 Perti-

53 2438 152 2464 nace
178 2439 221 2478 p.
251 2425 344 2466 561.
374 2427 523 2480 pariter
550 2435 744 2467 memorat
774 2428 907 2467 locum
941 2430 983 2466 in
1018 2428 1172 2467 Palatio
1189 2456 1200 2478 ,
1241 2431 1304 2468 cui
1333 2445 1480 2477 nomen

56 2478 197 2536 Sicilia
220 2479 364 2532 fuerit,
391 2481 462 2519 ubi
489 2482 745 2522 casaubonus
767 2497 789 2520 e
811 2483 1000 2522 Suetonio
1022 2489 1134 2522 notat
1147 2511 1160 2534 ,
1188 2482 1373 2526 habuisse
1392 2486 1475 2526 Au-

58 2541 215 2586 gustum
241 2534 374 2575 locum
399 2535 613 2587 Syracusas
639 2537 806 2576 dictum.

91 2597 94 2599 ’
165 2589 211 2628 Β.
235 2604 268 2643 7.
299 2589 389 2644 [75,
413 2589 476 2644 3.]
513 2588 794 2640 μανουαλίοις.
850 2591 1067 2631 Manualia
1099 2590 1301 2645 appellant
1337 2594 1480 2634 Graeci

59 2639 185 2682 discos
211 2651 415 2696 paterasve
444 2660 560 2685 cavas
576 2675 589 2695 ,
627 2648 750 2699 scapis
779 2660 983 2685 cereorum
1014 2649 1233 2699 suppositas
1246 2677 1258 2698 ,
1293 2648 1345 2687 ad
1376 2651 1480 2688 exci-

60 2696 220 2747 piendas
245 2707 374 2752 guttas
400 2707 440 2738 et
459 2700 602 2753 fungos
628 2714 767 2739 corum
782 2729 794 2750 ‚
821 2701 1032 2753 κρητῆρας.
1057 2702 1181 2741 dictas
1202 2703 1330 2742 Paulo
1360 2704 1482 2743 Silen-

61 2750 176 2788 tiario
201 2753 243 2790 in
265 2753 460 2807 Ecphrasi
485 2769 526 2808 p.
552 2753 644 2794 520.
676 2769 716 2794 v.
747 2755 871 2806 463*
906 2749 1005 2796 ἄνεί
1031 2753 1078 2796 δὲ
1104 2753 1222 2811 ῥίζης
1249 2755 1481 2811 ἀργυρέους

111 2825 372 2865 Constantinus
397 2830 658 2877 PorphjnVol.
685 2832 734 2867 ΙΙ.
1172 2843 1211 2867 12
