1884 3132
267 106 382 174 648
559 124 633 165 10.
674 124 780 167 mc.
817 126 1012 168 amsxu
1043 125 1421 183 commi-Anu

261 230 420 269 racenis
457 236 681 269 monstrata
724 244 850 284 eoque
889 231 1070 284 polluta,
1115 234 1419 289 minantemque
1454 242 1612 277 tantum
1634 253 1716 278 non

266 285 504 336 Imperatori
534 286 749 325 anathema
765 316 776 336 ,
806 286 920 326 facile
948 290 1059 340 regia
1080 290 1264 329 maiestas
1295 291 1336 329 in
1363 291 1545 331 ordinem
1572 296 1716 348 coegit,

267 339 569 378 insolescentem
600 340 708 379 ultra
737 342 952 381 sacerdotis
979 343 1145 382 modum
1174 351 1213 383 et
1242 345 1362 384 rebus
1389 361 1470 386 non
1501 347 1581 387 suis
1609 352 1719 402 cupi-

268 395 341 433 dos
371 395 507 434 oculos
535 396 817 437 immittentem
846 404 885 435 et
925 397 979 437 ad
1017 399 1150 438 Latini
1182 398 1279 439 cleri
1321 401 1545 455 exemplum
1572 410 1712 456 tyran-

269 451 354 489 nidi
384 451 653 489 insidiantem.
722 453 856 490 Latini
898 454 1033 500 enim,
1077 455 1220 507 procul
1248 470 1271 494 a
1315 456 1404 496 telis
1434 458 1719 510 Imperatoriae

270 507 479 559 potestatis
508 508 625 558 positi
676 513 715 545 et
763 507 937 546 dominis
982 523 1063 547 non
1090 517 1172 548 tam
1201 519 1410 562 parentes,
1442 527 1563 566 quam
1591 513 1722 552 domi-

272 569 430 612 nantes,
461 576 485 600 a
512 562 658 614 quibus
686 562 740 601 ob
767 561 991 602 litterarum
1014 565 1280 617 ignorantiam
1308 568 1511 620 impetrari
1540 575 1725 620 poterant

273 618 425 667 omnia,
455 618 584 655 inulto
614 616 738 656 malas
767 617 840 656 has
870 626 974 658 artes
1003 621 1262 671 exercebant,
1292 622 1439 674 quibus
1465 637 1546 661 non
1563 623 1727 662 Christi-

275 687 375 710 anae
427 674 484 711 rei
536 686 659 723 ope5‚
702 674 769 712 sed
808 674 942 726 ignavi
981 689 1116 714 rerum
1153 676 1406 728 publicarum
1432 678 1658 717 turbatores
1686 686 1726 717 et

276 727 432 766 scelesti
476 727 723 780 hypocritae,
767 729 966 767 innocenti
997 730 1241 784 simplicitati
1269 731 1438 772 illudere
1465 741 1504 773 et
1533 733 1727 772 insultare

275 783 378 833 nati,
408 783 654 822 crescebant.
714 784 852 834 Quum
880 786 1002 832 enim,
1038 786 1151 825 Italia
1178 787 1360 826 barbaris
1392 789 1576 842 gentibus
1603 789 1729 828 obun-

277 837 372 877 data
392 839 695 891 exstirpatisque
720 839 838 878 bonis
866 841 1053 880 omnibus
1079 842 1233 882 artibus
1262 850 1301 881 et
1326 844 1446 895 paulo
1475 844 1725 882 humaniori-

278 893 356 931 bus
387 893 572 932 civilibus
601 895 792 933 institutis
822 895 1008 935 omnibus
1037 898 1207 947 exactis,
1247 898 1365 938 rudes
1394 898 1520 938 Gothi
1548 905 1587 938 et
1619 899 1730 938 Lon-

280 949 454 1002 gobardi
492 951 666 998 aeraria,
701 951 741 988 in
782 950 929 1003 quibus
959 965 1145 991 nummos
1174 966 1266 990 suos
1293 953 1539 1002 conderent,
1580 955 1729 1006 privati

281 1004 465 1042 homines
507 1011 546 1043 et
584 1018 709 1056 parva
766 1006 983 1057 municipia
1020 1021 1101 1045 non
1150 1006 1375 1057 haberent,
1420 1023 1550 1062 neque
1587 1007 1731 1048 litteris

282 1059 519 1098 mandarent
563 1073 699 1097 rerum
747 1063 988 1110 memorias,
1037 1062 1104 1100 sed
1152 1076 1290 1101 eorum
1336 1063 1427 1102 fidei
1466 1079 1537 1103 sua
1567 1066 1726 1111 omnia,

283 1116 353 1166 qui
379 1114 511 1152 verbis
539 1115 662 1168 magis
690 1121 729 1152 et
760 1118 899 1154 astutis
946 1117 1118 1169 strophis
1137 1147 1146 1164 ,
1179 1132 1300 1171 quam
1328 1120 1413 1171 ipsa
1441 1133 1484 1158 re
1511 1120 1728 1158 sanctimo—

283 1171 375 1207 niae
404 1183 590 1222 magnam
631 1170 739 1222 apud
780 1172 983 1223 imperitos
1025 1173 1256 1224 opinionem
1287 1174 1338 1212 de
1363 1188 1405 1212 se
1432 1174 1653 1224 faciebant,
1683 1188 1731 1212 eo

284 1224 436 1273 fiebat,
480 1232 526 1263 ut
554 1224 706 1263 creduli
739 1232 778 1263 et
807 1226 1004 1278 simplices
1034 1227 1238 1274 homines,
1281 1229 1519 1268 decedentes
1563 1229 1613 1268 de
1650 1230 1734 1267 vita

287 1287 358 1317 aut
387 1280 503 1317 etiam
536 1281 664 1333 vegeti
687 1279 844 1329 adhuc,
876 1283 907 1320 si
936 1282 1034 1334 quid
1063 1297 1185 1334 opum
1203 1283 1468 1337 collegissent,
1494 1284 1604 1336 quod
1631 1298 1654 1323 a
1673 1283 1738 1323 fu-

287 1335 400 1373 ribus
428 1342 630 1373 servatum
659 1334 836 1383 vellent,
869 1336 910 1374 id
937 1337 1043 1389 apud
1071 1337 1289 1377 monachos
1316 1346 1355 1377 et
1382 1340 1421 1376 in
1451 1338 1639 1386 ecclesiis,
1670 1345 1738 1378 tu-

287 1391 393 1428 tiora
421 1389 524 1438 loca,
553 1390 700 1442 quibus
722 1392 1054 1442 committeretur,
1075 1394 1295 1433 nescientes
1319 1394 1564 1446 deponerent
1581 1423 1593 1444 ,
1623 1408 1738 1432 man-

289 1445 386 1483 dato
406 1475 416 1492 ‚
457 1453 502 1483 ut
527 1445 601 1483 sibi
636 1453 840 1485 servarent
867 1453 986 1501 atque
1015 1448 1240 1497 redderent,
1272 1451 1302 1488 si
1333 1448 1397 1488 vel
1425 1450 1526 1502 ipsi,
1557 1448 1622 1488 vel
1652 1449 1738 1499 illi,

291 1500 342 1539 ad
375 1514 475 1552 quos
515 1515 654 1539 eorum
696 1500 923 1541 haereditas
962 1510 1001 1541 et
1041 1503 1265 1542 dominium
1306 1504 1493 1557 deinceps
1519 1510 1619 1543 esset
1647 1518 1739 1556 per-

290 1563 509 1605 venturum
535 1584 548 1606 ‚
591 1556 666 1594 sibi
714 1556 830 1595 reddi
859 1565 989 1596 essent
1028 1558 1279 1610 postulaturi.
1334 1559 1498 1598 Servata
1530 1559 1642 1598 initio
1669 1572 1742 1612 per

291 1610 460 1664 paulum
490 1617 647 1665 tempus
673 1610 749 1650 fuit
777 1625 822 1650 ea
856 1612 978 1663 fides,
1009 1613 1154 1652 deinde
1181 1612 1394 1653 vacillante
1413 1621 1452 1653 et
1482 1621 1742 1653 evanescente

294 1673 497 1717 gestorum
525 1680 548 1704 a
578 1667 796 1705 maioribus
823 1668 1068 1707 traditionali
1100 1669 1304 1719 memoria,
1334 1669 1508 1722 clerique
1535 1675 1650 1707 aucta
1670 1682 1743 1722 per

292 1720 489 1759 laicorum
527 1728 730 1774 stuporem
759 1729 798 1762 et
830 1736 925 1775 opes
954 1725 1133 1775 potentia
1157 1753 1168 1774 ,
1198 1723 1361 1777 quando
1389 1732 1458 1762 aut
1487 1723 1624 1763 liceret
1648 1723 1744 1762 late·

295 1790 341 1814 re
382 1777 779 1828 praevaricantibus,
822 1785 892 1826 aut
931 1778 982 1817 ad
1023 1779 1274 1818 reddendum
1313 1778 1443 1818 aliena
1470 1780 1556 1832 cogi
1585 1793 1609 1818 a
1636 1779 1744 1817 veris

295 1830 469 1870 dominis
498 1845 578 1870 non
607 1839 791 1886 possent,
824 1841 1044 1887 coeperunt
1068 1835 1245 1872 innatam
1272 1834 1529 1886 cupiditatem
1549 1864 1561 1885 ,
1591 1834 1744 1872 abiecta

297 1885 643 1937 dissimulatione,
684 1902 864 1927 exercere
912 1891 1190 1942 maiorumque
1229 1889 1436 1941 deposita,
1488 1889 1745 1928 ecclesiarum

298 1941 393 1979 fidei
437 1944 649 1980 commissa
669 1972 681 1992 ,
712 1943 786 1981 sibi
815 1958 1031 1997 arrogare,
1072 1951 1373 1997 repetentesque
1398 1959 1478 1997 per·
1501 1946 1584 1983 vim
1612 1957 1748 1983 arcere

300 2004 340 2034 et
368 1996 419 2035 ad
448 1996 650 2035 silentium
679 1998 873 2051 redigere.
931 2000 1056 2038 Cuius
1084 2001 1283 2052 nequitiae
1310 1999 1534 2053 exemplum
1562 1998 1685 2037 habes
1706 1999 1747 2037 in

300 2050 506 2090 Chronico
540 2052 762 2092 Cassinensi
791 2055 826 2092 I.
859 2053 927 2093 26.
986 2055 1247 2094 Consuevisse
1275 2053 1373 2094 olim
1399 2068 1586 2093 nummos
1615 2061 1655 2093 et
1681 2067 1748 2092 su-

301 2106 542 2160 pellectilem
571 2110 611 2146 in
641 2107 813 2147 ecclesiis
830 2138 841 2157 ‚
875 2115 920 2147 ut
948 2110 990 2148 in
1028 2109 1117 2149 loco
1144 2116 1257 2162 tuto,
1295 2110 1442 2162 deponi
1470 2108 1704 2162 repetendos
1725 2121 1749 2146 a

302 2163 578 2214 proprietariis
619 2163 744 2215 iisque
787 2163 1035 2212 reddendos,
1068 2171 1176 2217 patet
1203 2179 1249 2204 ex
1277 2163 1367 2204 loco
1396 2164 1578 2217 Gregorii
1610 2165 1668 2201 M.
1700 2163 1750 2200 L.

267 2217 269 2219 ’
305 2218 357 2255 11.
387 2217 476 2255 lnd.
500 2217 555 2256 II.
603 2232 668 2270 ep.
690 2218 777 2272 49„
819 2218 887 2257 ubi
915 2220 1019 2257 inter
1059 2219 1136 2258 alia
1173 2219 1318 2270 (locum
1345 2221 1546 2273 integrum
1586 2218 1655 2257 dat
1683 2217 1751 2255 Du

305 2272 442 2325 Cange
472 2286 513 2311 v.
557 2273 808 2328 Deszcscepla)
839 2273 936 2312 haec
965 2274 1110 2313 habet:
1149 2276 1300 2314 cler-icis
1331 2276 1412 2314 eius
1459 2270 1686 2329 [ecclesiae]
1723 2285 1751 2309 a

300 2330 401 2380 pari
428 2323 528 2379 [α’πό
559 2328 633 2366 τοῦ
660 2324 754 2367 ἴσου
773 2358 783 2376 ,
816 2343 870 2367 ex·
900 2327 1054 2383 cbpia,]
1083 2330 1350 2382 ctliadsizcere
1365 2330 1623 2383 desusceptum
1654 2325 1751 2380 [lio-

311 2382 376 2419 die
409 2383 578 2420 dicimus
607 2382 837 2437 Recepisse]
866 2393 902 2422 te
930 2386 1134 2433 convenit,
1166 2386 1208 2423 in
1236 2399 1310 2440 quo
1338 2394 1407 2423 tua
1416 2383 1659 2435 fraternitas
1684 2383 1750 2424 fil·-

308 2445 458 2484 teacur,
489 2439 559 2490 qni
583 2438 844 2492 desusceptum
872 2439 921 2477 de
949 2439 1086 2477 iisdem
1122 2440 1232 2478 rebus
1263 2442 1305 2478 in
1332 2441 1473 2477 scrinio
1500 2445 1628 2476 nostro
1656 2438 1755 2474 emi-

310 2501 439 2540 serat,
473 2490 596 2544 [sorte
624 2493 712 2531 vult
739 2493 896 2532 dicere:
938 2494 1111 2540 fatearis,
1140 2501 1182 2532 te
1207 2494 1258 2533 ab
1288 2494 1365 2532 hoc
1396 2492 1461 2532 vel
1489 2491 1558 2529 illo
1586 2490 1661 2529 hoc
1689 2490 1754 2529 vel

312 2545 413 2584 illud
442 2560 483 2584 m
512 2547 820 2600 sceuophylacio
849 2547 1035 2587 ecclesiae
1075 2549 1356 2602 deponendum
1384 2547 1577 2599 accepisse
1590 2544 1624 2599 ‚]
1653 2560 1755 2600 qua-

313 2608 418 2637 tenus
431 2630 440 2646 ‚
500 2601 592 2640 dum
632 2617 779 2641 necesse
812 2604 947 2654 ι,ἷὶιειίἶιῖ
965 2633 975 2652 ,
1020 2605 1252 2651 competenti
1287 2616 1479 2656 personae
1523 2615 1582 2638 res
1621 2614 1753 2638 omnes

308 2656 459 2705 possint
497 2657 578 2694 sine
614 2657 843 2696 detrimento
889 2660 1041 2697 restitui
1055 2688 1067 2707 ,
1107 2666 1146 2697 et
1173 2659 1221 2696 L.
1246 2658 1321 2695 ΙΙΙ.
1351 2670 1414 2708 ep.
1443 2655 1504 2694 16.
1529 2670 1539 2693 :
1582 2656 1756 2694 omnium

316 2722 446 2747 reram
475 2724 552 2749 non
599 2712 724 2751 solum
750 2712 970 2766 desuscepta
1002 2727 1063 2752 eos
1081 2743 1092 2764 ,
1135 2715 1205 2766 qui
1238 2725 1301 2751 eas
1329 2710 1508 2760 tradunt,
1555 2711 1757 2764 percipere
