1716 3242
420 596 743 647 10.1AC.
811 594 1151 643 REISKII

290 722 1276 789 COMMENTARII

752 854 816 879 An

78 938 664 994 CONSTANTINUM
710 919 1500 989 PORPHYROGENITUM'

747 1048 833 1086 DE

102 1148 597 1212 CERIMONIIS
622 1147 906 1209 AULAE
931 1145 1465 1208 BYZANTINAE

470 1270 569 1303 CUM
615 1268 825 1302 INSERTIS
873 1266 1094 1300 BREVIBUS

277 1365 425 1414 .10.
471 1363 841 1411 HENRICI
905 1360 1248 1409 LEICHII

660 1466 974 1503 NOT18.¹

359 1679 454 1718 AD
511 1675 818 1717 LIBRUM
872 1674 1212 1716 PRIMUM.

68 1841 195 1914 Pag.
221 1873 257 1899 1.
300 1857 367 1902 ed.
394 1858 507 1909 Lips.
537 1856 615 1901 lin.
655 1870 688 1897 1.
722 1855 791 1912 [ρ.
816 1857 837 1896 3
854 1886 866 1907 ,
897 1870 934 1895 2.
962 1854 1028 1896 ed.
1056 1851 1204 1908 Boum]
1237 1849 1684 1898 Κωνσταντί-Εὼῐιίρσ.

69 1931 161 1957 νου.
198 1916 261 1953 De
289 1921 450 1952 auctore
475 1915 606 1966 operis
630 1910 724 1951 satis
746 1914 787 1950 in
807 1911 1067 1965 'praefationis
1099 1911 1228 1962 capite
1243 1915 1387 1961 quarto
1406 1908 1546 1947 dixi-P·
1574 1912 1589 1936 ¹

69 1986 177 2021 mus,
206 1977 246 2009 et
267 1969 426 2008 abunde
452 1967 504 2007 cl.
523 1969 718 2007 Decessor
735 1974 870 2006 noster
886 1969 928 2006 in
953 1968 1241 2005 Dissertatione
1256 1964 1387 2003 Tomo
1422 1965 1507 2017 pri-

70 2041 138 2065 mo
163 2023 255 2079 post
286 2023 572 2078 praefationem
607 2022 795 2062 exhibita.
1346 2029 1355 2033 ’

155 2095 270 2135 Ibid.
284 2094 357 2135 lin.
373 2108 410 2136 2.
434 2093 492 2147 [3‚
514 2091 572 2146 3.]
586 2092 662 2132 τοῦ
679 2090 974 2144 Φιλοχράπου.
1012 2089 1173 2129 Titulus
1189 2089 1399 2142 Des-potae
1414 2089 1508 2129 Plu·-

70 2150 278 2199 luchristi,
292 2149 452 2188 domini
477 2147 685 2187 Christum
714 2148 917 2194 amantis,
946 2153 1030 2185 erat
1050 2144 1360 2197 Imperatoribus
1384 2145 1509 2184 CPta-

71 2207 134 2244 nis
155 2206 358 2257 proprius,
386 2203 619 2255 praesertim
640 2203 734 2252 illis,
759 2204 829 2255 qui
840 2201 1049 2249 Michaele‚
1066 2201 1187 2252 vulgo
1198 2199 1368 2238 Ebrioso
1383 2199 1506 2250 dicto,

70 2261 312 2313 posteriores
326 2287 338 2308 ,
378 2258 596 2310 eademque
628 2260 782 2296 ratione
803 2257 861 2295 illi
884 2257 992 2295 hunc
1019 2255 1182 2294 titulum
1204 2253 1442 2293 affectabant
1468 2262 1509 2294 et

71 2314 262 2367 gerebant
276 2343 287 2364 ‚
317 2326 396 2365 qua
421 2327 532 2366 reges
553 2313 748 2351 Franciae
774 2319 814 2350 et
835 2312 1051 2364 Hispaniae
1080 2309 1242 2348 titulum
1260 2311 1364 2362 regis
1388 2309 1507 2348 Chri-

71 2370 299 2407 stianissimi
328 2375 367 2406 et
391 2367 585 2406 Catholici
613 2374 772 2419 gerunt.
848 2367 956 2404 Ante
982 2365 1097 2404 illum
1129 2366 1235 2403 enim
1270 2363 1507 2403 Michaelem

70 2422 182 2462 fuere
198 2423 310 2462 multi
325 2424 570 2461 Graecorum
586 2423 894 2475 Imperatorum,
910 2423 996 2474 qui,
1017 2420 1124 2472 quod
1142 2421 1332 2472 imagines
1348 2419 1509 2458 Sancto-

39 2518 43 2520 *
72 2492 164 2516 rum
185 2485 224 2516 et
252 2478 400 2517 Christi
429 2491 558 2530 neque
585 2484 871 2516 venerarentur
897 2479 989 2528 ipsi,
1023 2489 1152 2527 neque
1181 2475 1224 2512 in
1247 2474 1400 2512 honore
1423 2488 1510 2513 esse

69 2534 262 2582 sinerent,
291 2533 360 2571 sed
386 2534 522 2581 sacris,
550 2539 596 2570 ut
615 2547 766 2571 novum
804 2533 950 2570 veteris
979 2529 1226 2568 idololatriae
1251 2528 1507 2567 simulacrum

73 2593 114 2626 et
140 2588 425 2626 successionem
440 2616 451 2635 ‚
481 2589 756 2626 exterminatas
785 2586 932 2625 vellent
947 2615 958 2635 ,
989 2592 1198 2637 propterea
1224 2583 1376 2622 honore
1400 2582 1507 2621 illius

71 2641 179 2680 tituli
206 2642 351 2681 exclusi
379 2642 541 2681 suerunt
565 2643 618 2680 ab
648 2642 877 2681 hominibus
893 2671 904 2691 ,
944 2640 1089 2692 quibus
1113 2640 1305 2692 sapientia
1324 2652 1395 2676 sua
1422 2651 1508 2691 per·

143 2750 175 2795 *)
199 2750 316 2783 Notae
340 2749 558 2783 Leichianae
583 2751 722 2796 ubique
747 2752 815 2783 hoc
846 2750 947 2793 signo
981 2746 1014 2794 *[
1058 2747 1089 2795 l*
1123 2747 1284 2780 inclusae
1308 2751 1401 2779 sunt..
