1884 3132
332 107 442 184 704
642 127 715 169 10.
758 126 1568 171 IAC.‘REISK11COMROEN1'AR1112
1617 138 1622 141 ·
1672 150 1674 154 ψ

325 232 384 271 Ne
411 230 510 285 quid
545 238 678 271 tamen
725 231 996 284 dissimulem,
1037 234 1239 274 adversari
1273 233 1435 274 videtur
1460 239 1619 275 nostrae
1642 236 1769 278 inter-

325 288 541 342 pretationi
572 287 638 326 hic
667 287 793 327 locus.
851 289 977 327 Poeta
1006 291 1110 328 enim
1140 304 1222 329 uno
1246 289 1309 328 die
1335 290 1552 330 celebratos
1580 289 1768 333 Archilo-

327 342 393 381 chi
423 350 462 381 et
491 343 655 381 Homeri
695 343 845 383 natales
862 346 941 394 ait3
970 345 1079 397 quod
1108 360 1152 384 ex
1175 345 1386 399 hypothesi
1406 353 1543 386 nostra
1570 360 1652 385 non
1673 361 1767 400 pro-

327 398 446 436 cedit.
477 398 675 448 Inveniat,
705 401 774 452 qui
795 399 935 438 melius
956 401 1085 450 novit,
1107 402 1303 439 rationem
1331 402 1524 453 aptiorem
1541 402 1692 442 natales
1712 418 1771 443 ee-

329 453 512 492 lebrandi
526 455 702 492 virorum
713 484 722 500 7
739 469 911 508 quorum
928 455 1080 494 natales
1098 470 1228 510 neque
1245 457 1462 496 nativitatis
1473 471 1602 511 neque
1617 457 1771 499 funeris

330 511 416 547 noti
436 516 563 547 erant.
623 511 766 548 Mense
784 517 891 549 certe
922 511 1143 550 Novembri
1164 519 1203 551 et
1228 525 1274 550 ex
1301 525 1446 566 magna
1474 520 1589 566 parte
1614 527 1776 567 quoque

327 563 542 603 Decembri
569 563 815 617 alphabetica
849 565 964 617 haec,
993 573 1039 605 ut
1054 567 1109 606 ita
1137 566 1282 616 dicam,
1311 568 1497 608 convivia
1525 568 1776 608 celebraban-

327 626 418 668 tur,
449 633 551 673 quae
581 619 776 674 Agathias
816 617 866 660 τά
895 619 1001 675 ὑπὲρ
1033 624 1117 663 τῶν
1147 620 1362 676 ὄνομάτων
1390 620 1604 675 συμπόσια
1635 625 1774 678 appel-

328 674 413 724 lat,
461 676 608 738 insigni
642 675 730 716 loco
767 692 810 732 p.
839 679 927 730 140.
995 678 1069 720 llle
1119 680 1239 720 codex
1277 680 1460 720 editionis
1499 679 1778 719 Vulcanianae

329 730 555 786 Agatluae,
597 745 678 784 quo
715 741 834 786 utor,
876 750 958 776 non
1003 739 1155 791 integer
1196 736 1297 790 (sola
1338 737 1445 774 enim
1468 735 1620 774 Graeca
1651 738 1774 787 tenet)

334 788 578 846 adscriptam
611 801 634 833 a
681 795 812 834 nescio
856 807 937 846 quo
972 794 1061 832 viro
1100 793 1218 831 docto
1246 792 1357 831 velut
1390 790 1707 829 emendationem
1735 791 1777 830 in

330 851 512 905 margine
539 849 712 888 ostendit
741 846 980 899 οἰνωμάτων
1006 862 1080 901 pro
1109 842 1333 897 ὀνομάτων.
1389 845 1511 884 Cuius
1531 859 1575 884 ea
1596 847 1646 884 sit
1677 859 1776 885 con-

331 907 512 956 iectura,
541 905 804 955 Vulcaniine,
861 918 913 942 an
953 903 1076 950 alius,
1107 916 1189 942 non
1218 904 1340 950 novi3
1383 908 1502 939 notae
1533 900 1639 939 enim
1667 901 1774 939 Vnt-

334 963 439 1000 canii
468 961 519 1000 ad
558 974 700 998 manus
744 974 826 998 non
873 965 980 998 sunt.
1051 958 1310 998 casaubonus
1339 956 1499 1010 quidem
1528 956 1579 994 Τ.
1604 956 1636 994 1.
1673 956 1777 995 Hist.

334 1017 444 1070 Aug.
473 1031 514 1069 p.
539 1016 632 1068 ²75·
677 1016 832 1066 sestam
881 1013 1120 1052 vindemiale
1159 1011 1235 1064 τὴν
1279 1012 1363 1051 τῶν
1404 1005 1648 1060 οἰνωμάτων
1681 1005 1777 1062 {09-

335 1067 412 1122 ’τὴν
445 1070 636 1124 appellat,
666 1084 747 1123 quo
776 1071 860 1108 inre
899 1075 938 1107 et
965 1083 1045 1121 quo
1083 1075 1270 1117 auctore,
1297 1081 1378 1106 non
1407 1065 1598 1113 dixerim,
1646 1079 1780 1119 neque

335 1125 458 1165 huius
481 1133 539 1164 est
571 1125 647 1164 loci
687 1126 900 1178 inquirere.
956 1124 1151 1162 Concesso
1181 1125 1326 1172 etiam,
1371 1123 1425 1160 ita
1455 1134 1546 1159 eum
1573 1127 1679 1159 recte
1708 1135 1775 1173 ap-

335 1180 515 1235 pellasse,
546 1195 628 1219 non
655 1188 790 1219 tamen
816 1180 895 1218 huc
924 1179 974 1217 ad
1004 1179 1212 1232 Agathiam
1241 1177 1411 1231 quadrat
1430 1206 1440 1223 ‚
1471 1189 1602 1228 neque
1629 1176 1680 1214 de
1697 1177 1780 1214 vin-

336 1235 576 1275 demialibus
605 1235 732 1288 epulis
770 1235 935 1288 cogitari
963 1233 1028 1272 hic
1057 1234 1174 1272 debet
1192 1263 1202 1280 ‚
1241 1233 1309 1272 sed
1336 1239 1442 1271 recte
1466 1230 1589 1270 habet
1616 1232 1778 1284 scriptio

338 1286 390 1331 τὰ
419 1288 524 1343 ὑπὲρ
555 1290 640 1329 τῶν
668 1287 883 1340 ὀνομάτων
910 1283 1123 1339 συμπόσια
1139 1319 1150 1339 ,
1183 1295 1222 1326 et
1238 1289 1431 1341 significat
1457 1285 1595 1338 epulas
1620 1287 1780 1325 institu-

340 1353 401 1385 tas
427 1346 480 1384 ob
526 1345 676 1384 litteras
714 1344 885 1384 initiales
928 1344 1135 1383 nominum
1175 1343 1316 1382 litteris
1355 1343 1511 1381 dierum
1538 1340 1783 1380 brumalium

339 1401 640 1454 respondentes.
697 1402 784 1454 Ipse
813 1400 924 1439 locus
966 1400 1226 1448 demonstrat,
1268 1412 1347 1437 non
1378 1398 1428 1436 de
1458 1396 1779 1443 vindemialibus,

342 1471 446 1510 quae
477 1455 699 1509 Septembri
730 1470 865 1495 mense
894 1454 1214 1503 celebrabantur,
1243 1454 1311 1492 sed
1339 1453 1389 1492 de
1417 1450 1494 1490 alia
1520 1451 1691 1505 quadam
1719 1451 1785 1490 hi-

340 1511 499 1551 laritate
527 1525 749 1550 sermonem
780 1525 879 1562 esse,
918 1524 1020 1562 quae
1049 1511 1089 1548 in
1118 1511 1249 1562 ipsum
1280 1510 1374 1547 anni
1402 1508 1550 1546 exitum
1579 1507 1785 1546 incideret.

343 1567 418 1607 Ait
446 1568 554 1605 enim
589 1567 722 1621 epulas
750 1567 798 1606 ob
841 1567 1004 1605 nomina
1051 1564 1268 1604 celebratas
1308 1564 1425 1603 fuisse
1461 1562 1532 1601 illo
1571 1569 1751 1615 tempore
1771 1589 1784 1613 ,

343 1637 470 1676 quum
494 1623 677 1660 immanis
705 1621 771 1660 ille
791 1629 922 1661 terrae
939 1628 1088 1671 motus,
1119 1619 1321 1673 quiCPlin
1337 1631 1442 1657 anno
1458 1619 1667 1656 Iustiniani
1697 1618 1786 1667 31.,

345 1678 495 1716 Christi
526 1678 619 1732 557.
647 1678 788 1716 misere
815 1675 971 1726 afflixit,
996 1677 1213 1729 ingrueret.
1274 1674 1449 1726 Contigit
1474 1674 1597 1711 tristis
1625 1672 1692 1710 ille
1719 1685 1786 1711 ca-

346 1747 414 1772 sus
453 1733 517 1772 die
556 1733 668 1771 XIV.
696 1732 956 1781 Decembris,
985 1738 1085 1770 teste
1125 1729 1372 1783 Theophane
1408 1743 1450 1782 p.
1475 1726 1565 1781 196.
1595 1726 1648 1765 A.
1679 1727 1789 1781 Ergo

347 1789 533 1827 convivia
561 1789 607 1827 ob
636 1789 799 1827 nomina
842 1786 1041 1826 celebrata
1078 1786 1238 1824 fuerunt
1266 1798 1399 1823 mense
1427 1781 1654 1821 Decembri.
1685 1782 1790 1820 Ver-

347 1843 404 1883 ba
431 1843 628 1896 Agathiae
655 1845 739 1896 ipsa
767 1850 925 1896 tempus
952 1843 1045 1880 satis
1077 1847 1259 1880 accurate
1287 1840 1520 1893 designant:
1555 1835 1675 1889 ἡνίκα
1706 1833 1787 1888 γὰρ

349 1897 510 1938 ἐκείνου
539 1898 614 1937 τοῦ
643 1894 759 1944 ἔτους
797 1896 822 1950 ἦ
851 1896 925 1938 τοῦ
964 1893 1236 1950 φθινοπώρου
1275 1891 1418 1947 ἔληγεν
1458 1888 1548 1945 ὥρα
1571 1922 1582 1940 ‚
1613 1892 1795 1931 autumni

351 1954 543 1993 desineret
575 1963 792 2008 tempestas,
824 1953 947 2006 (atqui
988 1965 1121 1990 mense
1149 1950 1371 2002 Septembri
1419 1963 1499 1988 non
1526 1947 1695 1998 desinit,
1723 1946 1793 1986 sed

352 2009 523 2063 incipit‚)
571 2005 633 2048 ἔτι
662 2007 706 2048 δὲ
738 2006 787 2046 τὰ
834 2003 936 2060 ὑπὲρ
980 2007 1060 2045 τῶν
1097 2003 1305 2055 ὀνομάτων
1347 2000 1563 2055 συμπόσια
1601 2002 1792 2055 ἐτελεῖτο,

353 2058 460 2119 ᾗπερ
491 2068 577 2117 τοῖς
599 2060 821 2113 Ῥωμαίοις
858 2057 1120 2111 νενόμισται,
1152 2059 1275 2111 κρύος
1302 2060 1382 2111 μὲν
1408 2053 1488 2112 ἤδη
1517 2052 1719 2110 ὖπιῖρχεν,
1749 2053 1796 2096 ὅ-

355 2122 474 2158 ποῖον
505 2119 613 2157 εἰναι
653 2115 761 2164 εικὸς
786 2118 861 2157 τοῦ
907 2113 1027 2169 ἡλίου
1068 2114 1139 2154 ἐπὶ
1165 2112 1240 2162 τὰς
1267 2111 1425 2167 τροπάς
1453 2109 1695 2157 ἐλαύνοντος
1722 2106 1796 2158 τὰς

357 2170 600 2225 χειμερινὰς
638 2172 870 2227 [solstitium
910 2171 1124 2210 hibernum
1170 2171 1211 2208 in
1241 2170 1346 2209 diem
1373 2167 1606 2211 Decembris
1635 2180 1701 2205 21.
1726 2171 1797 2205 aut

359 2242 427 2268 22.
457 2227 629 2281 incidit]
653 2226 724 2266 καί
753 2225 856 2279 πρὸς
884 2223 956 2265 τὸν
990 2224 1242 2277 αἰγοκέρωτα
1266 2225 1495 2279 φερομένου
1517 2223 1618 2278 [ipso
1639 2220 1798 2274 solstitii

357 2283 520 2322 hiberni
561 2283 623 2320 die
652 2282 710 2321 sol
735 2283 776 2321 in
811 2283 1094 2336 Capricornum
1121 2280 1259 2337 intrat]
1300 2305 1351 2312 --
1379 2276 1473 2320 τότε
1501 2275 1552 2330 δὴ
1583 2274 1696 2329 α’μφί
1720 2275 1798 2326 μέ-

359 2352 436 2390 σην
463 2335 537 2389 τὴν
563 2333 690 2376 νύκτα
729 2335 890 2376 ἐνέπεσε
928 2333 972 2376 τὸ
1004 2332 1164 2387 ὁέινόν,
1203 2333 1276 2375 καί
1304 2331 1467 2374 ἅπαντα
1488 2327 1620 2378 εὖθύς
1648 2330 1693 2369 ἐκ
1719 2329 1801 2370 τῶν

361 2392 535 2445 βάθρων
564 2389 704 2431 αὐτῶν
731 2391 924 2434 ἐδονεῖτο.
981 2391 1040 2431 Ex
1069 2391 1146 2431 hoc
1164 2394 1300 2444 itaque
1328 2391 1415 2430 loco
1443 2395 1575 2442 patet,
1602 2383 1801 2425 brumalia

363 2450 472 2498 (nam
516 2447 566 2485 de
611 2446 714 2497 illis,
762 2461 891 2500 neque
934 2446 1055 2496 aliis,
1097 2446 1249 2486 bilai-iis
1282 2445 1474 2499 Agathias
1519 2442 1708 2494 loquitur)
1737 2439 1803 2479 die

363 2502 482 2541 XIV.
525 2502 758 2540 Decembris
787 2499 874 2552 ἔτι,
916 2503 1024 2555 quod
1059 2501 1300 2541 vocabulum
1345 2499 1520 2553 pondere
1558 2510 1638 2534 non
1665 2502 1798 2543 caret,

365 2557 492 2595 adhuc
520 2556 639 2595 fuisse
667 2557 877 2597 celebrata.
941 2558 1126 2598 Fuerunt
1155 2571 1247 2609 ergo
1286 2570 1365 2594 non
1395 2566 1503 2602 uno,
1535 2565 1613 2590 non
1644 2549 1803 2590 duobus

368 2618 480 2659 acta,
510 2612 578 2649 sed
620 2612 801 2663 pluribus
839 2614 1067 2653 continuata
1106 2611 1258 2651 diebus.
1321 2610 1460 2660 Neque
1499 2612 1650 2658 pugnat
1692 2604 1805 2643 locus

369 2665 568 2716 Agatliiae
598 2666 864 2719 Cletorologio
892 2675 1052 2722 nostrp,
1085 2666 1192 2719 quod
1218 2664 1242 2706 l.
1271 2679 1306 2703 c.
1333 2660 1527 2702 brumalia
1557 2662 1598 2698 in
1624 2667 1803 2698 ‘mensem

370 2717 642 2759 Novenibrem
666 2724 838 2775 reponit.
898 2725 1035 2774 Quum
1063 2722 1167 2761 enim
1195 2719 1343 2773 per2'5.
1374 2723 1443 2756 aut
1471 2714 1537 2769 24.
1567 2715 1650 2755 dies
1677 2714 1806 2755 couti-
