1884 3132
231 142 306 184 ΑΒ
336 141 631 185 CONSTANT.
655 141 852 184 Pom’n.
890 144 962 184 DE
987 142 1166 185 cmm.
1203 144 1301 185 Lm.
1330 145 1383 183 11.
1467 125 1582 181 605

153 243 324 296 v'erbinn
352 266 448 307 ξιτψ,
476 254 584 310 quod
620 255 782 309 proprie
820 262 879 295 est
914 251 1064 310 ὅρμᾷν,
1092 269 1228 306 ruere,
1260 251 1357 305 ᾧ)
1386 255 1589 298 Arahibus

154 317 196 350 et
243 312 402 351 desilire
428 318 468 350 et
501 311 676 349 desidere
720 310 897 350 notabat.
953 310 1057 349 Hinc
1086 318 1179 350 nota
1212 310 1281 350 illa
1312 315 1590 364 grammatico-

154 380 244 404 rum
266 365 411 405 sabella
447 365 552 418 apud
579 365 800 403 Pocokium
838 365 1009 418 Specim.
1046 366 1153 405 Hist.
1191 365 1319 404 Arab.
1356 367 1506 419 p.151.
1537 368 1589 407 de

152 420 290 460 Arabe
325 420 499 474 quodam
529 421 762 473 provinciae
798 421 931 459 nescio
955 421 1067 459 cuius
1085 451 1096 468 ,
1134 421 1319 459 veniente
1363 421 1416 460 ad
1454 436 1588 475 regem

151 483 480 525 Homeiritarum.
565 486 696 534 Quem
736 499 828 524 cum
860 499 927 524 rex
956 485 1080 524 verbo
1117 481 1194 532 -ρί-’ἰ
1222 500 1293 524 sua
1329 487 1587 528 Homeiritica

150 539 320 580 dialecto
342 539 725 589 considerejuberet,
754 539 875 578 homo
890 540 1087 592 accipiens
1103 539 1273 579 verbum
1301 541 1468 580 dialecto
1492 556 1587 582 suae

74 611 87 638 ·.
148 595 379 647 provinciae
393 624 405 646 ,
435 594 690 634 desiliebatin
710 595 984 647 praecipitium
1002 601 1041 634 et
1061 596 1233 634 cervices
1256 595 1330 634 sihi
1357 597 1583 650 rumpebat.

148 649 195 687 In
222 649 357 689 multis
386 662 545 704 quoque
571 649 707 687 Nostri
738 648 835 688 locis
860 650 981 702 possit
1005 646 1226 688 κελεύσατε
1255 650 1367 689 reddi
1393 653 1585 691 celeusma

147 703 249 742 edite
267 718 336 743 seu
357 705 619 753 conclamate,
659 710 705 741 ut
725 718 765 756 p.
795 705 882 743 153.
906 705 959 743 D.
988 720 1051 758 7.,
1084 705 1155 742 ubi
1178 718 1360 757 proceres
1391 706 1584 747 admoniti

146 757 320 798 formula
348 755 569 797 κελεύσατε
596 758 786 796 dicuntur
815 756 1070 809 ἐπεύχεσθαι
1091 758 1150 804 εἰς
1177 755 1356 806 πολλούς
1382 757 1454 799 καί
1480 759 1584 812 α’γα-

145 808 252 860 θούς
274 808 452 865 χρόνους
478 809 551 851 καί
575 810 836 864 ἐξέρχεσθαι.
894 814 947 852 Et
974 814 1200 866 saepissime
1221 813 1327 866 legas
1362 814 1496 854 hocin
1532 816 1583 865 li÷

143 866 220 906 bro
249 875 403 907 secutas
427 867 641 920 praepositi
674 867 887 907 formulam
920 867 1136 908 κελεύσατε
1174 867 1477 909 acclamationes
1507 885 1582 923 pa-

143 927 254 960 trum
288 924 631 975 conscriptorum,
671 929 717 960 ut
750 924 998 976 praepositus
1043 937 1183 962 eorum
1214 922 1407 967 ccleusta,
1454 926 1586 978 porti-³

142 976 291 1028 sculus,
307 985 346 1016 et
369 977 467 1016 haec
493 976 663 1016 formula
694 979 872 1030 ipsorum
902 977 1099 1017 celeusma
1116 1008 1127 1022 ,
1153 977 1350 1027 hortatio,
1383 979 1501 1019 fuisse
1519 982 1580 1018 vi-

140 1030 293 1072 deatur.
349 1031 408 1070 Ut
441 1032 602 1071 redeam
639 1031 691 1071 ad
724 1039 905 1071 nostrum
934 1031 1165 1082 κελεύσατε,
1192 1033 1332 1071 videor
1360 1033 1459 1073 mihi
1500 1036 1578 1074 iam

140 1085 249 1138 apud
283 1086 518 1140 Euripidem
558 1085 663 1126 hanc
705 1087 817 1126 verbi
857 1083 1036 1126 κελεύειν
1081 1088 1430 1139 significationem,
1475 1090 1580 1128 velle

138 1147 266 1193 puta,
291 1141 535 1182 observasse.
603 1142 668 1180 Sic
693 1142 844 1195 accipio
867 1156 908 1180 v.
932 1141 1024 1183 881.
1079 1142 1201 1181 Rhesi
1234 1150 1273 1181 et
1302 1157 1343 1182 v.
1364 1145 1462 1197 491.
1494 1145 1577 1184 He-
1618 1166 1624 1171 ·

140 1194 396 1235 raclidarum.
462 1195 644 1235 Tandem
680 1196 757 1235 hoc
798 1197 1070 1244 monendum,
1106 1197 1244 1236 deesse
1274 1197 1340 1237 hic
1374 1198 1451 1237 loci
1486 1207 1576 1251 post

138 1247 363 1288 κελεύσατε
406 1250 505 1290 haec
531 1251 612 1289 duo
634 1250 708 1289 καί
736 1250 994 1302 εἰσέρχονται
1011 1281 1023 1301 ,
1052 1266 1155 1304 quae
1182 1253 1222 1290 in
1251 1253 1402 1292 Latinis
1417 1254 1578 1307 supple-

139 1304 196 1342 vi.
262 1304 448 1344 Lacunae
482 1313 614 1344 tamen
672 1307 883 1360 vestigium
919 1307 961 1344 in
1015 1306 1259 1345 membranis
1310 1307 1467 1347 nullum
1504 1323 1577 1363 ap-

140 1356 320 1410 parebat.

245 1412 294 1452 B.
317 1411 358 1463 4.
386 1413 498 1467 [523‚
524 1413 604 1466 15.]
635 1409 882 1464 ταγηνὰριον
920 1413 1062 1465 βῆλον.
1120 1414 1219 1454 Vela
1235 1417 1436 1469 tagenaria
1462 1424 1573 1467 sunt,

137 1466 282 1519 quibus
314 1468 448 1506 intexti
471 1475 685 1521 attagenes.
742 1467 931 1506 Solebant
956 1470 1061 1506 enim
1082 1469 1229 1508 aulaeis
1263 1472 1396 1509 variae
1425 1471 1576 1524 figurae

136 1520 369 1571 hominum,
402 1523 602 1569 ferarum,
651 1523 812 1567 avium,
845 1524 1050 1575 regionum
1090 1523 1340 1577 aliorumque
1376 1525 1495 1564 intexi
1534 1533 1575 1565 et

134 1575 187 1614 ab
215 1577 372 1615 intextis
402 1577 604 1630 appellari.
662 1576 726 1614 Sic
757 1578 922 1622 ταῶνας
946 1576 1200 1629 appellabant
1229 1593 1382 1631 pannos
1406 1582 1574 1620 intextos

133 1630 357 1682 pavonibus
378 1661 390 1681 ,
432 1629 578 1678 ἀετούς
598 1661 608 1677 ,
660 1631 801 1683 aquilis
822 1660 832 1678 ‚
873 1629 1052 1683 βὸφους,
1086 1632 1240 1678 bobus,
1266 1634 1570 1684 λευκολέοντας,

133 1684 315 1724 leonibus
355 1688 396 1724 in
434 1686 602 1724 candido
638 1685 789 1734 fundo,
831 1692 871 1724 et
916 1686 971 1724 sic
1010 1700 1145 1738 porro.
1215 1688 1346 1727 Scatet
1390 1697 1573 1730 nostrum

133 1739 411 1779 ceremoniale
443 1740 591 1779 talibus
616 1739 818 1792 exemplis.
877 1740 939 1778 De
974 1742 1150 1780 vestibus
1178 1756 1269 1781 cum
1300 1743 1456 1783 intextis
1484 1746 1572 1783 ani-

132 1793 296 1832 malium
331 1795 466 1847 figuris
512 1809 552 1834 v.
589 1794 720 1832 Vales.
765 1795 817 1833 ad
851 1794 1056 1834 Ammian.
1093 1798 1220 1835 Marc.
1262 1812 1303 1850 p.
1344 1797 1410 1837 26.
1436 1798 1489 1837 A.
1528 1807 1569 1839 et

131 1848 298 1887 Salmas.
322 1850 373 1887 ad
406 1850 510 1888 Hist.
550 1849 657 1902 Aug.
677 1849 725 1888 T.
746 1850 800 1888 ΙΙ.
831 1863 869 1901 p.
889 1851 995 1898 3oo.‚
1052 1850 1119 1888 ubi
1167 1850 1266 1890 tales
1292 1859 1444 1903 vestes,
1487 1861 1571 1898 tam

131 1903 384 1952 animalibus,
405 1918 524 1957 quam
544 1904 630 1943 aliis
647 1904 786 1956 pictas,
816 1902 1028 1952 ζωὸιωτὰς
1056 1913 1095 1943 et
1124 1907 1330 1957 sigillatas,
1352 1913 1398 1946 ut
1417 1907 1568 1960 sigillis,

131 1956 208 1995 hoc
233 1965 292 1996 est
318 1959 576 2011 imaginibus,
605 1959 831 2008 decoratas,
857 1960 913 1997 ait
948 1959 1066 1998 fuisse
1109 1960 1232 2000 dictas
1268 1968 1307 1999 et
1344 1975 1389 1999 ex
1416 1964 1569 2002 oriente

129 2011 298 2050 venisse.
351 2013 422 2051 De·
446 2014 560 2066 pictis
594 2014 807 2052 Persarum
836 2013 983 2052 aulaeis
1007 2028 1070 2053 res
1100 2022 1196 2053 nota
1226 2022 1298 2054 est.
1351 2016 1414 2054 De
1440 2017 1567 2070 peplis

130 2079 222 2103 cum
269 2067 423 2106 intextis
452 2069 586 2121 figuris
625 2075 819 2106 memorat
850 2068 929 2106 iam
966 2069 1179 2121 Euripides
1218 2070 1338 2119 Ione,
1367 2085 1408 2108 v.
1452 2071 1566 2123 1146.

128 2135 214 2173 sqq.
268 2122 463 2161 Dicebant
486 2137 644 2175 quoque
682 2124 903 2162 historiatas
917 2153 928 2171 ,
960 2123 1036 2162 hoc
1064 2131 1122 2162 est
1147 2123 1322 2163 historiis
1357 2139 1426 2164 seu
1466 2126 1568 2166 ima-

127 2176 285 2228 ginibus
310 2177 527 2215 distinctas.
558 2178 716 2225 Petrus,
738 2191 803 2215 rex
821 2177 1091 2230 Arragoniae,
1111 2180 1152 2216 in
1178 2179 1378 2218 Chronico
1404 2180 1478 2218 111.
1505 2181 1568 2221 16.

130 2230 256 2282 (apud
286 2231 351 2268 Du
381 2231 575 2284 Cangium
614 2246 652 2270 v.
681 2232 958 2282 Dalmatiam:
983 2247 1062 2270 ιιηα
1103 2232 1335 2272 Dalmatica
1376 2234 1426 2272 de
1460 2235 1536 2274 dra

125 2286 292 2324 ver-mel!
324 2287 500 2324 histor-iat
533 2287 583 2324 ab
604 2287 712 2324 obt-es
758 2286 808 2324 de
835 2301 911 2325 am·
935 2295 975 2325 et
999 2287 1050 2325 ab
1067 2288 1266 2340 stellatges
1279 2318 1290 2335 ,
1325 2288 1366 2326 id
1394 2295 1452 2327 est
1479 2251 1566 2329 daig

125 2343 268 2378 matica
299 2341 420 2391 panni
460 2342 664 2389 coccinei,
693 2341 801 2391 picta
833 2355 907 2379 acu
936 2355 1056 2380 aurea
1091 2349 1131 2380 et
1159 2342 1328 2382 mustela
1355 2343 1421 2382 vel
1448 2344 1563 2395 pelli-

125 2394 198 2432 tio.
272 2395 375 2433 Vela
401 2395 619 2433 columbina
648 2395 770 2434 habet
814 2395 921 2434 idem
965 2396 1032 2434 Du
1058 2395 1191 2449 Cange
1218 2411 1258 2440 v.
1286 2396 1560 2452 Amphibalus.

127 2447 180 2486 V.
212 2449 263 2487 ad
290 2464 331 2501 p.
358 2463 406 2503 27
418 2463 447 2488 1.
477 2449 582 2487 dicta
616 2449 665 2487 de
709 2449 884 2489 vestibus
912 2464 1004 2488 eum
1037 2452 1196 2490 intextis
1223 2453 1370 2491 muscis
1396 2452 1564 2506 aliisque

126 2501 376 2555 imaginibus.
438 2504 655 2558 Capellam,
684 2503 760 2542 hoc
787 2511 847 2541 est
884 2518 1050 2556 parvam
1078 2519 1235 2558 capam,
1263 2507 1396 2546 albam
1422 2522 1446 2546 ο
1473 2522 1562 2547 era-

127 2564 205 2594 tam
229 2558 278 2595 de
306 2558 497 2597 brodaria
519 2573 604 2596 cum
621 2558 862 2612 papagaldis
887 2572 956 2596 seu
985 2561 1255 2613 papagonibus
1284 2563 1411 2600 ant-eis
1465 2562 1558 2603 abet

128 2608 194 2647 Du
221 2611 353 2664 Gange
380 2627 420 2652 v.
473 2614 675 2666 Papagen.
735 2612 990 2652 Abutebatur
1017 2614 1094 2653 hoc
1118 2629 1230 2654 more
1258 2615 1491 2656 ambitiosus
1519 2625 1560 2657 et

128 2662 293 2703 callidus
333 2667 499 2706 Latinus
542 2667 670 2706 clerus
716 2667 766 2705 ad
812 2667 1083 2707 insultandum
1123 2673 1296 2710 summis
1333 2671 1559 2726 quibusque

130 2719 374 2772 principibus
392 2751 404 2774 ,
447 2722 592 2775 quibus
619 2736 691 2776 pro
720 2721 880 2762 illorum
908 2729 1132 2777 temporum
1162 2732 1324 2780 stupore
1354 2741 1559 2781 persuase-
