1884 3132
218 151 294 195 AD
333 151 631 195 CONSTANT.
671 151 868 194 ponpa.
908 152 980 192 DE
1018 149 1202 192 cmm„
1243 150 1341 191 Lm.
1380 150 1414 189 1.
1473 127 1588 205 457

141 257 198 310 βη
244 248 339 296 aima*
382 264 442 297 est
477 257 585 312 apud
613 256 868 296 Athenaeum
891 271 933 310 p.
965 255 1045 295 58..
1071 255 1126 295 A.
1178 254 1267 293 Vox
1291 250 1493 305 χιλιόμβη
1522 267 1594 292 ra-

141 313 226 351 rior
253 319 379 352 exstat
396 313 437 352 in
456 312 768 365 martyrologio:
798 309 1024 363 χιλιόμβας
1050 309 1095 358 ἐξ
1120 303 1298 349 ἑκάστου
1326 305 1587 359 >agrove-‘Jud-

141 380 265 416 μενος
292 365 422 422 αὐτῷ.
474 367 634 406 Iambus
672 367 860 406 carminis
889 380 1013 420 genus
1042 373 1101 404 est
1130 366 1291 418 proprie
1318 361 1475 413 Ἰάμεος
1520 362 1590 403 vel'

137 417 334 473 Ἵάμειος,
357 435 504 476 nempe
529 422 670 473 στίχος
707 421 773 461 vel
802 417 945 472 λόγος,
976 421 1027 459 ab
1054 420 1197 466 Iamo,
1232 420 1295 471 (de
1318 433 1400 471 quo
1427 433 1470 458 v.
1492 418 1590 457 Ari-

141 477 237 515 stid.
263 477 314 515 T.
343 478 379 516 Ι.
399 492 440 530 p.
465 480 534 531 47.
565 477 670 527 fine‚)
704 479 773 530 qui
803 483 872 515 aut
897 478 1050 529 primus
1079 476 1247 523 invenit,
1279 481 1348 512 aut
1373 474 1477 512 inter
1502 475 1589 527 pri-

142 545 230 571 mos
256 545 306 571 eo
346 533 592 586 frequentius
619 546 713 571 usus
758 532 833 570 fuit
874 532 916 569 in
944 530 1158 569 reddendis
1186 528 1382 579 oraculis3
1413 528 1593 579 σᾴιβλον

139 600 216 639 pro
244 584 441 638 σιμελών,
469 586 595 638 locus,
620 587 691 626 ubi
721 583 765 625 αἱ
793 586 927 637 σι’μαι,
955 601 1062 640 apag
1082 585 1247 638 degunt,
1275 581 1463 636 γάμβρος
1482 584 1589 624 idem

143 649 204 680 est
228 641 340 696 quod
366 637 574 694 γάμερος,
615 641 803 695 nuptialis
820 672 832 692 ,
879 640 1191 693 μελλόντμφος.
1250 640 1402 678 Notum
1429 652 1593 692 μεσημ-

137 695 241 747 βρία
289 703 328 735 et
361 694 647 749 μεμβλημένος
675 711 749 750 pro
788 695 1022 748 μεσημεριά
1077 702 1116 734 et
1171 692 1465 746 μεμελημένος.
1548 694 1588 734 Α

141 751 252 790 lama
275 751 340 790 *fit
379 752 527 799 lumea,
575 753 758 798 lamena,
804 752 994 801 lamella,
1035 750 1085 789 de
1130 750 1276 803 quibus
1304 748 1388 787 vid.
1417 749 1465 787 ad
1496 764 1589 803 pag.

140 804 237 857 416.
258 804 315 845 Α.
351 820 413 846 10.
460 807 644 846 dicenda.
728 808 815 846 Pro
856 807 986 844 lumea
1013 807 1213 859 reperitur
1251 818 1411 858 quoque
1453 805 1588 844 lamba

138 867 181 900 et
205 861 365 901 cambra
401 875 476 915 pro
515 876 687 902 camera.
730 862 826 901 Vid.
850 863 918 900 Du
957 862 1093 914 Cange
1130 860 1174 899 h.
1215 874 1256 899 v.
1333 859 1433 898 Nota
1472 859 1591 912 palus.

137 916 240 955 Pom
269 918 369 967 tina,
397 918 558 970 proprie
585 916 806 956 Pometina.
838 917 1090 966 Οαίαειιηιῖια,
1111 916 1274 970 proprie
1289 914 1594 965 κατακοιμαία,

68 971 71 972 ’
139 985 220 1024 quo
273 979 426 1011 veteres
454 979 499 1011 ut
529 971 768 1024 κατακυμὲα
797 971 1129 1026 pronuntiabant.
1196 970 1302 1011 Nolo
1328 969 1482 1023 reliqua
1509 969 1588 1009 hu-

138 1026 201 1065 ius
228 1028 383 1080 generis
411 1029 611 1081 persequi.

222 1081 316 1121 252.
346 1082 398 1122 C.
426 1097 487 1124 ιι.
522 1081 745 1137 [455,14.]
780 1082 991 1136 Τορνίκης.
1051 1081 1099 1121 Id
1129 1088 1189 1120 est
1222 1080 1448 1132 Τορνίκιος.
1480 1081 1589 1120 Gens

137 1135 418 1176 Tomiciomm
444 1137 563 1177 valde
589 1137 756 1178 celebris
809 1141 851 1176 in
900 1138 1066 1176 historia
1102 1138 1336 1189 Byzantina.
1367 1135 1465 1174 Vid.
1503 1135 1587 1175 Leo

139 1191 361 1232 Grammat.
388 1207 428 1246 p.
459 1194 553 1248 509.
583 1194 636 1231 D.
664 1193 758 1242 ult.‚
793 1193 964 1232 Cedren.
995 1208 1038 1247 p.
1068 1191 1164 1243 634.
1197 1191 1242 1230 C.
1270 1205 1336 1245 9.‚
1366 1190 1437 1229 ubi
1466 1190 1591 1231 huius

137 1246 260 1300 ipsius
288 1248 440 1287 Nicolai
469 1249 515 1287 fit
542 1249 706 1296 mentio,
749 1250 817 1287 Du
846 1249 980 1301 Gange
1005 1248 1057 1286 ad
1087 1247 1268 1286 Alexiad.
1300 1261 1340 1299 p.
1373 1260 1469 1300 229.

247 1302 303 1340 D.
332 1302 375 1341 6.
406 1302 523 1354 [455,
561 1302 645 1357 ι9.]
682 1299 964 1350 α’ναστάσεως.
1023 1303 1367 1342 Commentariun]
1394 1301 1445 1340 ad
1474 1301 1584 1341 hunc

138 1354 274 1395 locum
298 1365 501 1410 praestent
538 1358 663 1398 verba
691 1358 868 1411 Philippi
910 1357 1055 1397 Vitalis
1084 1359 1139 1395 V.
1184 1358 1239 1395 D.
1273 1357 1587 1395 Hieromonachi

139 1410 181 1449 S.
210 1411 344 1450 Basilii
372 1413 428 1450 Μ.
455 1412 505 1451 de
532 1413 676 1462 Urbe,
704 1427 749 1453 ex
787 1411 954 1465 epistola
983 1413 1034 1452 ad
1064 1412 1278 1465 Iosephum
1306 1411 1588 1452 Blanchinium

139 1465 234 1506 data
251 1495 263 1516 ‚
290 1480 394 1519 quae
420 1467 594 1506 habetur
622 1469 662 1505 in
689 1467 970 1519 Evangeliario
997 1467 1248 1521 quadruplici
1276 1466 1327 1504 P.
1348 1467 1380 1504 Ι.
1395 1481 1437 1518 p.
1464 1466 1556 1519 529.
1572 1481 1585 1506 :

140 1520 376 1570 „Undecim
394 1522 597 1575 evangelia
614 1522 804 1561 heothina
820 1537 843 1560 a
862 1523 1024 1561 Graecis
1046 1524 1086 1561 in
1115 1519 1419 1560 dominicalibus
1445 1520 1587 1560 diebus

138 1576 344 1614 matutinis
374 1578 606 1616 recitantur.
666 1577 824 1627 Quibus
843 1578 1048 1629 completis
1078 1575 1140 1630 [id
1169 1582 1228 1615 est
1249 1607 1259 1623 ‚
1291 1589 1464 1628 quorum
1485 1576 1587 1615 orbe

138 1630 261 1670 semel
288 1630 508 1686 absolut0‚]
538 1634 684 1671 iterum
713 1646 736 1670 a
766 1633 961 1685 principio
987 1633 1198 1684 incipiunt.
1255 1632 1458 1669 Dicuntur
1487 1645 1584 1670 ana—

139 1686 322 1734 stasima,
353 1689 448 1739 quia
481 1687 532 1726 ad
560 1688 891 1726 resurrectionem
930 1688 984 1725 D.
1015 1687 1069 1725 N.
1100 1687 1135 1724 Ι.
1167 1686 1213 1724 C.
1246 1693 1438 1738 spectant.
1469 1687 1586 1736 Qua-

138 1739 237 1780 libet
287 1743 395 1780 enim
435 1743 635 1781 dominica
666 1742 711 1781 fit
750 1742 926 1782 officium
962 1741 1270 1793 resurrectionis*
1304 1755 1328 1780 a
1355 1741 1398 1779 S.
1432 1741 1585 1781 Ioanne

137 1795 386 1836 Damasceno
427 1799 689 1851 compositum
737 1805 777 1836 et
818 1799 858 1835 in
886 1804 976 1835 octo
1021 1803 1138 1836 tonos
1167 1795 1441 1835 distributum.
1498 1797 1583 1836 De-

138 1853 398 1890 nominantur
417 1853 622 1902 heothina,
654 1853 748 1906 quia
768 1851 1000 1894 matutina.”
1359 1886 1366 1891 .

218 1906 312 1945 253.
339 1907 385 1945 Β.
417 1909 454 1949 3.
483 1907 600 1963 [436⁹
641 1906 724 1961 ιδ]
755 1907 1006 1959 εἰρηιέὗσαι.
1083 1904 1436 1959 Αᾱρῖαεαηᾱιαη,
1477 1907 1585 1960 sopi-

136 1960 277 2000 endum
288 1963 496 2016 populum.
518 1962 636 2002 Valet
657 1962 724 2001 hic
735 1963 840 2001 idem
858 1969 977 2015 atque
994 1959 1318 2013 εἶρηνοποιῆσαι,
1340 1962 1583 2013 καταπραῧ-

137 2028 232 2062 ναι,
271 2016 556 2065 μειλίξασθαι.
638 2019 819 2057 Pertinet
859 2019 994 2069 itaque
1035 2016 1086 2054 ad
1114 2015 1319 2054 sordidam
1366 2023 1405 2054 et
1434 2030 1582 2056 novam

139 2071 429 2121 Graecitatem,
467 2087 548 2126 quo
590 2073 716 2112 multa
758 2073 877 2111 huius
906 2071 1014 2110 libri.
1074 2071 1136 2109 Eo
1167 2085 1286 2109 sensu
1313 2084 1472 2123 quoque
1502 2070 1578 2109 ha-

137 2123 207 2164 bet
234 2125 465 2193 Xiphilinus
498 2143 542 2181 p.
579 2142 694 2182 ¹²97·
725 2141 790 2181 7⁰·
815 2142 826 2166 ε
871 2125 1040 2166 ἐκάλεσε
1066 2124 1145 2175 μὲν
1173 2127 1352 2178 φιλικοῖς
1382 2120 1582 2176 γράμμα-

138 2193 235 2229 σιν,
266 2194 325 2226 ως
352 2177 404 2232 δὴ
434 2180 685 2234 εἰρηνεύσων
717 2178 869 2227 αὐτοὺς
887 2212 897 2227 ‚
939 2182 998 2219 acl
1018 2195 1058 2219 se
1079 2181 1203 2218 amice
1227 2194 1305 2233 per
1331 2181 1479 2218 litteras
1506 2194 1581 2219 vo·-

136 2237 264 2283 cavie,
310 2236 418 2274 velut
446 2237 548 2275 inter
566 2251 630 2275 eos
652 2251 796 2292 pacem
815 2238 1016 2287 facturus.
1075 2235 1195 2273 Bonis
1223 2242 1262 2273 et
1288 2234 1424 2287 probis
1453 2235 1580 2274 Grae-

138 2290 193 2328 cis
236 2289 333 2328 alias
376 2297 436 2328 est
480 2288 705 2343 εἰρηνεύειν
747 2306 888 2345 pacem
922 2306 1062 2343 ager-e,
1107 2303 1316 2342 nunquam
1351 2290 1578 2329 conciliat-e.

138 2344 270 2383 Huius
298 2347 453 2398 generis
481 2346 667 2398 exemplis
695 2346 874 2386 abundat
893 2360 1021 2385 novus
1048 2345 1224 2383 Graecus
1251 2358 1397 2383 sermo.
1450 2338 1579 2396 Ἕνερ·

136 2403 224 2450 γεῖν
265 2408 325 2439 est
361 2400 457 2441 alias
496 2403 677 2455 operari,
707 2416 837 2454 agere.
909 2401 988 2439 Sed
1014 2400 1187 2453 Symeon
1215 2398 1580 2439 Thessalonicensis

136 2454 257 2506 (apud
283 2456 358 2501 Du,
380 2456 514 2508 Gange
546 2454 676 2495 Gloss.
710 2457 783 2494 Gr.
817 2471 858 2508 p.
892 2455 1007 2504 1234.
1037 2455 1162 2503 initio)
1194 2456 1403 2507 usurpavit
1430 2468 1503 2507 pro
1533 2456 1576 2494 in

136 2510 288 2548 actione
303 2539 315 2556 ‚
342 2508 407 2549 vel
429 2511 640 2561 fimccz'one
678 2511 905 2549 constituere
925 2540 937 2558 ‚
967 2510 1006 2547 in
1038 2516 1193 2547 motum
1215 2538 1227 2557 ‚
1257 2511 1454 2548 actionem
1480 2511 1575 2549 mit-

137 2567 248 2614 tere,
277 2572 318 2606 et
346 2566 402 2604 ita
428 2579 588 2618 quoque
628 2565 847 2618 Procopius
875 2564 1099 2603 Hoeschelii
1126 2579 1169 2617 p.
1197 2563 1264 2603 83.
1295 2578 1393 2603 21.:
1425 2559 1502 2610 τάς
1528 2577 1576 2606 τε

139 2615 372 2671 σφενδόνας
415 2617 488 2658 καί
512 2615 565 2658 τὰ
612 2615 713 2668 τόξα
742 2619 806 2658 ἐπ’
845 2615 1002 2664 αὐτούς
1032 2615 1242 2670 ἐνήργουν.
1302 2614 1574 2670 Βασιλεύειν,

138 2672 246 2722 quod
267 2686 341 2725 pro
370 2675 427 2712 rie
471 2682 530 2713 est
574 2689 736 2727 regnam
755 2704 766 2723 ‚
793 2673 1019 2726 Nicephoro
1046 2673 1157 2712 Patr.
1188 2673 1351 2712 CPtano
1381 2674 1500 2712 Brev.
1531 2688 1576 2727 p.

145 2737 233 2781 179.
270 2730 314 2766 εἴ
337 2689 615 2784 gentinuatggi
636 2724 906 2782 Theophanis
946 2743 987 2781 p.
1023 2742 1114 2782 ¹29·
1154 2735 1287 2782 antep.
1323 2728 1488 2782 aliisque
1514 2736 1575 2768 est
