1832 3126
273 155 382 222 104
538 172 612 213 10.
655 169 763 212 IAC.
803 170 1000 211 nmsxn
1039 169 1418 212 comimTARn

262 276 431 321 Boilavii
462 288 624 314 carmen
653 273 710 312 Le
740 272 886 312 Lutrin
914 272 1096 326 legerint.
1156 272 1360 312 Discimus
1379 272 1474 312 hin'c
1498 271 1617 313 bema
1635 271 1717 314 hoc

262 331 460 372 lectorum
477 360 489 381 ‚
524 331 594 378 (ita
633 330 739 367 enim
782 343 806 369 a
836 328 1034 382 Symeone
1076 327 1420 367 Thessalonicensi
1457 327 1714 382 appellatur‚)

263 388 386 428 fuisse
413 399 436 424 a
458 387 627 424 statione
646 384 775 437 plebis
796 391 866 422 aut
888 383 980 423 velo
1002 397 1194 436 suspenso
1207 413 1219 433 ,
1255 391 1324 422 aut
1345 384 1578 437 interposito
1597 398 1716 424 muro

263 441 324 481 ad
347 440 668 496 appodiationem
696 440 777 478 allo
806 447 1037 492 separatum
1053 468 1064 487 ‚
1096 438 1137 477 id
1165 446 1224 477 est
1250 437 1380 492 μέχρι
1409 439 1486 478 τοῦ
1513 437 1718 490 ἐπακουμ-

264 493 420 550 βίζειν,
470 502 516 534 ut
544 494 754 534 commode
782 495 872 548 quis
913 494 1135 550 appodiare
1164 508 1230 541 se,
1281 493 1358 532 hoc
1384 500 1443 533 est
1469 492 1612 533 fulcire
1641 509 1716 544 ea,

268 552 387 591 inniti
408 550 584 592 brachiis
621 557 767 604 posset.
808 550 861 590 V.
885 549 952 588 Du
973 550 1108 602 Gange
1126 563 1167 588 v.
1192 549 1379 588 Pedium.
1439 549 1570 588 Locus
1589 549 1721 588 Chro-

266 607 348 646 nici
381 607 608 646 casinensis
635 605 770 659 paullo
799 612 892 644 ante
918 606 1034 644 nobis
1062 604 1247 644 laudatus
1275 604 1340 643 hic
1369 611 1429 643 est
1456 605 1506 642 L.
1538 605 1614 643 ΙΙΙ.
1646 619 1715 659 29.

267 677 310 717 p.
338 661 453 716 447³
475 663 658 713 frontem
685 662 807 710 chori,
853 675 966 716 quem
982 661 1081 712 jere
1113 661 1155 698 in
1184 659 1312 699 medio
1344 659 1530 698 basilicae
1560 662 1720 710 statuit,

298 726 438 756 uatuor
458 718 610 769 magnis
631 730 872 755 marmorum
894 717 1035 754 tabulis
1054 717 1186 770 sepsit.
1222 715 1333 768 Ergo
1355 714 1534 754 clausum
1554 722 1638 754 erat
1656 729 1722 755 so-

269 733 355 812 qear
371 771 653 825 undecunque.
691 772 816 810 Notat
832 771 1010 825 Angelus
1035 771 1183 810 aNuce
1205 769 1256 809 ad
1280 769 1394 808 illum
1412 769 1564 821 locum,
1590 778 1724 810 aucto-

272 842 360 867 rem
391 828 443 867 ad
462 834 639 866 veterem
668 834 910 866 structuram
931 827 1144 879 respicere,
1163 840 1269 864 nunc
1289 827 1568 879 antiquatam.‘
1610 826 1725 866 quta

270 884 535 923 recentiorem
569 884 674 922 enim
707 882 1042 921 architectonicen
1071 881 1242 920 odaeum
1271 881 1370 920 strui
1398 887 1489 933 post
1515 881 1644 921 maius
1672 881 1725 921 al·

273 945 379 989 tare,
408 938 479 977 ubi
503 937 600 992 olim
618 938 738 976 fuerit
756 937 893 976 absida
925 952 995 977 seu
1015 937 1194 976 tribuna.
1254 936 1301 975 In
1321 933 1486 975 basilica
1502 935 1725 976 cathedrali

273 1001 410 1032 tamen
438 994 586 1034 Montis
619 992 777 1046 Regalis
798 995 840 1031 in
855 993 990 1032 Sicilia
1009 993 1182 1045 conspici
1205 991 1335 1030 adhuc
1355 992 1459 1030 inter
1479 989 1558 1030 alia
1574 992 1722 1032 veteris

274 1049 447 1092 instituti
465 1048 635 1088 odaeum
655 1063 725 1087 seu
754 1048 922 1087 chorum
945 1050 1109 1102 antiqua
1133 1047 1261 1087 forma
1290 1047 1373 1086 fere
1394 1048 1437 1085 in
1453 1046 1587 1086 medio
1607 1046 1728 1086 eccle·

278 1105 374 1142 siae.
406 1103 466 1142 Ut
486 1105 711 1157 Imperator
732 1104 944 1143 stationem
964 1106 1007 1142 in
1029 1103 1136 1143 solea
1152 1102 1335 1153 haberet,
1356 1103 1436 1140 iam
1453 1101 1505 1140 ab
1522 1101 1729 1142 Ambrosii

281 1167 321 1198 et
342 1159 562 1198 Theodosii
577 1161 635 1198 M.
657 1159 907 1211 temporibus
929 1159 1023 1198 inde
1034 1159 1224 1198 obtinuit.
1255 1158 1355 1197 Nam
1375 1171 1502 1210 quum
1524 1159 1634 1210 prius
1653 1157 1729 1196 Im-

279 1214 534 1267 peratoribus
563 1214 738 1253 licuisset
756 1217 798 1252 in
817 1214 1022 1253 tribunam
1039 1213 1208 1268 ingredi,
1241 1213 1491 1262 Ambrosius,
1522 1213 1730 1266 episcopus

281 1269 490 1318 militaris,
529 1269 754 1324 tyrannidis
782 1269 924 1308 avidus
942 1300 952 1318 ‚
1001 1284 1122 1323 quam
1151 1283 1277 1322 quum
1305 1268 1496 1308 invadere
1524 1267 1730 1322 politicam
1797 1267 1803 1274 “

279 1337 364 1365 non
393 1324 572 1376 valeret,
602 1324 906 1364 ecclesiasticam
936 1327 1090 1378 primus
1114 1325 1310 1372 instituit,
1341 1330 1502 1376 arrepto
1521 1330 1730 1378 praetextu

281 1378 552 1433 qualicunque
581 1379 744 1419 tandem
763 1409 774 1431 ‚
822 1380 1095 1420 Theodosium
1122 1379 1355 1419 excludebat
1382 1380 1546 1418 sacrarii
1573 1377 1731 1419 cancel-

282 1434 357 1482 lis,
399 1442 439 1474 ct
477 1429 602 1476 τόπον
633 1429 740 1474 εἶναι
771 1435 848 1474 τοῦ
879 1435 1085 1487 βασιλέως
1112 1433 1156 1474 ἐν
1183 1435 1236 1488 τῇ
1263 1432 1457 1490 ἐκκλησίᾳ
1484 1432 1634 1485 τέταχε
1660 1429 1734 1474 τὸν

283 1484 368 1542 πρὸ
397 1489 478 1529 τῶν
508 1486 762 1544 ὃρυφοίκτων
798 1490 871 1530 τοῦ
907 1487 1139 1543 ἱερατείου,
1187 1488 1295 1531 ὥστε
1322 1489 1398 1529 τοῦ
1423 1489 1502 1539 μὲν
1530 1489 1637 1528 λαοῦ
1662 1483 1734 1528 τὸν

283 1544 520 1596 κρατοῦντα
556 1541 632 1596 τὴν
650 1543 888 1599 προεδρίαν
914 1541 1054 1596 ἔχειν,
1104 1545 1238 1587 αὔτοῦ
1266 1543 1312 1584 δὲ
1338 1539 1436 1593 τούς
1466 1541 1604 1598 ἱερέας
1630 1556 1735 1596 προ-

284 1598 518 1651 καθῆσθαι.
572 1600 675 1641 Erat
711 1602 832 1654 igitur
871 1599 978 1642 solea
1015 1602 1122 1641 idem
1157 1616 1250 1641 cum
1281 1602 1474 1640 senatorio
1491 1628 1503 1650 ,
1543 1614 1614 1640 seu
1649 1600 1736 1639 loco

279 1655 509 1715 principum
525 1684 536 1707 ‚
566 1663 612 1694 ut
631 1663 690 1695 est
710 1658 752 1695 in
773 1655 931 1695 Ordine
951 1657 1148 1696 Romano.
1178 1657 1276 1697 Vid.
1299 1658 1368 1695 Du
1388 1656 1521 1709 Gange
1539 1655 1591 1694 ad
1610 1654 1730 1695 Paul.

287 1708 492 1749 Silentiar.
523 1725 566 1764 p.
593 1710 687 1752 560.
748 1711 877 1752 Nemo
904 1719 1040 1753 tamen
1068 1720 1300 1767 magnatum
1327 1719 1487 1765 praeter
1513 1711 1736 1764 Imperato-

292 1778 381 1804 rem
419 1767 460 1803 in
500 1764 607 1805 solea
636 1766 799 1806 sedebat
827 1767 1008 1807 stabatve
1023 1799 1034 1816 ‚
1076 1776 1122 1808 ut
1149 1783 1171 1807 e
1201 1769 1392 1822 proximis
1419 1767 1558 1807 Nostri
1597 1765 1736 1809 ,verbis

286 1819 363 1858 hac
391 1821 537 1873 pagina
565 1836 606 1875 9.
638 1821 691 1861 D.
731 1836 764 1863 1.
796 1830 931 1875 patet:
981 1819 1019 1862 οἱ
1050 1822 1272 1877 μάγιοτροι
1301 1818 1375 1863 καὶ
1408 1819 1734 1863 ἀνθύπατοι--

287 1873 483 1915 ἵστανται
515 1876 573 1922 εἰς
601 1872 648 1917 τὸ
681 1873 817 1925 δεξιὸν
842 1877 971 1931 μέρος
998 1878 1075 1930 τῆς
1103 1877 1335 1932 ἐκκλησίας.

403 1945 444 1984 9.
469 1930 514 1969 C.
535 1930 610 1970 ult.
637 1930 727 1987 [15‚
751 1931 814 1988 5.]
857 1933 932 1972 τοῦ
967 1930 1166 1986 βήματος.
1222 1935 1345 1972 Bema
1378 1931 1438 1972 es't
1464 1934 1597 1972 omnis
1623 1931 1737 1972 locus

291 1982 378 2024 solo
406 1985 616 2025 sublimior
632 2016 644 2038 ,
674 1987 727 2026 ad
754 2002 874 2041 quem
900 1984 1079 2040 βήματι,
1108 1988 1235 2042 gradu
1267 1988 1424 2028 sublato
1442 2017 1454 2038 ,
1502 1988 1738 2029 enitendum

291 2047 364 2079 est.
426 2041 476 2079 In
513 2042 634 2080 sacris
667 2050 726 2082 est
755 2043 825 2082 illa
851 2057 945 2096 pars
974 2043 1162 2083 ecclesiae
1201 2043 1355 2096 aliquot
1382 2043 1574 2096 gradihus
1603 2043 1738 2086 eleva-

290 2095 394 2144 tior,
444 2110 567 2150 quam
598 2104 656 2136 est
693 2112 788 2137 area
828 2098 1046 2149 ecclesiae3
1088 2113 1162 2139 nos
1193 2098 1314 2138 hodie
1350 2100 1512 2138 chorum
1539 2098 1736 2150 dicimus,

292 2149 432 2201 (aliud
460 2166 560 2191 aevo
597 2152 729 2196 medio
756 2153 999 2193 vocabulum
1029 2153 1128 2193 illud
1156 2154 1404 2207 significabat
1419 2155 1460 2205 ‚)
1501 2153 1590 2192 Itali
1618 2153 1741 2192 tribu-

292 2218 414 2252 nam,
468 2207 611 2252 Graeci
650 2222 810 2263 quoque
852 2204 1156 2261 θυσιαστήριον
1196 2217 1235 2248 et
1276 2207 1480 2261 ἱερατεῖον
1507 2207 1738 2262 appellant3

294 2260 489 2312 quoniam
527 2264 570 2307 in
604 2276 650 2301 eo
689 2259 1005 2317 ἱερατεύεσθαι,
1043 2278 1158 2303 sacra
1183 2279 1396 2318 peragere,
1428 2271 1469 2303 et
1505 2263 1743 2319 sacrficium

296 2315 538 2354 incruentum
569 2317 720 2357 dictum
748 2319 804 2358 ibi
832 2317 973 2358 offerre
1000 2319 1075 2358 deo
1099 2319 1306 2370 solebant3
1337 2319 1457 2358 unde·
1473 2333 1633 2372 quoque
1661 2319 1742 2357 La-

295 2369 370 2407 tini
415 2371 737 2426 sacrgficatorium
785 2375 1010 2413 nominant.
1069 2375 1222 2414 Latinis
1249 2374 1371 2413 medii
1397 2375 1485 2414 aevi
1505 2387 1666 2427 quoque
1685 2379 1746 2412 est

289 2424 575 2478 presbyterium
590 2457 602 2477 ‚
643 2442 712 2473 seu
740 2430 872 2477 statio,
907 2430 1060 2469 mansio
1088 2431 1431 2483 presbyterorum,
1467 2436 1508 2468 et
1538 2429 1742 2483 capitium.

293 2478 352 2516 V.
386 2478 453 2516 Du
481 2480 613 2534 Cange
633 2482 763 2523 Gloss.
794 2491 875 2522 utr.
908 2485 971 2524 his
998 2485 1184 2524 omnibus
1211 2487 1254 2524 in
1283 2483 1515 2533 vocabulis,
1559 2491 1599 2522 et
1626 2482 1745 2522 CPlis

299 2532 451 2571 Christ.
483 2542 602 2588 atque
630 2545 748 2578 notae
783 2539 833 2578 ad
863 2539 979 2580 Pauli
1004 2539 1245 2592 Ecphrasin.
1304 2540 1416 2579 Alias
1453 2539 1620 2590 βηματα
1649 2543 1754 2588 sunt:v

298 2587 444 2627 sacella
475 2592 630 2630 minora
648 2623 658 2639 ‚
690 2595 732 2631 in
763 2595 917 2648 magnis
946 2594 1118 2634 ecclesiis
1146 2597 1252 2634 intra
1279 2597 1409 2634 maius
1435 2594 1555 2633 bema
1582 2593 1744 2632 dedica-

297 2649 339 2704 {a
368 2646 546 2695 patronis
577 2645 745 2687 diversis
775 2665 798 2688 a
827 2657 997 2702 patrono
1036 2648 1239 2689 ecclesiae.
1297 2650 1392 2690 vid.
1427 2663 1470 2702 p.
1494 2662 1560 2703 7⁰·
1600 2647 1654 2687 A.
1678 2646 1738 2696 8.,

302 2704 397 2742 item
419 2712 484 2750 7¹·
506 2700 558 2737 D.
583 2700 687 2751 fine,
717 2712 757 2742 ct
779 2704 889 2743 alibi.

411 2753 463 2791 D·
482 2769 520 2808 7.
541 2754 630 2810 [15‚
653 2757 736 2811 10.]
759 2758 816 2805 εἰς
836 2756 885 2799 τὰ
906 2754 1005 2812 ἅγια
1025 2758 1168 2814 θυριά.
1199 2758 1309 2799 Alias
1327 2773 1488 2813 quoque
1503 2752 1745 2812 βημόθνραο
