1884 3132
335 147 413 193 An
459 147 800 193 Arrssnmcffl
839 150 942 191 Lm.
981 150 1016 189 1.
1056 149 1130 189 m:
1163 147 1423 191 (naamon.
1515 126 1627 204 547

185 250 226 292 I.
253 264 298 305 p
316 251 384 307 59.
415 259 457 292 et
484 253 554 307 7.4
582 253 702 292 etT.
731 252 787 294 11.
813 266 856 305 p.
884 251 974 305 176.
996 250 1315 301 ,itemintab.
1346 250 1408 293 18.
1432 249 1552 289 Tomi
1590 250 1624 288 1.

185 307 491 347 monumentor.
517 315 699 347 veterum
728 307 925 359 Ciampini
953 319 1046 345 area
1073 306 1140 345 25.
1163 335 1176 353 ,
1217 305 1288 344 ubi
1323 304 1546 358 spiculator
1583 306 1626 344 S.

187 360 545 402 Bau-tholomaeum
570 360 804 415 strangulat.
861 361 1032 414 Insignis
1060 367 1121 399 est
1147 360 1230 399 huc
1260 360 1408 399 faciens
1439 368 1479 399 et
1507 359 1631 413 paulo

188 423 283 456 ante
303 431 330 456 a
355 431 420 456 me
449 417 632 456 laudatus
659 416 771 455 locus
798 415 1097 454 continuatoris
1126 415 1448 454 Constantiniani
1491 429 1534 468 p.
1564 429 1626 454 ιι.

190 470 242 510 C.
261 485 305 524 9.
332 471 581 525 Scriptorum
601 478 691 524 post
711 469 1026 522 Theophanem,
1058 469 1126 507 ubi
1156 471 1262 508 intc1
1291 464 1424 508 omin'a
1471 471 1627 522 imperii

194 523 413 590 aliquando
440 526 493 565 ad
522 525 759 565 Michaelem
803 524 973 563 Balbum
1026 525 1257 577 penenturi
1313 524 1390 563 hoc
1428 525 1599 563 refertur
1617 555 1629 575 ‚

189 576 344 633 quod‘
326 576 492 631 ιμάτιον
520 579 844 642 φοινικοβαφὲς,
877 579 987 632 quod
1025 581 1107 617 Leo
1148 579 1362 625 Λιιιιοιιιιε,
1399 593 1535 622 recens
1564 582 1630 618 in·-

191 641 411 688 auguratus
451 635 690 701 Imperator,
720 632 826 672 κατά
873 648 914 672 τι
961 630 1259 697 στρατιωτικὸν
1304 629 1403 678 ἔθος
1446 629 1632 681 ἄζωστον

185 687 516 742 ἐκαμφιέννυτο,
557 686 695 740 (αἰετὸν
735 688 860 727 τοῦτο
887 688 1086 727 καλοῦσιν
1114 682 1141 739 ἧ
1166 684 1388 726 θάλασσαν
1400 690 1428 739 ,)
1457 703 1480 726 a
1499 689 1632 727 Leone

191 750 356 782 exutum
407 749 450 782 et
495 743 572 782 sibi
589 773 602 793 ‚
646 744 718 797 qui
745 742 923 808 deferret²
973 742 1157 781 manibus
1208 741 1399 780 traditum
1441 743 1632 783 induciit.

189 797 356 838 Partem
382 797 507 837 huius
533 797 611 837 loci
626 827 643 862 .'
671 812 774 851 quac
802 794 873 835 τὸν
897 794 1020 836 ἀετὸν
1048 798 1154 836 idem
1182 811 1266 835 csse
1294 803 1414 849 atque
1442 811 1518 849 rrv
1546 796 1629 837 &ci-

190 852 352 892 λασσαν
380 852 595 906 perhibet,
624 853 667 891 in
687 852 907 906 proximam
925 852 1021 890 hinc
1040 852 1184 891 observ
1186 855 1358 891 ationem
1379 866 1631 904 seponemus.

189 905 375 946 Eandem
412 906 620 947 historiam
662 908 842 946 referunt
887 907 1059 960 Symeon
1105 908 1294 958 Magister
1321 921 1361 959 p.
1394 906 1488 958 402.
1515 909 1562 946 Β.
1590 915 1631 947 et

193 962 389 1001 Genesius
413 977 457 1015 p.
478 962 549 1012 3.,
576 975 751 1026 quorum
780 961 902 1001 verba
930 975 1131 1015 apponere
1161 968 1202 1000 et
1230 976 1478 1026 comparare
1479 976 1632 1027 operae

190 1017 365 1068 pretium
392 1024 466 1056 est.
517 1014 822 1056 Ἐκδιδύσκεται
850 1013 927 1068 τὴν
954 1017 1144 1068 ἐσθῆτα,
1172 1017 1228 1055 ait
1256 1018 1309 1069 Sy
1313 1031 1400 1055 meo
1417 1045 1430 1066 ,
1453 1013 1513 1081 ἢν
1539 1016 1633 1056 ἑπε-

189 1069 367 1135 βέβλητο
383 1068 615 1135 ροδοειδέσι
626 1073 793 1135 χροιαῖς
820 1069 1129 1122 ἐκλάμπουσαν,
1146 1069 1218 1110 καί
1236 1067 1461 1122 κολόβιον,“
1450 1067 1473 1109 ὀ
1500 1086 1628 1120 προσ-

191 1122 444 1174 ονομάζουσι
473 1122 579 1165 κατὰ
608 1139 656 1164 το
686 1122 863 1164 ἔκπαλαι
901 1140 983 1164 των
1012 1126 1306 1189 στρατηλατῶν
1324 1126 1504 1190 τηρνθὲν
1517 1124 1629 1173 ἔθος.

195 1178 390 1219 Genesius
417 1187 552 1219 autem
579 1181 635 1219 sic
661 1179 809 1218 habet:
841 1176 1123 1218 ἐκδιδύσκεται
1152 1177 1230 1232 τὴν
1259 1179 1436 1245 ἐσθῆτα,
1469 1196 1519 1233 ην
1538 1181 1631 1221 ἐπε-

191 1232 369 1286 βέβλητο
407 1234 453 1274 ἐν
497 1232 598 1274 δυσι
624 1232 859 1288 ῥοὸοειδέσι
883 1238 1034 1284 χροαΐς
1063 1231 1326 1283 ἅετιζουσαν,
1361 1232 1411 1287 ἢν
1441 1233 1633 1286 κολόβιον

191 1287 248 1340 τῇ
290 1287 479 1350 ὲγχωρὰο
520 1286 653 1353 ῥήσει
684 1285 1061 1340 προσονομαζουσι,
1106 1288 1180 1328 καί
1219 1286 1380 1341 ταύτην
1410 1289 1630 1352 ἀνειμένην

195 1327 406 1394 ζωστῆρος
431 1357 538 1382 κατα
564 1340 609 1382 τὸ
635 1339 812 1382 ἔκπαλαι
836 1342 990 1394 τηρηθὲ
994 1356 1016 1380 ι’
1056 1340 1151 1388 ἔθος
1186 1347 1271 1390 τοῖς
1308 1342 1630 1396 στρατηλάταις.

195 1394 400 1434 Differunt
426 1398 468 1435 in
493 1410 542 1436 eo
570 1397 820 1450 potissimum
848 1396 893 1435 hi
927 1397 1008 1435 duo
1035 1404 1216 1436 auctores
1235 1427 1247 1447 ,
1286 1399 1393 1450 quod
1441 1398 1634 1437 Genesius

195 1450 333 1488 aetum
363 1458 403 1489 et
431 1450 634 1490 colobium
664 1451 771 1490 idem
799 1451 914 1497 facit,
944 1450 1045 1490 alter
1074 1452 1142 1490 div
1145 1466 1247 1490 ersa.
1278 1452 1502 1490 Concludas
1534 1467 1635 1505 quo-

196 1518 279 1557 que
304 1518 351 1544 ex
383 1506 523 1544 iisdem
551 1505 661 1556 fere,
689 1508 823 1543 aetum
851 1505 970 1544 fuisse
1002 1514 1175 1555 vestem,
1216 1521 1318 1559 quae
1355 1507 1499 1545 soleret
1535 1507 1634 1546 alias

194 1558 356 1612 cingulo
383 1559 589 1613 adstringi.
643 1535 723 1598 Sed
750 1562 792 1598 in
821 1573 882 1607 eo,
912 1573 999 1598 mea
1037 1561 1198 1612 quidem
1225 1563 1435 1611 sententia,
1462 1561 1635 1600 multum

193 1613 419 1664 falluntur,
457 1622 499 1654 et
525 1621 718 1668 apparet,
756 1628 824 1653 eos
868 1614 1071 1653 turbidam
1116 1623 1186 1653 aut
1213 1615 1365 1654 nullam
1393 1617 1532 1679 potius
1557 1617 1635 1656 ae'ti

193 1667 328 1707 ideam
365 1668 565 1708 habuisse.
638 1669 749 1719 Quid
784 1669 954 1708 obscura
992 1677 1031 1707 et
1071 1668 1252 1709 affectata
1279 1671 1400 1708 dictio
1430 1666 1560 1721 ἐσθής
1585 1671 1633 1710 ἐν

197 1719 302 1761 δυσὶ
345 1720 575 1775 ροδοειδὲσι
609 1726 760 1775 χροαῖς
797 1721 1020 1771 αἐτιζουσα
1066 1724 1143 1762 sibi
1170 1724 1296 1772 velit,
1327 1739 1406 1763 non
1435 1725 1632 1765 dixerim·

199 1784 438 1821 voetemne.
465 1792 568 1831 quae
596 1778 799 1831 aquilam,
829 1777 1082 1830 chlamydem
1109 1778 1326 1830 volantem,
1356 1781 1559 1830 imitetur,
1582 1795 1636 1819 an

198 1844 303 1884 quae
336 1833 504 1871 intextas
527 1832 675 1871 habeat
708 1832 892 1885 aquilas?
946 1833 1001 1871 Et
1029 1834 1126 1885 quid
1151 1834 1312 1872 tandem
1339 1842 1435 1880 sunt
1459 1835 1538 1873 duo
1566 1849 1635 1873 ro-

198 1886 260 1923 sei
275 1887 452 1925 colores?
480 1887 634 1925 Suntne
649 1886 763 1935 duo,
792 1894 874 1924 tres
897 1886 1197 1938 plu1esxerose1
1220 1889 1399 1928 colores?
1426 1890 1527 1927 Sunt
1542 1903 1637 1928 sane

200 1953 314 1978 rosae
339 1940 486 1980 diversi
512 1941 679 1988 eoloris,
711 1941 910 1979 dilutioris
937 1948 975 1979 et
999 1943 1200 2003 plofunde
1217 1946 1437 1996 purpurei,
1466 1943 1536 1982 sed
1563 1958 1634 1983 co-

199 1992 265 2032 lor
289 2001 423 2033 tamen
453 1995 494 2034 iu
520 1995 697 2035 vestibus
728 2009 810 2034 non
849 2002 907 2033 est
934 1995 1010 2034 nisi
1042 2010 1161 2035 unus.
1218 1998 1297 2035 Sed
1324 1998 1422 2050 quid
1453 2011 1544 2036 cum
1571 1999 1634 2036 in-

202 2048 319 2100 eptiis
354 2051 568 2103 nugacium
604 2057 644 2088 et
684 2050 898 2088 infantium
938 2050 1228 2090 Graeculorum
1255 2066 1478 2105 pugnamus
1495 2056 1514 2091 ‘2
1568 2052 1636 2092 Ad

203 2105 314 2142 aetos
360 2117 429 2142 seu
469 2104 650 2143 volantes
694 2104 851 2157 chlamy
853 2104 924 2143 des
979 2105 1099 2144 redeo
1117 2135 1129 2155 ,
1173 2106 1243 2159 qui
1271 2106 1430 2145 saeculo
1462 2106 1534 2144 lx.
1567 2108 1635 2147 vel

202 2157 323 2196 etiam
360 2159 475 2197 citius
506 2159 666 2198 desiisse
703 2160 903 2201 videntur.
973 2159 1131 2198 Horum
1172 2161 1302 2214 imago
1341 2161 1635 2214 quodammodo

203 2219 416 2264 supersunt
442 2212 562 2252 hodie
590 2213 721 2252 adhuc
750 2213 808 2252 illi
837 2215 949 2266 parvi
977 2214 1157 2253 mantelli
1174 2244 1187 2264 ,
1227 2229 1327 2268 quos
1362 2216 1544 2254 advocati
1591 2218 1636 2256 in

202 2266 374 2305 urbibus
394 2267 630 2306 Germaniae
658 2267 932 2320 quibusdam,
960 2276 1008 2307 ut
1025 2268 1151 2308 Halae
1171 2270 1532 2323 Magdeburgicae‚
1562 2271 1634 2312 ubi

202 2334 320 2374 saepe
346 2321 455 2368 vidi,
488 2329 666 2374 gestant,
701 2329 784 2361 tam
810 2322 979 2374 breves,
1005 2330 1052 2362 ut
1078 2331 1252 2363 extrema
1272 2338 1411 2363 eorum
1438 2325 1480 2363 in
1507 2324 1634 2366 boxea

202 2381 388 2428 togarum
430 2351 568 2415 dextra
606 2377 837 2415 recondant.
893 2377 1089 2416 Actorum
1133 2392 1294 2431 quoque
1320 2379 1507 2433 reliquias
1532 2389 1632 2433 puto

202 2443 288 2469 mse
314 2430 466 2470 taenias
501 2430 589 2470 illas
628 2433 822 2483 argenteis
861 2434 1070 2484 aureisque
1107 2440 1147 2471 et
1176 2434 1311 2472 sericis
1346 2433 1422 2473 filis
1470 2434 1629 2498 plexas,

204 2482 343 2545 longas
388 2492 427 2524 et
485 2484 751 2538 multiplices,
804 2500 903 2538 quas
949 2486 1133 2526 officiales
1178 2487 1368 2527 militares
1427 2490 1631 2541 minores,

148 2586 153 2590 ῃ
205 2537 302 2577 item
332 2540 451 2579 valeti
488 2539 732 2579 nobiliorum
772 2539 983 2579 hominum
1021 2548 1169 2580 assutas
1197 2541 1367 2582 humero
1397 2543 1534 2582 dextro
1560 2558 1631 2598 ge-

205 2599 316 2632 runt.
373 2595 515 2659 Neque
548 2594 672 2642 aliud,
700 2608 823 2657 quam
849 2594 947 2634 tales
984 2598 1087 2635 curti
1123 2596 1301 2636 mantelli
1327 2597 1629 2650 advocatorum,

207 2653 322 2686 erant
358 2647 427 2687 illa
466 2645 518 2688 τὰ
547 2645 652 2688 κατὰ
695 2644 828 2688 νώτου
867 2644 1108 2700 λευκόλινα,
1154 2665 1257 2704 quae
1283 2665 1308 2691 a
1337 2652 1510 2692 cPtanis
1533 2668 1633 2694 aevo

207 2713 280 2739 suo
306 2703 451 2755 gestari
479 2704 729 2743 consuevisse
755 2703 816 2743 bis
845 2710 983 2744 narrat
1015 2704 1376 2760 Nicetes,primum
1402 2708 1564 2761 quidem
1590 2711 1634 2749 in
