1884 3132
300 129 408 204 742
613 145 688 188 10.
731 146 838 190 mc.
877 148 1072 189 Rmsxu
1109 127 1488 190 coMMENrARu

296 247 514 303 ἐνδύματα
563 247 819 305 σὴμαντρον·
889 250 935 292 ἐν
968 248 1119 299 μόναις
1155 248 1238 305 γὰρ
1279 254 1374 299 ταῖς
1404 251 1620 304 νηστᾲιοις
1647 250 1751 307 ἧμέ-

297 321 395 360 ραις
422 306 496 346 καί
524 304 569 346 ἐν
588 303 879 359 μνημοσύναις
908 303 1177 347 ἀπελθόντων
1201 303 1501 358 λαμβάνονται.
1560 307 1749 350 Proxime

299 376 461 416 qnoque
489 376 697 415 purpura,
732 362 843 402 color
869 362 910 401 in
943 362 1178 416 splendente
1207 362 1416 416 nigredine
1444 361 1657 414 rubicans‚
1700 365 1753 404 ad

297 417 475 457 colorem
503 419 707 471 sanguinis
745 418 847 458 aridi
877 418 1044 457 accedit.
1102 417 1182 456 Sed
1210 425 1379 457 venetus
1399 415 1511 456 color
1539 421 1754 472 praecipue

295 471 530 527 lugentibus
559 474 716 524 servit3
747 480 786 512 et
814 473 902 512 fieri
928 475 1072 527 possit,
1103 480 1150 512 ut
1175 472 1241 513 hic
1270 472 1349 512 loci
1371 473 1516 512 Noster
1546 488 1627 513 non
1654 473 1754 515 alias

298 535 446 578 vestes,
477 542 600 582 quam
627 536 790 568 venetas
831 542 930 568 voce
957 524 1124 581 χροακὰ
1156 527 1446 582 designaverit,
1477 543 1603 582 quum
1624 537 1754 570 vestes

300 583 508 623 caeruleae
544 583 584 622 in
615 585 747 637 specie
773 585 969 623 coloratae
1000 584 1187 622 dicantur
1214 585 1385 633 Latinis,
1415 585 1447 622 si
1476 585 1570 623 satis
1597 592 1686 624 tuto
1711 584 1755 626 id

300 639 503 691 colligitur
541 653 564 679 e
595 637 685 678 loco
721 640 883 679 Ioannis
916 639 1104 678 Monaclii
1145 640 1185 677 in
1216 640 1311 678 Vita
1339 639 1382 677 S.
1413 638 1568 679 Odonis
1594 640 1643 678 L.
1676 640 1752 680 111.

300 695 422 748 (apud
451 694 540 733 DC.
575 709 616 734 v.
644 695 820 747 Blavus)
834 714 846 734 ,-
881 709 959 734 non
1000 695 1260 734 induebantur
1292 694 1441 733 similia
1471 695 1754 748 (vestimenta,

300 751 342 789 id
371 757 430 789 est
456 750 633 790 eiusdem
653 750 799 790 coloris
819 764 910 790 cum
932 750 1023 789 lana
1044 751 1207 799 nativa),
1242 750 1313 789 sed
1337 750 1528 798 colorata,
1560 765 1659 805 quae
1684 765 1757 790 nos

301 806 420 859 vulgo
446 820 633 845 vocamus
662 806 798 845 blava.
858 806 1086 853 Caeterum,
1119 805 1229 858 quod
1266 805 1414 844 dicitur
1451 806 1589 858 positis
1615 806 1756 846 candi-

302 861 364 900 dis
406 860 583 900 coloreas
609 861 731 901 fnisse
761 868 938 909 sumas,
983 861 1023 900 id
1053 860 1287 914 intelligitur
1316 875 1361 900 ex
1390 874 1502 899 more
1529 860 1644 900 aulae
1673 862 1756 916 By-

302 917 486 955 zantinae
526 916 716 956 candidas
757 916 938 971 quotidie
977 916 1141 970 gerendi
1183 923 1222 955 et
1265 917 1305 954 in
1338 915 1518 955 candidis
1551 917 1592 954 in
1620 916 1756 956 aulam

303 972 492 1010 veniendi
510 1002 520 1018 ,
553 973 626 1011 nisi
656 971 710 1011 ob
740 973 1034 1026 processionem
1063 970 1266 1011 solennem
1296 970 1398 1010 alius
1417 970 1664 1024 splendidior
1693 985 1757 1011 ve·

304 1028 422 1066 stitus
465 1026 665 1066 coloratus
706 1034 809 1066 esset
851 1026 1092 1066 induendus.
1174 1026 1392 1079 Propterea
1433 1027 1630 1065 Lazorum
1671 1026 1758 1081 regi

302 1095 386 1120 non
416 1081 561 1121 licebat
585 1077 788 1132 χλαμύδα
816 1078 997 1134 ἁλουργῆ
1022 1079 1330 1132 α’μηισχέσθαι,
1356 1080 1422 1119 sed
1440 1076 1590 1133 λευκὴν
1609 1077 1752 1131 μόνον,

304 1137 502 1176 referente
530 1137 704 1191 Agathia
737 1151 776 1190 p.
797 1136 865 1176 85.
898 1150 982 1187 21„
1010 1143 1204 1190 tanquam
1234 1134 1385 1175 vasallo
1426 1143 1465 1174 et
1486 1138 1658 1175 senatori
1687 1143 1758 1177 aut

305 1193 473 1244 patricio
504 1192 714 1241 Romano3
745 1199 815 1231 aut
841 1192 996 1245 potius,
1026 1193 1122 1245 quia
1151 1191 1262 1230 color
1290 1191 1404 1230 albus
1433 1197 1518 1230 erat
1545 1191 1758 1232 hilaritatis

304 1247 516 1298 indicium,
544 1247 725 1286 coloreae
756 1255 889 1286 autem
919 1254 1047 1286 vestes
1077 1248 1118 1286 in
1148 1246 1260 1285 luctu
1283 1253 1547 1299 gestarentur.
1579 1246 1627 1285 Id
1645 1246 1758 1300 quod

305 1303 482 1355 antiquis
515 1316 676 1356 quoque
697 1303 947 1342 Graecorum
976 1300 1223 1354 temporibus
1242 1300 1466 1352 obtinebat,
1495 1308 1540 1340 ut
1569 1315 1614 1340 ex
1636 1301 1758 1341 Athe-

305 1371 407 1395 naeo
437 1365 620 1407 constat,
660 1359 730 1411 qui
769 1372 812 1411 p.
844 1371 938 1411 290.
966 1357 1014 1396 C.
1046 1371 1092 1396 ex
1123 1356 1382 1411 Hegesandro
1410 1370 1586 1411 coquum
1611 1357 1669 1398 ita
1695 1354 1759 1398 lo-

309 1419 498 1464 quentem
528 1413 762 1453 introducit:

516 1472 647 1519 ‘'Otav
663 1478 708 1518 ἑν
729 1478 976 1534 περιδείπνῳ
1005 1475 1198 1531 τυγχάνω
1226 1477 1430 1517 διακονῶν
1449 1508 1462 1527 ,

529 1531 635 1573 ἐπὰν
664 1531 827 1585 τάχιστ’
859 1531 1042 1574 ἔλθωσιν
1079 1534 1126 1574 ἐκ
1149 1532 1222 1586 τῆς
1245 1532 1430 1586 ἐκφορᾶς

529 1585 582 1629 τά
604 1586 746 1641 βαπτὰ
779 1585 966 1640 ἔχοντες,
991 1587 1233 1642 τούπίθημα
1265 1588 1340 1639 τῆς
1367 1585 1528 1640 χύτρας

531 1642 720 1698 α’φελών,
750 1643 927 1698 ἐποίησα
951 1641 1048 1690 τοὺς
1075 1641 1334 1695 δακρύοντας
1365 1642 1512 1698 γελᾷν,

532 1714 620 1739 cum
652 1702 694 1739 in
727 1701 922 1739 silicernio
940 1714 1009 1753 ego
1032 1700 1209 1739 ministro
1232 1727 1245 1749 ‚

533 1756 732 1795 redeuntes
761 1756 812 1794 ab
838 1756 1032 1810 exsequiis

534 1820 571 1849 ec
598 1813 692 1864 ipsis
718 1811 846 1850 adhuc
872 1811 1033 1850 color-eis
1056 1808 1210 1848 indutos
1226 1807 1455 1864 flentesque
1484 1807 1614 1848 n'dene
1617 1803 1756 1862 facio,

531 1866 680 1906 sublaco
705 1866 970 1906 tantummodo
993 1867 1098 1905 ollae
1126 1865 1321 1919 operculo.

315 1933 436 1984 Quod
466 1933 608 1972 Noster
635 1929 798 1985 χροακὰ
817 1961 828 1980 ,
861 1932 903 1971 id
936 1930 1191 1986 Hegesander
1216 1927 1268 1970 τὰ
1292 1925 1434 1978 βαπτὰ
1463 1927 1649 1983 appellat.

425 1989 472 2027 Β.
503 2002 565 2027 ιι.
600 1988 716 2043 [ss3o,
739 1987 830 2041 πμ]
862 1986 992 2038 μέχρι
1013 1986 1096 2025 τῶν
1129 1980 1260 2036 ἁγίων
1287 1981 1565 2025 Ἀποστὸλων.
1651 1983 1758 2024 Nam

314 2043 369 2082 ibi
408 2058 501 2082 cnm
530 2042 843 2096 Imperatoribus
871 2041 1052 2081 iacebant
1086 2055 1248 2094 quoque
1274 2041 1450 2080 defuncti
1479 2039 1758 2093 patriarchae,

317 2113 355 2137 v.
390 2100 458 2137 Du
478 2099 609 2150 Cange
637 2099 755 2138 CPlis
784 2098 937 2137 Christ.
968 2098 1016 2135 L.
1048 2097 1121 2135 IV.
1152 2111 1195 2148 p.
1233 2110 1318 2139 110,

426 2154 472 2192 C.
500 2169 534 2192 1.
556 2153 672 2208 [651‚
703 2151 761 2207 1.]
791 2166 850 2192 τε.
883 2153 944 2191 Ita
957 2152 1018 2190 M.
1048 2150 1134 2191 Aut
1160 2151 1377 2191 delendum
1396 2150 1473 2190 hoc
1490 2162 1552 2199 τε,
1583 2157 1652 2189 aut
1670 2155 1759 2204 post

315 2208 539 2260 Κυριακοῦ
569 2209 909 2247 transferendum.
1528 2235 1531 2236 γ

425 2264 467 2306 C.
489 2278 528 2301 2.
563 2263 680 2318 [631‚
710 2262 768 2317 1.]
801 2261 1022 2314 Κυριακοῧ
1055 2262 1126 2302 καί
1149 2260 1300 2311 Θωμᾶ.
1366 2260 1586 2314 Cyriacus,
1616 2258 1672 2299 A.
1705 2258 1755 2298 C.

313 2317 409 2357 606.
442 2319 680 2368 defunctus,
712 2318 841 2357 suerat
885 2317 1066 2357 Thomae
1093 2324 1342 2367 antecessor,
1380 2323 1427 2354 ut
1463 2316 1640 2355 Thomas
1682 2313 1759 2353 fuit

313 2373 454 2427 Sergii,
489 2374 702 2412 defunctus
729 2374 783 2412 A.
813 2373 910 2413 610.
1532 2397 1543 2404 ·

424 2430 470 2467 C.
497 2431 535 2468 3.
571 2429 690 2483 [631‚
714 2427 773 2483 2.]
803 2427 848 2467 ἐν
878 2427 1058 2483 κυριακῇ
1090 2421 1406 2478 ἐτελειώθησαν.
1480 2423 1581 2465 Vult
1618 2430 1758 2463 auctor

313 2482 552 2535 significare,
583 2492 628 2522 ut
655 2485 829 2533 videtur,
857 2483 954 2536 quid
970 2483 1168 2536 agendum
1197 2483 1264 2532 sit,
1296 2483 1328 2520 si
1357 2481 1421 2519 die
1448 2479 1648 2519 dominico
1686 2493 1759 2531 pa-

310 2539 486 2577 triarcha
517 2539 693 2578 decedat.
750 2540 905 2577 Verum
937 2539 1176 2591 pel-obscure
1205 2544 1243 2575 et
1272 2536 1552 2574 insufficienter
1580 2533 1622 2572 id
1651 2533 1760 2573 facit.

313 2592 486 2644 Colligas
526 2595 651 2632 ferme
693 2610 738 2633 ex
778 2609 850 2643 eo,
897 2594 1035 2633 eodem
1077 2593 1141 2632 die
1178 2593 1380 2631 dominico
1419 2596 1458 2628 et
1486 2595 1691 2627 mortuum
1718 2595 1759 2628 et

311 2647 512 2698 sepultum
545 2649 684 2689 fnisse.
742 2649 996 2687 probabilius
1022 2656 1156 2688 tamen
1183 2654 1241 2686 est
1270 2645 1447 2697 proximo
1475 2643 1540 2682 die
1557 2643 1758 2683 dominico

311 2700 364 2765 ab
402 2704 614 2762 emortuali
654 2704 852 2756 sepultum
891 2703 1026 2743 fuisse.
1095 2704 1219 2743 Forte
1261 2701 1341 2740 huc
1383 2699 1543 2752 respicit
1579 2695 1756 2750 dictiorff

309 2768 411 2807 αντη
445 2756 573 2804 τάξις.
