1884 3132
307 128 419 205 776
611 146 685 189 10.
726 144 833 188 mc,
875 147 1070 188 Rmsxn
1097 143 1476 188 coMMmTAmi

307 250 605 306 quodammodo
624 281 636 303 ‚
681 251 971 291 conveniebant
1010 263 1102 288 cum
1143 248 1467 303 praecursoribus
1517 251 1739 298 exercitus,

307 311 395 353 τοῖς
427 304 707 360 προδρόμοις,
735 313 782 344 ut
802 306 947 344 Noster
974 304 1150 358 appellat
1179 305 1218 342 in
1251 305 1430 343 Tactico.
1486 302 1739 357 Μουρτᾰτοι

308 360 559 414 appellantur
585 376 609 399 a
637 361 792 399 Codino
822 360 941 399 offic.
978 361 1036 399 ΙΙ.
1069 374 1112 398 n.
1140 359 1208 400 65.
1239 366 1278 397 et
1303 360 1358 398 V.
1395 373 1438 398 n.
1468 358 1564 408 8⁹¹⁷.;
1602 373 1640 399 v.
1670 360 1739 398 Du

310 418 447 469 Gange
474 430 515 455 v.
545 415 823 468 ΖΠυρ-ταΐτης,
851 416 921 454 ubi
959 415 1023 453 vir
1056 414 1303 453 doctissimus
1337 421 1377 452 et
1413 413 1463 452 de
1531 415 1560 452 's
1598 413 1744 452 litteris

311 474 461 524 optime
489 472 652 509 meritus
680 470 873 509 nonnulla
901 469 1021 508 habet
1038 499 1049 519 ‚
1087 484 1189 523 quae
1218 470 1292 522 ipsi
1320 476 1367 507 ut
1393 468 1644 507 orientalium
1671 467 1740 506 lit-

310 533 488 565 terarum
516 525 622 563 haud
650 527 776 579 perito
804 525 918 564 facile
946 525 1171 573 condones3
1200 531 1247 562 ut
1274 530 1332 563 est
1358 523 1459 562 illud
1486 523 1535 561 de
1561 521 1747 575 μυρσαΐ-

311 595 384 633 της
405 611 416 632 ,
446 580 555 634 quod
584 595 666 619 non
696 580 925 633 dignitatis,
965 580 1034 618 sed
1061 580 1268 632 proprium
1297 579 1471 617 hominis
1496 592 1639 616 nomen
1666 584 1741 616 est.

310 644 440 690 κλμ*
473 656 551 697 59³⁷,
581 646 669 685 Mir
692 646 771 700 [vel
802 647 945 695 Emir,
974 660 1067 685 nam
1097 643 1196 683 illud
1223 644 1342 682 huius
1372 651 1431 683 est
1465 643 1744 696 compendiosa

314 701 489 756 vulgaris
526 701 814 754 pronuntiatio]
842 702 959 739 Sa'id.
1012 700 1157 739 Adhuc
1186 699 1433 746 notandum,
1473 713 1496 738 e
1534 699 1666 737 Nostri
1703 712 1744 750 p.

315 757 413 797 382.
433 757 484 795 D.
505 757 546 796 6.
577 771 793 809 apparere,
823 755 1085 795 occidentales
1118 754 1357 804 Mal-daitas,
1386 761 1431 792 ut
1458 755 1499 792 in
1530 753 1748 807 provinciis

315 811 523 851 maritimis
550 811 775 864 depositos,
816 819 956 851 nautas
983 812 1233 865 potissimum
1261 816 1299 847 et
1327 809 1492 863 remiges
1519 816 1558 848 et
1601 809 1754 862 piratas

318 866 453 905 fuisse⁴

426 922 479 960 D.
500 919 540 961 5.
567 919 685 976 [654,
703 919 765 974 2.]
792 915 870 959 οὖν
895 916 1121 971 ιῖρχόντων,
1177 919 1425 971 Frequenter
1454 918 1581 971 iungit
1607 918 1755 956 Noster

319 973 364 1015 ἓν
391 983 430 1014 et
460 973 537 1015 σὺν
564 975 763 1030 genitivis.
828 974 956 1013 Paulo
996 981 1084 1027 post
1111 973 1304 1012 habemus
1333 987 1492 1026 quoque
1520 968 1749 1023 συνάρχον-

319 1044 387 1077 τες
414 1032 456 1069 in
484 1031 752 1081 nominativo,
790 1036 981 1082 tanquam
1018 1030 1051 1067 si
1091 1043 1171 1066 una
1216 1041 1292 1066 vox
1347 1035 1462 1066 esset.
1534 1027 1755 1078 Procopius

323 1084 549 1124 Hoescbelii
582 1100 622 1138 p.
649 1099 736 1138 127.
763 1083 838 1123 ult.
858 1080 930 1130 ξὺν
948 1083 1165 1138 φυλακῶν.
1216 1082 1270 1121 Et
1290 1084 1331 1122 in
1350 1084 1476 1122 veteri
1494 1081 1756 1135 inscriptione.

321 1139 428 1192 apud
455 1140 674 1179 Pocokium
699 1154 739 1192 p.
761 1138 826 1178 50.
855 1138 946 1189 ¹4⁸²

431 1191 687 1248 Περσεφόνη
716 1192 923 1246 πρόπολον
950 1190 1152 1245 σφετερῆν
1180 1188 1240 1237 εἷς
1266 1183 1416 1243 ἤγαγεν
1447 1188 1581 1243 αὐλὴν

487 1248 620 1302 πατρί
645 1247 722 1288 οὐν
748 1243 938 1299 αἰνογόου
962 1244 1139 1299 μητέρος
1157 1276 1168 1295 ,
1195 1244 1397 1300 Ἀβλαβίῳ

325 1303 566 1358 Proserpina
591 1318 701 1342 suam
729 1305 772 1342 in
799 1302 935 1341 (ullam
971 1302 1131 1340 induit
1158 1301 1282 1355 [hanc
1325 1300 1519 1354 puellam]
1533 1329 1545 1352 ‚
1581 1309 1623 1340 ut
1663 1309 1761 1340 essee

326 1359 505 1397 ministra
524 1360 640 1412 patri
664 1373 730 1397 suo
757 1357 926 1396 Ablabio
957 1365 995 1395 et
1020 1357 1289 1395 moestissimae
1316 1358 1451 1395 matri.

409 1413 505 1466 379.
536 1412 588 1452 A.
619 1413 662 1452 3.
688 1411 881 1468 [656‚7.]
913 1410 1137 1463 προχρέου.
1193 1410 1303 1460 Quid
1332 1407 1537 1463 πρόχρεον
1562 1411 1638 1460 sit,
1674 1424 1760 1450 non

330 1474 488 1520 exputo,
519 1480 651 1520 neque
678 1468 855 1516 invenio,
885 1466 952 1519 qui
981 1466 1135 1505 doceat.
1192 1465 1339 1504 Fuitne
1361 1466 1469 1519 quod
1499 1479 1572 1504 nos
1590 1466 1761 1504 dicimus

330 1521 551 1575 Handgeld
561 1551 573 1574 ,
603 1523 764 1576 Angeld
774 1553 784 1569 ‚
821 1521 867 1562 V
861 1524 1030 1560 orscluzss
1044 1549 1056 1570 ,
1095 1535 1245 1559 avance
1271 1520 1471 1574 d'argent‚
1502 1534 1760 1560 nummorum

331 1591 486 1616 summa
504 1606 517 1627 ,
563 1591 665 1630 quae
703 1578 819 1616 militi
849 1577 890 1614 in
918 1576 1067 1616 bellum
1097 1577 1203 1614 ituro
1235 1575 1275 1613 in
1305 1589 1477 1614 mensem
1507 1589 1634 1613 unum
1662 1575 1763 1614 alte-

331 1646 475 1670 rumve
506 1639 598 1671 ante
625 1632 803 1671 debitum
831 1633 1046 1671 terminum
1074 1629 1326 1680 solvebatur,
1355 1638 1401 1669 ut
1430 1630 1505 1669 sibi
1533 1643 1669 1680 arma,
1699 1632 1762 1669 vi-

333 1693 443 1725 ctum
472 1694 511 1725 et
538 1686 615 1725 alia
642 1688 862 1726 necessaria
888 1686 1124 1740 expeditioni
1151 1699 1381 1738 comparare
1410 1688 1570 1737 posset?

449 1751 495 1791 B.
526 1752 598 1791 ult.
629 1752 741 1809 [657‚
762 1753 824 1806 4.]
851 1752 1041 1806 γαλαίας.
1097 1751 1172 1790 Est
1202 1765 1278 1789 vox
1306 1749 1479 1789 Arabica
1511 1740 1638 1782 Radia>
1657 1779 1670 1800 ‚
1714 1749 1764 1788 de

335 1821 416 1860 quo
444 1807 523 1845 dixi
550 1808 601 1846 ad
629 1809 838 1864 Taraphae
866 1807 1099 1847 Moallacam
1129 1820 1170 1859 p.
1191 1804 1258 1856 48.
1287 1805 1551 1844 Commodum
1589 1804 1655 1843 hie
1693 1818 1763 1858 ex-

336 1862 544 1914 ponendus
590 1865 702 1902 venit
753 1863 862 1902 locus
902 1861 1199 1902 continuatoris
1237 1860 1549 1899 Constantiniani
1591 1874 1630 1912 p.
1673 1873 1762 1898 122⁸.

338 1917 485 1968 Script.
514 1925 604 1969 post·
630 1918 887 1971 Theophan.‚
917 1918 986 1956 ubi
1015 1918 1091 1955 tria
1117 1917 1279 1955 navium
1307 1922 1451 1969 genera
1480 1916 1738 1954 nominantur
1751 1944 1769 1962 ‚.

338 1966 602 2022 κουμβοὶρια,
635 1972 784 2024 γαλέαι
812 1980 850 2012 et
877 1972 1093 2023 σατοῦραι.
1150 1971 1236 2010 Nisi
1264 1970 1377 2009 malis
1403 1970 1620 2010 cumbas-ias
1647 1983 1668 2006 a
1696 1966 1772 2020 76-

338 2038 417 2074 μσς
441 2025 622 2065 derivare
648 2022 863 2078 (κούμβος,
905 2023 1053 2077 κόμβος
1065 2021 1120 2064 'et
1145 2021 1271 2077 γάμος
1298 2026 1401 2064 idem
1427 2039 1510 2065 esse
1538 2024 1632 2062 alibi
1660 2023 1770 2071 dixi,

342 2086 381 2117 et
398 2080 548 2119 valeret
566 2089 661 2120 tunc
681 2082 920 2121 vocabulum
946 2081 1052 2120 idem
1082 2088 1201 2134 atque
1227 2082 1432 2119 onerariae
1456 2081 1588 2130 naves)
1607 2090 1618 2125 ·,
1647 2079 1770 2131 possit

342 2144 394 2183 ab
422 2145 597 2184 Arabico
615 2138 704 2202 >¹⁴25
725 2177 737 2198 ‚
768 2148 926 2197 Cubar,
954 2146 1144 2196 derivari,
1177 2145 1217 2184 id
1245 2152 1304 2184 est
1331 2160 1450 2184 naves
1475 2144 1656 2198 grandes,
1687 2144 1771 2196 pri-

342 2199 399 2238 mi
427 2201 593 2253 ordinis,
624 2202 812 2241 maximae
841 2202 1009 2241 formae.
1062 2201 1101 2240 Γ
1100 2199 1219 2239 αλέαι
1246 2207 1351 2246 sunt,
1391 2207 1436 2238 ut
1461 2206 1582 2254 patet,
1614 2205 1769 2237 nostrae

342 2255 493 2306 galeres
539 2263 579 2294 et
618 2258 811 2308 galeones.
891 2257 952 2295 De
1004 2256 1206 2307 σατοῦραι
1257 2254 1418 2294 tandem
1467 2269 1548 2293 non
1589 2259 1742 2292 constat
1756 2281 1768 2301 ‚

345 2311 453 2346 itane
482 2317 599 2359 recte,
632 2325 680 2348 an
714 2312 859 2350 rectius
885 2309 1115 2362 οακτοῦραι
1140 2308 1360 2358 scribatur,
1389 2316 1436 2348 ut
1461 2308 1566 2362 apud
1593 2308 1771 2359 Scripto-

346 2377 433 2400 rem
453 2363 569 2403 Vitae
597 2365 728 2404 Basilii
758 2366 985 2405 Macedonis
1012 2380 1054 2417 p.
1081 2364 1170 2405 185.
1202 2363 1256 2403 A.
1287 2364 1445 2417 legitur.
1500 2364 1542 2402 Si
1575 2362 1771 2415 posterius

344 2417 571 2470 praeferas,
601 2420 700 2458 nihil
726 2421 908 2459 different
934 2421 1106 2458 nominis
1130 2419 1293 2471 quidem
1320 2418 1602 2471 significatione
1630 2429 1653 2453 a
1680 2418 1774 2460 ταῖς

347 2473 624 2524 κουμβαριαις
661 2488 728 2513 seu
758 2476 976 2524 onerariis,
1019 2475 1050 2512 si
1078 2476 1133 2511 ita
1159 2473 1269 2515 velis.
1323 2473 1427 2512 Nam
1456 2469 1680 2522 σακτοῦραι
1711 2483 1774 2508 es-

349 2533 437 2564 sent
465 2541 537 2578 pro
566 2529 793 2578 σακτωςιιάι
811 2559 822 2580 ‚
854 2541 876 2567 a
904 2525 1068 2568 σάττειν
1086 2558 1097 2579 ,
1125 2527 1311 2581 offerrive.
1367 2527 1467 2566 Mihi
1484 2534 1615 2563 tamen
1636 2523 1774 2563 melior

349 2580 509 2619 videtur
537 2583 660 2622 altera
689 2584 805 2622 lectio
834 2582 1041 2635 σατοῦραι
1066 2582 1130 2622 vel
1158 2590 1263 2621 certe
1285 2580 1532 2632 σκατοῦραι,
1561 2593 1684 2631 eaque
1701 2593 1774 2632 pa-

352 2646 451 2699 riter
478 2646 651 2687 Arabica
680 2663 754 2688 vox
792 2663 888 2688 esse.
956 2648 1158 2700 Significat
1185 2662 1326 2700 nempe
1353 2635 1444 2700 ῙῙΩΜ
1477 2643 1681 2682 dimidiam
1720 2644 1779 2683 rei

355 2709 543 2763 cuiusque
564 2723 735 2767 partem.
789 2714 898 2767 Ergo
944 2703 1072 2769 2312&
1097 2720 1104 2726 ‘
1133 2726 1255 2753 naves
1301 2709 1492 2751 dimidiae
1535 2711 1633 2760 sint,
1678 2723 1781 2765 quae
