1884 3132
317 126 433 193 440
631 141 706 182 10.
748 140 855 184 me.
896 142 1091 184 nmsxn
1131 141 1508 187 commum

493 246 702 292 Gemmata
732 247 888 286 vehitur
901 278 911 296 ‚
946 248 1174 287 archontum
1202 262 1331 298 more,
1357 249 1500 289 curuli.

489 301 630 340 Induit
657 303 865 341 ormiscum
881 333 891 351 ‚
919 304 1035 342 subiit
1062 305 1134 343 hoc
1163 305 1356 343 schemate
1383 305 1580 359 templum.

326 357 390 396 De
419 356 496 396 hac
526 358 776 396 Graecorum
818 359 861 396 in
895 359 1198 411 pneumatismis
1225 357 1479 398 vacillatione
1509 361 1589 412 egit
1615 373 1775 414 quoque

330 410 516 452 Valesius
543 412 595 451 ad
626 411 836 453 Ammian.
867 413 1048 452 Marcell.
1076 428 1114 467 p.
1143 428 1238 467 297.
1265 421 1304 452 et
1340 415 1422 453 Gu.
1452 414 1648 454 Canterus
1674 416 1774 455 Var-

325 468 438 508 Lect.
462 469 496 507 Ι.
544 481 587 507 2.
645 468 751 506 Tam
794 468 973 521 profecto
1012 468 1304 507 insolescebant
1340 471 1383 508 in
1420 469 1484 509 his
1519 470 1778 510 membranae

327 530 518 573 nostrae,
547 529 609 572 ut,
638 523 671 562 si
702 537 766 562 eas
792 522 1009 563 voluissem
1038 524 1187 577 ubique
1214 525 1447 577 exprimere,
1476 525 1697 565 verendum
1718 540 1780 565 es-

327 586 403 627 sct,
435 593 487 617 ne
517 580 765 632 grammatici
793 581 927 618 sinum
956 579 1056 618 saxis
1085 586 1319 628 onerarent,
1352 587 1391 619 et
1419 582 1653 634 sanguinem
1680 580 1780 619 mihi

329 633 381 672 de
410 635 540 687 capite
567 634 827 674 detraherent
845 664 857 687 ,
885 642 932 674 ut
960 636 1003 674 in
1032 634 1137 689 leges
1163 635 1399 675 Graecitatis
1429 649 1568 676 omnes
1594 643 1782 690 proterve

332 691 546 742 grassanti.

442 745 486 785 C.
503 759 543 799 7.
567 742 688 800 [422
707 742 768 798 3.]
798 744 961 795 τουβία.
1018 744 1130 798 Quid
1158 745 1265 785 tabia
1291 744 1465 795 fuerint,
1499 745 1583 785 fere
1610 745 1781 785 dubium

332 799 467 840 reddit
495 808 708 839 auctorum
738 801 1007 840 inconstantia
1023 830 1035 851 ,
1063 802 1132 855 qui
1161 802 1216 840 sic
1245 801 1366 840 modo
1393 801 1629 841 vestimenta
1657 801 1782 842 femo-

332 869 455 906 rum,
483 856 605 895 modo
635 869 799 895 crurum
828 855 1046 909 appellant.
1106 856 1234 896 Locos
1262 870 1402 895 eorum
1441 858 1565 896 citare
1590 870 1779 909 parcam,

362 925 461 950 uum
490 911 597 965 apud
623 911 692 950 Du
721 911 856 964 Gange
884 910 948 952 Gl.
978 913 1051 951 Gr.
1081 910 1124 950 h.
1156 925 1196 952 v.
1225 918 1376 951 exstent
1404 918 1465 950 sat
1492 912 1659 964 copiosi.
1707 911 1783 951 Vi-

332 925 455 1005 detur
484 966 582 1005 mihi
611 967 668 1004 rei
699 965 821 1005 huius
850 968 952 1005 ratio
981 966 1080 1006 haec
1112 980 1222 1015 esse,
1265 966 1372 1021 quod
1401 966 1568 1006 braccae
1598 973 1638 1006 et
1661 965 1784 1006 tibia-

333 1019 390 1060 lia
426 1020 504 1061 illis
548 1021 780 1060 hominibus
816 1035 862 1060 ex
901 1035 983 1061 una
1022 1021 1149 1060 solida
1182 1035 1311 1060 massa
1341 1021 1597 1061 cohaerentia
1626 1021 1785 1061 factita-

335 1084 479 1116 rentur
506 1083 546 1115 et
575 1082 852 1129 gestarentur,
883 1091 986 1129 quae
1013 1090 1098 1116 non
1128 1084 1310 1130 possent,
1339 1084 1385 1116 ut
1415 1078 1608 1116 nostratia
1626 1105 1638 1127 ,
1669 1091 1785 1129 sepa-

334 1132 449 1180 rari,
481 1131 551 1170 sed
578 1138 663 1170 tam
691 1130 810 1185 longa
839 1131 957 1171 fuisse
986 1133 1163 1186 ipsorum
1194 1131 1400 1171 femoralia
1422 1161 1434 1182 ,
1463 1139 1509 1171 ut
1538 1132 1590 1171 ad
1619 1131 1784 1171 malleos

336 1187 488 1240 pedum
515 1200 667 1240 paene,
696 1193 766 1225 aut
793 1193 898 1226 certe
926 1187 977 1226 ad
1007 1187 1184 1226 medium
1216 1201 1307 1227 crus
1334 1189 1582 1240 pertinerent
1602 1217 1612 1235 ‚
1660 1187 1714 1226 ita
1739 1194 1786 1226 ut

339 1242 449 1281 tubas
477 1242 672 1280 referrent
690 1270 702 1291 ‚
731 1241 840 1281 unde
866 1255 1014 1282 nomen
1041 1241 1213 1290 habent,
1245 1249 1284 1281 et
1312 1243 1382 1295 qui
1410 1242 1614 1282 femoralia
1642 1242 1786 1281 indue—

340 1304 403 1336 ret
424 1326 436 1348 ‚
465 1296 618 1336 tibialia
646 1310 808 1349 quoque
837 1296 959 1336 simul
986 1296 1185 1336 indueret.
1244 1297 1366 1348 Quod
1405 1298 1586 1338 videmus
1629 1298 1672 1336 in
1706 1297 1786 1337 illis

339 1352 576 1405 pompaticis
604 1351 840 1391 satellitibus
857 1381 870 1402 ‚
902 1351 953 1391 ad
982 1352 1148 1392 modum
1178 1352 1452 1405 Hungaricum
1481 1353 1658 1403 vestitis,
1685 1366 1787 1406 quos

340 1407 568 1446 Heiduccos
597 1405 798 1460 appellare
826 1406 1012 1450 solemus.
1067 1407 1196 1460 Super
1224 1406 1323 1446 haec
1351 1406 1464 1447 tubia
1492 1406 1788 1460 complicaban—

342 1469 411 1501 tur
441 1463 680 1501 decussatim
709 1464 938 1516 campagia,
975 1469 1014 1501 et
1043 1462 1084 1502 in
1112 1476 1269 1502 summo
1307 1463 1410 1502 infra
1439 1470 1508 1502 aut
1535 1477 1656 1515 supra
1683 1476 1790 1516 genu

344 1517 697 1571 adstringebantur
736 1517 818 1557 lata
859 1518 981 1558 fascia
1018 1518 1255 1572 plerumque
1289 1519 1487 1572 pretiosa,
1532 1532 1636 1571 quae
1667 1519 1788 1557 etiam

342 1573 509 1624 τουβιόν
537 1572 828 1626 appellabatur.
888 1573 981 1612 Non
1007 1581 1142 1613 tamen
1189 1576 1245 1612 ita
1285 1574 1492 1627 gestabant
1519 1573 1660 1612 Graeci
1689 1572 1790 1612 haec

345 1627 748 1679 femoro-cruralia,
776 1635 824 1667 ut
853 1628 1129 1669 Heiduccones
1158 1628 1240 1679 illi;
1285 1629 1328 1669 id
1359 1636 1418 1668 est
1444 1627 1546 1667 nihil
1577 1642 1718 1668 eorum
1747 1629 1790 1667 in

347 1682 565 1736 propatulo
598 1690 683 1722 erat
703 1712 714 1734 ,
743 1683 812 1723 sed
841 1683 1020 1723 latebant
1047 1683 1123 1724 sub
1151 1687 1240 1730 τοῖς
1266 1680 1517 1737 ἐσωφορίοις
1543 1698 1612 1723 seu
1640 1683 1791 1722 intimis

347 1738 592 1777 chitonibus.
650 1739 793 1778 Graeci
828 1738 1021 1778 interulas
1057 1753 1148 1780 suas
1181 1753 1263 1779 non
1299 1738 1567 1778 immittebant
1593 1739 1637 1778 in
1663 1738 1792 1777 femo-

348 1792 450 1832 ralia
480 1807 551 1832 sua
565 1823 576 1841 ‚
609 1793 677 1832 sed
707 1793 807 1833 haee
834 1793 1013 1833 latebant
1041 1795 1117 1834 sub
1151 1794 1246 1848 ipsis
1285 1802 1325 1834 et
1361 1795 1540 1848 proxime
1574 1793 1793 1846 tangebant

354 1855 516 1897 cutem3
548 1848 744 1888 interulae
770 1849 958 1902 tegebant
985 1849 1173 1900 braccas,
1202 1863 1284 1889 non
1317 1850 1396 1888 hae
1430 1848 1544 1897 illas,
1583 1855 1629 1887 ut
1671 1862 1793 1902 penes

350 1917 437 1942 nos.
477 1903 637 1942 Morem
664 1903 773 1942 hunc
791 1919 814 1943 a
835 1905 998 1944 Graecis
1017 1911 1287 1945 assumserunt
1301 1904 1425 1943 Turci
1442 1932 1454 1954 ‚
1475 1917 1650 1957 quorum
1676 1903 1794 1943 brae-

351 1972 418 1997 cas
446 1959 489 1996 in
516 1958 625 1998 hunc
656 1959 820 1998 modum
851 1959 1041 2000 describit
1073 1959 1333 1999 Rauchwolff
1355 1961 1396 1998 in
1426 1957 1638 1998 Itinerario
1673 1959 1725 1998 L.
1755 1959 1792 1997 1.

350 2027 385 2052 c.
406 2014 445 2053 3.
478 2028 489 2052 ε
519 2013 586 2052 Sie
625 2023 781 2066 angen,
812 2015 1030 2053 sonderlich
1070 2030 1119 2054 zu
1144 2015 1460 2054 Sommerszeiten
1476 2045 1489 2065 ‚
1525 2014 1796 2053 selmeeweisse

351 2068 632 2107 haumwollz’ne
665 2070 781 2108 weite
823 2069 1114 2110 Bloderhoosen
1133 2101 1145 2118 ‚
1175 2070 1242 2109 dt'e
1268 2071 1359 2109 inen
1384 2069 1506 2108 hinab
1530 2070 1605 2108 bzivs
1629 2069 1710 2121 alf
1726 2068 1794 2107 die

353 2123 541 2162 Knoclcen
569 2125 721 2162 reiclzen
739 2153 749 2171 ‚
783 2123 840 2178 [id
869 2132 928 2163 est
955 2125 1155 2174 Knb‘chel,
1185 2139 1300 2181 usque
1327 2125 1384 2164 ad
1407 2123 1546 2177 talos‚]
1574 2124 1656 2162 und
1679 2131 1795 2162 unten

354 2193 420 2216 um
468 2179 532 2216 ein
575 2179 752 2216 ziemliclz
793 2193 913 2231 enger
945 2180 1072 2231 seynd
1102 2181 1346 2233 eingezogen.
1405 2179 1552 2218 Daran
1590 2178 1714 2217 haben
1739 2179 1796 2216 sie

352 2233 464 2271 keine
492 2233 591 2272 Liitz
607 2262 619 2282 ,
650 2235 802 2273 welche
827 2236 883 2273 sie
910 2237 1009 2274 auch,
1034 2250 1088 2274 an
1114 2235 1354 2275 andern'nit
1379 2234 1512 2273 leiden
1532 2263 1545 2282 ‚
1575 2234 1674 2272 noch
1688 2233 1794 2270 Fien-

336 2289 442 2339 fic'ss
453 2319 465 2339 ,
492 2288 620 2326 damic
658 2290 713 2326 sie
757 2290 838 2328 sich
882 2304 936 2328 an
977 2291 1205 2329 laeimlichen
1252 2290 1375 2329 Orten
1399 2289 1484 2328 und
1511 2289 1660 2327 Fiissen
1673 2317 1684 2334 ‚
1714 2288 1796 2327 wie

355 2344 454 2381 auch
487 2357 542 2381 cm
587 2342 739 2382 Armen
777 2344 861 2383 und
886 2345 1041 2384 Heilsen
1086 2347 1128 2384 in
1160 2347 1270 2384 ilar-en
1311 2345 1503 2398 tc'iglicken
1531 2342 1795 2395 Reim‘gungen

356 2398 637 2437 unverlu'ndert
651 2401 751 2437 nach
771 2398 1058 2454 Ausswaisung
1086 2402 1187 2439 ilares
1210 2401 1385 2439 Gesetzes
1411 2398 1643 2437 abwasclzen
1667 2396 1796 2436 1εὸηεί-

355 2461 434 2491 ten.
491 2452 629 2491 Solclze
664 2453 800 2492 IIosen
838 2455 987 2493 ziehens
1024 2457 1095 2495 mit
1138 2457 1250 2494 einer
1287 2454 1401 2494 Bz‘nd
1438 2452 1532 2490 iiber
1555 2450 1631 2490 den
1661 2452 1794 2491 blosen

355 2506 453 2544 Leib
483 2521 731 2557 zusammen,
775 2509 867 2547 dass
901 2511 1018 2549 ilznen
1067 2511 1151 2549 also
1188 2512 1246 2549 ire
1292 2507 1474 2548 Hemder
1508 2506 1682 2545 daric'ber
1702 2508 1793 2546 lain·

354 2561 523 2613 haugen.
587 2562 727 2602 Wenn
754 2565 810 2601 sie
840 2579 920 2603 ηιιη
949 2566 1035 2617 (mit
1066 2565 1217 2604 Urlanb
1243 2579 1289 2602 zu
1317 2561 1483 2609 melden)
1511 2562 1661 2600 hat-nen
1687 2563 1792 2601 w'o'l-

356 2615 440 2663 len,
470 2617 610 2655 host-em
639 2618 743 2656 daza
782 2619 919 2658 nieder
932 2648 944 2669 ‚
985 2620 1111 2659 las-sen
1146 2620 1212 2659 die
1240 2617 1397 2657 Binden
1422 2615 1641 2656 wiedemm
1679 2615 1788 2670 auff,

356 2671 508 2719 wel-‘stin
545 2671 672 2710 darzu
711 2674 794 2711 ihre
831 2673 998 2712 Kleider
1014 2704 1026 2724 ‚
1055 2676 1135 2714 wie
1162 2675 1228 2712 die
1266 2671 1336 2711 W
1330 2671 1457 2717 dher,
1488 2685 1556 2709 um
1585 2672 1685 2720 sich,
1719 2693 1740 2701 -
1768 2694 1792 2701 -

361 2724 444 2762 und
467 2725 594 2764 lassen
622 2726 732 2765 datm
759 2728 843 2767 also
871 2743 950 2768 von
979 2730 1060 2768 siclt
1083 2729 1220 2782 gehen.
1264 2726 1419 2769 Eadem
1447 2725 1575 2766 forma
1600 2725 1790 2766 hosarum
