1884 3132
332 118 452 191 732v
638 136 711 177 10.
751 135 856 178 1Ac.
896 137 1091 178 nmsxu
1130 136 1514 181 comm-„numi

329 254 418 279 nem
432 269 443 290 ,
482 253 560 294 per
583 254 703 295 (fleam
731 239 925 296 stignf'fi'cat
957 240 1109 280 eosdem
1130 242 1294 297 capillos
1321 241 1529 282 direxisse.
1581 241 1629 281 In
1664 241 1774 283 ordi-

329 310 382 334 ne
408 295 591 334 Romano
623 302 776 335 exstant
802 297 1004 336 orationes
1041 296 1092 336 ad
1137 297 1390 337 incidendam
1417 296 1692 350 capillaturam
1732 305 1774 337 et

332 351 384 390 ad
401 364 568 403 puerum
582 350 887 389 tonsurandum.
907 351 1045 391 Exstat
1061 366 1221 405 quoque
1232 352 1322 391 talis
1337 352 1506 391 formula
1525 350 1630 405 apud
1640 353 1772 392 Mura-

331 413 410 444 tor.
436 406 487 444 T.
513 406 564 446 11.
598 407 692 445 Ant.
715 405 805 444 Ital.
823 421 864 460 p.
883 420 977 460 299.
995 406 1112 445 Conf.
1131 408 1176 446 P.
1196 406 1355 446 Pithoei
1375 407 1543 447 Miscell.
1563 408 1610 447 L.
1630 408 1664 446 l.
1677 421 1714 446 c.
1737 421 1773 447 ι.

333 461 386 500 Τ.
410 461 462 499 ΙΙ.
478 462 596 500 Facis
627 462 793 500 Gruter.
825 476 864 514 p.
886 462 980 515 759.
1037 463 1146 515 Ergo
1172 465 1241 516 qui
1267 462 1357 501 talis
1387 464 1500 516 pueri
1523 461 1685 515 capillos
1704 462 1776 501 ab·

331 516 583 567 scindebant,
612 523 696 565 aut,
719 524 765 555 ut
785 515 850 555 hic
881 515 975 567 loci,
1005 517 1208 570 supposito
1229 518 1390 557 sudario
1416 517 1600 557 detonsos
1617 531 1778 556 asacer·

334 573 429 611 dote
456 579 495 610 et
524 571 749 610 decidentes
771 573 901 612 crines
929 573 1203 625 excipiebant,
1234 572 1293 612 illi
1323 587 1493 626 puerum
1521 572 1778 625 spiritualiter

334 627 582 681 adoptabant
609 634 648 666 et
661 634 883 680 compatres
904 630 987 667 eius
1000 628 1162 667 fiebant.
1205 628 1304 667 Erat
1317 643 1402 667 mos
1420 626 1583 682 capillos
1603 627 1668 666 vel
1686 641 1779 667 suos

336 682 403 722 vel
432 682 595 722 alterius
621 683 672 722 ad
700 682 873 736 aliquem
901 698 993 722 cum
1021 683 1162 723 litteris
1189 683 1371 723 mittendi
1401 683 1531 722 medio
1562 696 1661 721 aevo
1689 681 1778 722 val-

336 739 387 778 de
416 740 583 777 usitatus
605 767 618 789 ,
658 745 696 777 et
735 738 835 777 nihil
871 738 979 777 aliud
1020 753 1145 791 paene
1183 738 1429 793 significabat
1449 768 1461 787 ,
1491 752 1613 792 quam
1641 738 1675 776 si
1704 751 1778 777 nos

334 794 456 833 hodie
483 794 719 832 scribimus:
749 794 797 832 Je
821 808 917 833 vous
944 794 1048 834 baise
1078 794 1133 832 les
1170 797 1324 845 mains,
1353 794 1405 832 Je
1425 794 1503 833 suis
1527 802 1631 832 notre
1651 793 1779 831 servi-

335 858 423 888 τοια-
458 851 533 888 tres
563 850 730 887 lmmhle.
798 849 904 888 Nam
943 851 1072 888 crines
1098 857 1212 888 erant
1238 850 1397 903 signum
1420 848 1638 888 servitutis.
1696 848 1778 898 Qui

334 905 500 944 alterius
544 906 673 943 crines
714 903 880 943 haberet
901 934 912 950 ,
955 910 1112 959 poterat
1139 905 1279 952 illum,
1325 905 1439 943 cuius
1477 905 1606 943 crines
1632 909 1775 950 erant,

337 974 499 999 servum
527 966 597 998 aut
625 966 731 998 certe
760 959 946 998 libertum
983 973 1101 998 snum
1129 958 1346 1013 appellare.
1402 959 1457 999 Et
1483 958 1574 1007 ille,
1602 958 1674 1011 qui
1700 957 1779 996 cri-

337 1029 408 1054 nes
438 1017 611 1053 mitteret
638 1014 768 1061 alteri,
799 1013 1061 1067 profitebatur
1088 1029 1130 1053 se
1158 1017 1280 1068 ipsius
1306 1014 1563 1066 mancipium.
1623 1013 1782 1065 Insigne

337 1070 563 1123 exemplum
593 1068 788 1108 habemus
817 1070 857 1107 in
889 1070 1063 1109 Historia
1092 1069 1267 1109 Saladini
1297 1083 1320 1108 a
1347 1068 1400 1108 cl.
1423 1067 1673 1107 Schultensio
1702 1067 1781 1106 edi-

336 1131 377 1163 ta
395 1154 406 1174 ‚
437 1139 477 1177 1›·
497 1124 534 1163 5.
564 1124 854 1177 Excerptorum
884 1138 928 1163 ex
949 1124 1165 1164 Abulfeda.
1223 1125 1370 1164 Narrat
1397 1123 1453 1162 ibi
1480 1121 1781 1177 princepsAra-

336 1180 465 1230 biens,
508 1179 705 1218 Chalil'am
738 1179 910 1233 Aegypti
933 1194 957 1219 a
981 1180 1220 1219 Nuroddino
1236 1179 1586 1218 auxiliumrcontra
1602 1179 1781 1218 Francos

331 1244 538 1299 flagitasse
569 1236 753 1290 caum&
786 1238 910 1302 μ),
944 1247 1138 1290 ’.ΛΑΜ
1184 1234 1381 1301 <fio-ll»)
1413 1237 1458 1287 Al
1491 1235 1644 1280 &mh-ll
1678 1235 1781 1299 davi

335 1303 474 1345 ‘lm-»Ul
502 1308 613 1366 ,2²³²
645 1312 819 1352 mittebat
853 1313 1001 1351 litteras
1032 1313 1077 1351 al
1109 1311 1231 1352 Aded
1262 1310 1319 1350 ad
1352 1309 1650 1357 Nuroddinam‚
1691 1311 1782 1365 qui-

334 1367 404 1405 bus
420 1368 621 1406 auxilium
638 1368 689 1407 ab
711 1381 755 1406 eo
763 1366 997 1423 flagitabat,
1020 1381 1099 1406 una
1124 1382 1211 1406 cum
1231 1367 1401 1406 crinibus.
1426 1377 1595 1404 uxomm
1621 1378 1783 1404 suarum

334 1422 419 1475 (vel
447 1424 635 1476 gynaecei
675 1423 765 1474 sui),
802 1437 896 1478 quos
926 1423 1062 1462 litteris
1089 1423 1313 1462 incluserat.
1370 1422 1432 1459 Ita
1461 1420 1611 1473 integre
1638 1419 1786 1473 legitur

337 1479 380 1516 in
409 1479 544 1522 codice
571 1485 688 1517 msto.
747 1478 954 1517 Postrema
974 1485 1014 1516 et
1035 1479 1205 1516 maxime
1221 1476 1413 1516 notabilia
1427 1477 1609 1514 omittere
1623 1474 1781 1514 consul-

337 1535 417 1573 tius
435 1534 546 1572 duxit
569 1533 620 1572 cl.
639 1533 799 1572 Editor.
831 1534 1028 1588 Apparet,
1048 1532 1244 1572 Chalifam
1268 1531 1437 1572 voluisse
1455 1529 1687 1570 Nuroddino
1702 1543 1783 1583 quo

336 1591 427 1643 quis
457 1591 676 1643 excogitare
703 1596 860 1643 poterat
889 1589 1061 1628 maximo
1089 1588 1289 1635 blandiri,
1325 1594 1364 1625 et
1384 1585 1650 1625 humillimam
1670 1599 1783 1624 suam

337 1645 636 1683 venerationem
665 1646 738 1699 ipsi
760 1643 910 1683 testari.
964 1644 1103 1683 Genus
1141 1641 1440 1697 supplicationis
1467 1648 1507 1679 et
1535 1639 1782 1679 humiliatio-

335 1701 398 1739 nis
448 1708 668 1739 extremum
708 1706 766 1739 est
788 1729 800 1751 ,
831 1701 864 1738 si
891 1701 1075 1753 princeps
1113 1713 1219 1737 unus
1246 1697 1359 1736 alteri
1388 1710 1521 1735 comas
1549 1709 1629 1734 non
1659 1709 1749 1734 suas
1767 1723 1781 1744 ‚

337 1755 407 1796 sed
438 1755 627 1810 gynaecei
670 1757 732 1794 sui
761 1756 916 1804 mittat,
948 1756 991 1794 in
1019 1755 1201 1807 regione,
1231 1753 1301 1792 ubi
1331 1751 1516 1790 mulieres
1542 1757 1655 1788 tanta
1686 1757 1781 1788 sunt

335 1812 380 1850 in
409 1813 665 1852 veneratione
683 1840 694 1861 ,
723 1809 792 1849 ubi
834 1810 1081 1849 honestatem
1121 1808 1271 1849 violare
1301 1807 1487 1857 videtur,
1517 1807 1586 1860 qui
1615 1819 1680 1844 eas
1710 1804 1776 1844 vel

337 1867 547 1907 nominare
586 1866 734 1915 audet3
791 1865 862 1904 ubi
905 1865 1100 1904 foeminae
1150 1863 1308 1903 vultum
1346 1876 1464 1901 suum
1513 1861 1663 1900 nemini
1704 1861 1783 1899 nisi

339 1922 513 1961 multum
557 1921 775 1960 honestiori
811 1927 1032 1961 monstrant
1052 1949 1066 1970 ‚
1110 1919 1260 1959 nedum
1299 1931 1456 1957 comam
1493 1930 1606 1956 suam
1633 1917 1783 1970 imper-

339 1979 456 2017 tiant.
1784 1982 1785 1985 ’

423 2033 472 2072 55
507 2061 516 2070 .
540 2031 584 2075 Β.
608 2046 647 2086 7.
689 2031 800 2099 [621,
825 2030 912 2086 πμ]
953 2027 1142 2084 χρυσοῦν
1183 2023 1400 2081 ἑγχείριον,
1427 2016 1524 2081 ἐντῇ
1550 2023 1624 2063 καί
1659 2020 1703 2063 αἱ
1732 2021 1783 2062 α’-

338 2047 586 2139 ποκαρῖῒσαι
627 2100 767 2139 τριχες
802 2083 1018 2139 ἔγκεινται.
1096 2082 1286 2138 Mappula
1340 2095 1500 2136 quoque
1539 2079 1785 2133 excipiebant

338 2143 495 2193 crines,
525 2143 594 2195 qui
623 2141 790 2180 barbam
830 2139 1001 2196 pectenti
1040 2140 1276 2192 Imperatori
1318 2137 1578 2191 excipiebant.
1636 2134 1785 2173 Narrat

336 2197 388 2237 de
417 2198 573 2236 filiabus
601 2198 762 2237 Roberti
791 2195 1001 2236 Guiscardi
1041 2193 1259 2234 ordericus
1288 2192 1432 2232 Vitalis
1469 2192 1519 2230 L.
1537 2190 1633 2228 Vll.
1651 2219 1663 2237 ‚
1693 2185 1783 2240 offi-

336 2255 437 2291 cium
470 2267 608 2291 earam
623 2254 757 2306 sitisse
774 2282 785 2300 ,
829 2266 945 2291 mane
987 2250 1080 2289 dnm
1118 2249 1222 2304 Imp.
1261 2249 1444 2287 CPtanus
1483 2244 1662 2296 (Alexius
1705 2243 1783 2281 Co-

334 2310 519 2360 mnenus)
548 2308 599 2346 de
628 2316 747 2346 strato
772 2308 1012 2354 surrexisset,
1044 2318 1253 2359 manusque
1280 2319 1368 2342 suas
1395 2302 1581 2351 ablueret,
1616 2312 1783 2361 mappu-

335 2364 419 2402 lam
451 2372 488 2402 et
555 2363 715 2404 ectitzem
750 2363 954 2401 eburnewn
989 2359 1137 2415 qffi’rre
1171 2369 1209 2398 et
1241 2359 1402 2399 barbam
1433 2357 1687 2410 Imperatorzs
1706 2367 1784 2407 pe-

339 2427 452 2460 ctere.
518 2378 581 2458 ἕο
619 2425 751 2457 autem
770 2446 782 2467 ,
823 2416 932 2472 quod
974 2422 1196 2468 compatres
1236 2419 1435 2467 quotquot
1475 2415 1606 2449 essent
1644 2421 1783 2446 omnes

335 2487 536 2527 mappam,
565 2487 644 2527 qua
667 2474 796 2511 crines
812 2471 1038 2510 decidentes
1056 2468 1371 2523 excipiebantur,
1403 2464 1609 2512 tenebant,
1639 2462 1784 2525 signifi-

335 2529 506 2578 cabant,
538 2542 578 2567 se
605 2535 764 2567 tonsum
792 2528 985 2566 infantem
1015 2526 1056 2564 in
1085 2533 1243 2564 coetum
1275 2537 1393 2563 suum
1421 2521 1624 2571 recipere,
1654 2518 1694 2556 id
1724 2524 1783 2556 est

336 2583 387 2621 ad
429 2586 753 2623 communionem
802 2582 1126 2620 Christianorum
1174 2579 1409 2627 admittere,
1453 2587 1546 2614 eum
1587 2586 1659 2625 pro
1699 2586 1782 2611 uno

335 2637 653 2677 commilitonum
682 2651 848 2678 suorum
878 2645 917 2676 et
944 2636 1231 2675 confidentium
1263 2644 1491 2687 agnoscere,
1520 2627 1782 2681 quemadmo-

338 2691 435 2730 dum
464 2696 634 2745 episcopi
660 2723 670 2741 ‚
719 2693 881 2732 alterius
912 2691 1027 2732 electi
1056 2690 1227 2743 episcopi
1257 2684 1502 2727 ordinationi
1530 2689 1780 2746 praesentes,

338 2759 473 2788 omnes
504 2748 621 2788 simul
650 2747 843 2803 evangelii
862 2747 1038 2786 codicem
1066 2745 1211 2786 cervici
1239 2750 1278 2783 et
1305 2741 1424 2797 capiti
1463 2738 1576 2779 electi
1619 2751 1783 2792 imposn-
