<?xml version="1.0" encoding="UTF-8"?>
<!DOCTYPE html PUBLIC "-//W3C//DTD XHTML 1.0 Transitional//EN"
    "http://www.w3.org/TR/xhtml1/DTD/xhtml1-transitional.dtd">
<html xmlns="http://www.w3.org/1999/xhtml" xml:lang="en" lang="en">
 <head>
  <title>
</title>
<meta http-equiv="Content-Type" content="text/html;charset=utf-8" />
  <meta name='ocr-system' content='tesseract 3.04.00' />
  <meta name='ocr-capabilities' content='ocr_page ocr_carea ocr_par ocr_line ocrx_word'/>
</head>
<body>
  <div class='ocr_page' id='page_1' title='image "./corpusscriptorum08niebuoft/corpusscriptorum08niebuoft_0557.png"; bbox 0 0 1884 3132; ppageno 0'>
   <div class='ocr_carea' id='block_1_1' title="bbox 259 96 1627 174">
    <p class='ocr_par' dir='ltr' id='par_1_1' title="bbox 259 96 1627 174">
     <span class='ocr_line' id='line_1_1' title="bbox 259 96 1627 174; baseline 0.001 -9"><span class='ocrx_word' id='word_1_1' title='bbox 259 100 262 101; x_wconf 40' lang='lat'><em>⁷</em></span> <span class='ocrx_word' id='word_1_2' title='bbox 306 139 310 142; x_wconf 93' lang='lat'><em>-</em></span> <span class='ocrx_word' id='word_1_3' title='bbox 346 121 421 164; x_wconf 76' lang='lat' dir='ltr'><strong>An</strong></span> <span class='ocrx_word' id='word_1_4' title='bbox 461 119 796 164; x_wconf 73' lang='lat' dir='ltr'><strong>APPENmCm</strong></span> <span class='ocrx_word' id='word_1_5' title='bbox 832 122 930 162; x_wconf 75' lang='lat' dir='ltr'><strong>Lm.</strong></span> <span class='ocrx_word' id='word_1_6' title='bbox 964 122 1003 162; x_wconf 66' lang='grc' dir='ltr'><strong>ι.</strong></span> <span class='ocrx_word' id='word_1_7' title='bbox 1042 121 1116 161; x_wconf 85' lang='lat' dir='ltr'><strong>DE</strong></span> <span class='ocrx_word' id='word_1_8' title='bbox 1151 117 1409 162; x_wconf 77' lang='lat' dir='ltr'><strong>CERmoN.</strong></span> <span class='ocrx_word' id='word_1_9' title='bbox 1513 96 1627 174; x_wconf 80' lang='grc'><strong>549</strong></span> 
     </span>
    </p>
   </div>
   <div class='ocr_carea' id='block_1_2' title="bbox 135 222 1627 2731">
    <p class='ocr_par' dir='ltr' id='par_1_2' title="bbox 135 222 1627 2731">
     <span class='ocr_line' id='line_1_2' title="bbox 195 222 1625 276; baseline -0.003 -10"><span class='ocrx_word' id='word_1_10' title='bbox 195 239 296 266; x_wconf 85' lang='lat' dir='ltr'><strong>num</strong></span> <span class='ocrx_word' id='word_1_11' title='bbox 319 239 343 266; x_wconf 89' lang='lat' dir='ltr'><strong>e</strong></span> <span class='ocrx_word' id='word_1_12' title='bbox 360 225 611 266; x_wconf 78' lang='lat' dir='ltr'><strong>ConstantIni</strong></span> <span class='ocrx_word' id='word_1_13' title='bbox 631 226 691 263; x_wconf 91' lang='lat' dir='ltr'><strong>M.</strong></span> <span class='ocrx_word' id='word_1_14' title='bbox 710 225 962 263; x_wconf 83' lang='lat' dir='ltr'><strong>concessione</strong></span> <span class='ocrx_word' id='word_1_15' title='bbox 988 223 1143 263; x_wconf 87' lang='lat' dir='ltr'><strong>iuribus</strong></span> <span class='ocrx_word' id='word_1_16' title='bbox 1171 224 1465 276; x_wconf 79' lang='lat' dir='ltr'>Imperatorum</span> <span class='ocrx_word' id='word_1_17' title='bbox 1491 222 1625 261; x_wconf 88' lang='lat' dir='ltr'><strong>omni-</strong></span> 
     </span>
     <span class='ocr_line' id='line_1_3' title="bbox 195 274 1625 331; baseline -0.003 -11"><span class='ocrx_word' id='word_1_18' title='bbox 195 280 273 320; x_wconf 86' lang='lat' dir='ltr'><strong>bus</strong></span> <span class='ocrx_word' id='word_1_19' title='bbox 304 281 390 331; x_wconf 88' lang='lat' dir='ltr'><strong>uti,</strong></span> <span class='ocrx_word' id='word_1_20' title='bbox 420 274 522 320; x_wconf 73' lang='grc' dir='ltr'><strong>ἄνευ</strong></span> <span class='ocrx_word' id='word_1_21' title='bbox 549 277 679 330; x_wconf 80' lang='grc' dir='ltr'>μόνου</span> <span class='ocrx_word' id='word_1_22' title='bbox 710 275 785 317; x_wconf 57' lang='grc' dir='ltr'><strong>ἑοῦ</strong></span> <span class='ocrx_word' id='word_1_23' title='bbox 812 277 1066 328; x_wconf 79' lang='grc' dir='ltr'><em>στέμματος·</em></span> <span class='ocrx_word' id='word_1_24' title='bbox 1123 274 1194 317; x_wconf 74' lang='grc' dir='ltr'><strong>διὰ</strong></span> <span class='ocrx_word' id='word_1_25' title='bbox 1219 276 1300 330; x_wconf 78' lang='grc' dir='ltr'><strong>γὰρ</strong></span> <span class='ocrx_word' id='word_1_26' title='bbox 1329 277 1453 317; x_wconf 78' lang='grc' dir='ltr'><strong><em>τοῦτο</em></strong></span> <span class='ocrx_word' id='word_1_27' title='bbox 1479 274 1554 315; x_wconf 78' lang='grc' dir='ltr'><strong><em>καί</em></strong></span> <span class='ocrx_word' id='word_1_28' title='bbox 1578 275 1625 316; x_wconf 78' lang='grc' dir='ltr'><strong>ἐν</strong></span> 
     </span>
     <span class='ocr_line' id='line_1_4' title="bbox 195 327 1625 388; baseline -0.003 -14"><span class='ocrx_word' id='word_1_29' title='bbox 195 338 287 382; x_wconf 80' lang='grc' dir='ltr'><strong><em>ταῖς</em></strong></span> <span class='ocrx_word' id='word_1_30' title='bbox 314 330 546 388; x_wconf 71' lang='grc' dir='ltr'><em>ὄπηδήποτε</em></span> <span class='ocrx_word' id='word_1_31' title='bbox 591 332 827 384; x_wconf 73' lang='grc' dir='ltr'><em>γενομέναις</em></span> <span class='ocrx_word' id='word_1_32' title='bbox 871 327 1164 384; x_wconf 71' lang='grc' dir='ltr'><em>πρυελεύσεσιν</em></span> <span class='ocrx_word' id='word_1_33' title='bbox 1192 330 1325 371; x_wconf 70' lang='grc' dir='ltr'><em>αὐτοῦ</em></span> <span class='ocrx_word' id='word_1_34' title='bbox 1362 327 1435 370; x_wconf 77' lang='grc' dir='ltr'><em>καί</em></span> <span class='ocrx_word' id='word_1_35' title='bbox 1460 329 1507 370; x_wconf 75' lang='grc' dir='ltr'><strong>ἐν</strong></span> <span class='ocrx_word' id='word_1_36' title='bbox 1532 332 1625 377; x_wconf 77' lang='grc' dir='ltr'><strong><em>ταῖς</em></strong></span> 
     </span>
     <span class='ocr_line' id='line_1_5' title="bbox 194 379 1625 442; baseline -0.004 -13"><span class='ocrx_word' id='word_1_37' title='bbox 194 389 334 438; x_wconf 73' lang='grc' dir='ltr'><strong><em>θείαις</em></strong></span> <span class='ocrx_word' id='word_1_38' title='bbox 345 385 659 442; x_wconf 75' lang='grc' dir='ltr'><em>ἱεροπελεστιάις</em></span> <span class='ocrx_word' id='word_1_39' title='bbox 678 383 748 426; x_wconf 77' lang='grc' dir='ltr'><strong>διὰ</strong></span> <span class='ocrx_word' id='word_1_40' title='bbox 775 387 993 437; x_wconf 81' lang='grc' dir='ltr'><strong><em>βασιλικοῦ</em></strong></span> <span class='ocrx_word' id='word_1_41' title='bbox 1012 382 1150 437; x_wconf 75' lang='grc' dir='ltr'><strong><em>λεόρου</em></strong></span> <span class='ocrx_word' id='word_1_42' title='bbox 1178 383 1253 439; x_wconf 70' lang='grc' dir='ltr'><strong>τὴν</strong></span> <span class='ocrx_word' id='word_1_43' title='bbox 1281 380 1467 440; x_wconf 73' lang='grc' dir='ltr'><strong><em>κεφαλήν</em></strong></span> <span class='ocrx_word' id='word_1_44' title='bbox 1494 379 1625 424; x_wconf 72' lang='grc' dir='ltr'><strong><em>καλύ-</em></strong></span> 
     </span>
     <span class='ocr_line' id='line_1_6' title="bbox 195 440 1624 495; baseline -0.003 -13"><span class='ocrx_word' id='word_1_45' title='bbox 195 457 350 484; x_wconf 83' lang='grc' dir='ltr'><strong><em>πτεται.</em></strong></span> <span class='ocrx_word' id='word_1_46' title='bbox 410 444 541 482; x_wconf 88' lang='lat' dir='ltr'><strong>Latini</strong></span> <span class='ocrx_word' id='word_1_47' title='bbox 578 455 738 495; x_wconf 80' lang='lat' dir='ltr'><strong>quoque</strong></span> <span class='ocrx_word' id='word_1_48' title='bbox 766 442 809 479; x_wconf 89' lang='lat' dir='ltr'><strong>in</strong></span> <span class='ocrx_word' id='word_1_49' title='bbox 842 440 950 479; x_wconf 87' lang='lat' dir='ltr'><strong>hunc</strong></span> <span class='ocrx_word' id='word_1_50' title='bbox 977 441 1142 479; x_wconf 88' lang='lat' dir='ltr'><strong>modum</strong></span> <span class='ocrx_word' id='word_1_51' title='bbox 1168 441 1322 494; x_wconf 83' lang='lat' dir='ltr'><strong>egregia</strong></span> <span class='ocrx_word' id='word_1_52' title='bbox 1350 453 1531 493; x_wconf 86' lang='lat' dir='ltr'><strong>quaeque</strong></span> <span class='ocrx_word' id='word_1_53' title='bbox 1557 454 1624 478; x_wconf 76' lang='lat' dir='ltr'><strong>re·-</strong></span> 
     </span>
     <span class='ocr_line' id='line_1_7' title="bbox 193 493 1625 552; baseline -0.001 -16"><span class='ocrx_word' id='word_1_54' title='bbox 193 500 264 551; x_wconf 84' lang='lat' dir='ltr'><strong>gia</strong></span> <span class='ocrx_word' id='word_1_55' title='bbox 290 497 556 552; x_wconf 81' lang='lat' dir='ltr'><strong>appellabant.</strong></span> <span class='ocrx_word' id='word_1_56' title='bbox 582 497 747 550; x_wconf 84' lang='lat' dir='ltr'><strong>Gregor.</strong></span> <span class='ocrx_word' id='word_1_57' title='bbox 793 496 947 534; x_wconf 81' lang='lat' dir='ltr'><strong>Turon.</strong></span> <span class='ocrx_word' id='word_1_58' title='bbox 982 495 1055 533; x_wconf 91' lang='lat' dir='ltr'><strong>IV.</strong></span> <span class='ocrx_word' id='word_1_59' title='bbox 1094 495 1187 535; x_wconf 82' lang='lat'><strong>26.:</strong></span> <span class='ocrx_word' id='word_1_60' title='bbox 1218 497 1386 549; x_wconf 76' lang='lat' dir='ltr'><em>adspicit</em></span> <span class='ocrx_word' id='word_1_61' title='bbox 1410 493 1625 548; x_wconf 85' lang='lat' dir='ltr'><strong>[lanarium</strong></span> 
     </span>
     <span class='ocr_line' id='line_1_8' title="bbox 197 549 1626 606; baseline -0.003 -14"><span class='ocrx_word' id='word_1_62' title='bbox 197 551 407 606; x_wconf 77' lang='lat' dir='ltr'><strong>artificem]</strong></span> <span class='ocrx_word' id='word_1_63' title='bbox 436 553 575 591; x_wconf 79' lang='lat' dir='ltr'><strong>lascias</strong></span> <span class='ocrx_word' id='word_1_64' title='bbox 593 550 787 604; x_wconf 60' lang='lat' dir='ltr'><strong>[Las-chen</strong></span> <span class='ocrx_word' id='word_1_65' title='bbox 803 580 814 597; x_wconf 77' lang='lat'>‚</span> <span class='ocrx_word' id='word_1_66' title='bbox 851 550 1010 588; x_wconf 77' lang='lat' dir='ltr'><strong>Borclen</strong></span> <span class='ocrx_word' id='word_1_67' title='bbox 1024 579 1037 600; x_wconf 92' lang='lat'>,</span> <span class='ocrx_word' id='word_1_68' title='bbox 1080 549 1259 603; x_wconf 67' lang='lat' dir='ltr'><strong>Dessen]</strong></span> <span class='ocrx_word' id='word_1_69' title='bbox 1301 551 1431 602; x_wconf 75' lang='lat' dir='ltr'><strong>regias</strong></span> <span class='ocrx_word' id='word_1_70' title='bbox 1464 563 1626 603; x_wconf 84' lang='lat' dir='ltr'><strong>compo-</strong></span> 
     </span>
     <span class='ocr_line' id='line_1_9' title="bbox 198 603 1626 658; baseline -0.004 -11"><span class='ocrx_word' id='word_1_71' title='bbox 198 617 364 647; x_wconf 84' lang='lat' dir='ltr'><em>nentem.</em></span> <span class='ocrx_word' id='word_1_72' title='bbox 395 606 624 646; x_wconf 81' lang='lat' dir='ltr'>Anastasius</span> <span class='ocrx_word' id='word_1_73' title='bbox 644 605 883 644; x_wconf 80' lang='lat' dir='ltr'><strong>Hormisda:</strong></span> <span class='ocrx_word' id='word_1_74' title='bbox 902 605 1149 655; x_wconf 77' lang='lat' dir='ltr'><em>chlamydem</em></span> <span class='ocrx_word' id='word_1_75' title='bbox 1170 604 1263 658; x_wconf 90' lang='lat' dir='ltr'><strong>[hoc</strong></span> <span class='ocrx_word' id='word_1_76' title='bbox 1290 611 1350 643; x_wconf 89' lang='lat' dir='ltr'><strong>est</strong></span> <span class='ocrx_word' id='word_1_77' title='bbox 1376 603 1498 643; x_wconf 84' lang='lat' dir='ltr'><strong>telam</strong></span> <span class='ocrx_word' id='word_1_78' title='bbox 1524 617 1626 656; x_wconf 87' lang='lat' dir='ltr'><strong>pan-</strong></span> 
     </span>
     <span class='ocr_line' id='line_1_10' title="bbox 196 657 1625 716; baseline -0.002 -15"><span class='ocrx_word' id='word_1_79' title='bbox 196 661 260 716; x_wconf 90' lang='lat' dir='ltr'><strong>ni]</strong></span> <span class='ocrx_word' id='word_1_80' title='bbox 302 662 572 716; x_wconf 80' lang='lat' dir='ltr'><strong><em>imperialem,</em></strong></span> <span class='ocrx_word' id='word_1_81' title='bbox 623 660 670 698; x_wconf 83' lang='lat' dir='ltr'><strong>icl</strong></span> <span class='ocrx_word' id='word_1_82' title='bbox 707 669 763 698; x_wconf 85' lang='lat' dir='ltr'><strong>est</strong></span> <span class='ocrx_word' id='word_1_83' title='bbox 806 660 968 708; x_wconf 82' lang='lat' dir='ltr'><strong>scolam,</strong></span> <span class='ocrx_word' id='word_1_84' title='bbox 1006 668 1044 697; x_wconf 82' lang='lat' dir='ltr'><strong>et</strong></span> <span class='ocrx_word' id='word_1_85' title='bbox 1084 659 1372 698; x_wconf 80' lang='lat' dir='ltr'><em>substratorium</em></span> <span class='ocrx_word' id='word_1_86' title='bbox 1414 657 1490 712; x_wconf 87' lang='lat' dir='ltr'><strong>[ita</strong></span> <span class='ocrx_word' id='word_1_87' title='bbox 1517 665 1625 698; x_wconf 86' lang='lat' dir='ltr'><strong>recte</strong></span> 
     </span>
     <span class='ocr_line' id='line_1_11' title="bbox 197 711 1625 769; baseline -0.002 -14"><span class='ocrx_word' id='word_1_88' title='bbox 197 716 381 755; x_wconf 83' lang='lat' dir='ltr'><strong>emendat</strong></span> <span class='ocrx_word' id='word_1_89' title='bbox 407 717 474 754; x_wconf 92' lang='lat' dir='ltr'><strong>Du</strong></span> <span class='ocrx_word' id='word_1_90' title='bbox 503 716 636 768; x_wconf 84' lang='lat' dir='ltr'>Gange</span> <span class='ocrx_word' id='word_1_91' title='bbox 663 714 707 753; x_wconf 88' lang='lat' dir='ltr'><strong>h.</strong></span> <span class='ocrx_word' id='word_1_92' title='bbox 736 713 795 768; x_wconf 73' lang='lat' dir='ltr'><strong>v]</strong></span> <span class='ocrx_word' id='word_1_93' title='bbox 818 716 950 769; x_wconf 78' lang='lat' dir='ltr'><em>posuit</em></span> <span class='ocrx_word' id='word_1_94' title='bbox 977 728 1094 768; x_wconf 77' lang='lat' dir='ltr'><strong>super</strong></span> <span class='ocrx_word' id='word_1_95' title='bbox 1134 715 1413 765; x_wconf 66' lang='lat' dir='ltr'><strong>cotglessionem</strong></span> <span class='ocrx_word' id='word_1_96' title='bbox 1442 711 1536 765; x_wconf 87' lang='lat' dir='ltr'><strong>[hoc</strong></span> <span class='ocrx_word' id='word_1_97' title='bbox 1565 720 1625 752; x_wconf 86' lang='lat' dir='ltr'><strong>est</strong></span> 
     </span>
     <span class='ocr_line' id='line_1_12' title="bbox 195 767 1623 824; baseline -0.004 -13"><span class='ocrx_word' id='word_1_98' title='bbox 195 769 345 824; x_wconf 83' lang='lat' dir='ltr'><strong>altare]</strong></span> <span class='ocrx_word' id='word_1_99' title='bbox 385 770 438 809; x_wconf 93' lang='lat' dir='ltr'><strong>B.</strong></span> <span class='ocrx_word' id='word_1_100' title='bbox 479 771 607 809; x_wconf 81' lang='lat' dir='ltr'><strong>Petri.</strong></span> <span class='ocrx_word' id='word_1_101' title='bbox 661 769 788 808; x_wconf 87' lang='lat' dir='ltr'>Addit</span> <span class='ocrx_word' id='word_1_102' title='bbox 827 770 919 808; x_wconf 89' lang='lat' dir='ltr'><strong>huie</strong></span> <span class='ocrx_word' id='word_1_103' title='bbox 960 769 1277 821; x_wconf 78' lang='lat' dir='ltr'><strong>interpretationi</strong></span> <span class='ocrx_word' id='word_1_104' title='bbox 1315 768 1474 822; x_wconf 87' lang='lat' dir='ltr'><strong>pondus</strong></span> <span class='ocrx_word' id='word_1_105' title='bbox 1501 767 1623 806; x_wconf 88' lang='lat' dir='ltr'><strong>dictio</strong></span> 
     </span>
     <span class='ocr_line' id='line_1_13' title="bbox 193 822 1625 879; baseline -0.001 -15"><span class='ocrx_word' id='word_1_106' title='bbox 193 826 470 865; x_wconf 79' lang='lat' dir='ltr'><strong>scaramanm&#39;a</strong></span> <span class='ocrx_word' id='word_1_107' title='bbox 503 825 793 879; x_wconf 77' lang='lat' dir='ltr'><strong>Imperatorum</strong></span> <span class='ocrx_word' id='word_1_108' title='bbox 807 838 824 873; x_wconf 88' lang='lat'><strong>‚·</strong></span> <span class='ocrx_word' id='word_1_109' title='bbox 861 823 946 863; x_wconf 85' lang='lat' dir='ltr'><strong>vid.</strong></span> <span class='ocrx_word' id='word_1_110' title='bbox 985 824 1054 862; x_wconf 90' lang='lat' dir='ltr'><strong>Du</strong></span> <span class='ocrx_word' id='word_1_111' title='bbox 1082 823 1215 876; x_wconf 87' lang='lat' dir='ltr'><strong>Cange</strong></span> <span class='ocrx_word' id='word_1_112' title='bbox 1250 837 1291 862; x_wconf 85' lang='lat' dir='ltr'><strong>v.</strong></span> <span class='ocrx_word' id='word_1_113' title='bbox 1329 822 1548 876; x_wconf 82' lang='lat' dir='ltr'><strong>Imperiale</strong></span> <span class='ocrx_word' id='word_1_114' title='bbox 1585 829 1625 862; x_wconf 87' lang='lat' dir='ltr'><strong>et</strong></span> 
     </span>
     <span class='ocr_line' id='line_1_14' title="bbox 194 876 1624 932; baseline -0.003 -13"><span class='ocrx_word' id='word_1_115' title='bbox 194 880 477 932; x_wconf 77' lang='lat' dir='ltr'><strong>Scaramanga.</strong></span> <span class='ocrx_word' id='word_1_116' title='bbox 531 880 629 932; x_wconf 58' lang='lat' dir='ltr'><strong>Ipse‘</strong></span> <span class='ocrx_word' id='word_1_117' title='bbox 644 880 712 917; x_wconf 91' lang='lat' dir='ltr'><strong>Du</strong></span> <span class='ocrx_word' id='word_1_118' title='bbox 731 879 864 932; x_wconf 82' lang='lat' dir='ltr'><strong>Gange</strong></span> <span class='ocrx_word' id='word_1_119' title='bbox 890 885 1003 931; x_wconf 86' lang='lat' dir='ltr'><strong>putat</strong></span> <span class='ocrx_word' id='word_1_120' title='bbox 1028 878 1080 916; x_wconf 82' lang='lat' dir='ltr'><strong>ab</strong></span> <span class='ocrx_word' id='word_1_121' title='bbox 1107 878 1264 917; x_wconf 79' lang='lat' dir='ltr'><strong>intextis</strong></span> <span class='ocrx_word' id='word_1_122' title='bbox 1284 876 1453 931; x_wconf 87' lang='lat' dir='ltr'><strong>regulis,</strong></span> <span class='ocrx_word' id='word_1_123' title='bbox 1483 876 1624 915; x_wconf 81' lang='lat' dir='ltr'><strong>avibus</strong></span> 
     </span>
     <span class='ocr_line' id='line_1_15' title="bbox 194 931 1620 987; baseline -0.003 -13"><span class='ocrx_word' id='word_1_124' title='bbox 194 937 252 974; x_wconf 81' lang='lat' dir='ltr'><strong>sie</strong></span> <span class='ocrx_word' id='word_1_125' title='bbox 278 943 317 974; x_wconf 92' lang='lat' dir='ltr'><strong>et</strong></span> <span class='ocrx_word' id='word_1_126' title='bbox 343 933 599 984; x_wconf 74' lang='grc' dir='ltr'><strong><em>βασιλίσκως</em></strong></span> <span class='ocrx_word' id='word_1_127' title='bbox 637 933 752 972; x_wconf 89' lang='lat' dir='ltr'><strong>dictis</strong></span> <span class='ocrx_word' id='word_1_128' title='bbox 780 947 957 987; x_wconf 90' lang='lat' dir='ltr'><strong>pannum</strong></span> <span class='ocrx_word' id='word_1_129' title='bbox 984 947 1129 972; x_wconf 87' lang='lat' dir='ltr'><strong>nomen</strong></span> <span class='ocrx_word' id='word_1_130' title='bbox 1158 934 1386 984; x_wconf 80' lang='lat' dir='ltr'><strong>invenisse3</strong></span> <span class='ocrx_word' id='word_1_131' title='bbox 1415 931 1501 970; x_wconf 83' lang='lat' dir='ltr'><strong>vid.</strong></span> <span class='ocrx_word' id='word_1_132' title='bbox 1529 945 1620 971; x_wconf 78' lang='lat' dir='ltr'><strong>voc.</strong></span> 
     </span>
     <span class='ocr_line' id='line_1_16' title="bbox 194 986 1624 1040; baseline -0.003 -11"><span class='ocrx_word' id='word_1_133' title='bbox 194 990 416 1039; x_wconf 82' lang='lat' dir='ltr'><strong>Basilicus,</strong></span> <span class='ocrx_word' id='word_1_134' title='bbox 446 988 516 1027; x_wconf 90' lang='lat' dir='ltr'><strong>ubi</strong></span> <span class='ocrx_word' id='word_1_135' title='bbox 544 988 676 1027; x_wconf 90' lang='lat' dir='ltr'><strong>locum</strong></span> <span class='ocrx_word' id='word_1_136' title='bbox 707 988 815 1027; x_wconf 88' lang='lat' dir='ltr'><strong>hunc</strong></span> <span class='ocrx_word' id='word_1_137' title='bbox 832 986 1034 1027; x_wconf 88' lang='lat' dir='ltr'><strong>Guilielmi</strong></span> <span class='ocrx_word' id='word_1_138' title='bbox 1057 987 1355 1027; x_wconf 83' lang='lat' dir='ltr'><strong>Bibliothecarii</strong></span> <span class='ocrx_word' id='word_1_139' title='bbox 1384 994 1522 1025; x_wconf 73' lang='lat' dir='ltr'><strong>nostro</strong></span> <span class='ocrx_word' id='word_1_140' title='bbox 1551 1001 1624 1040; x_wconf 88' lang='lat' dir='ltr'><strong>ap-</strong></span> 
     </span>
     <span class='ocr_line' id='line_1_17' title="bbox 193 1036 1621 1097; baseline -0.002 -14"><span class='ocrx_word' id='word_1_141' title='bbox 193 1045 321 1097; x_wconf 83' lang='lat' dir='ltr'><strong>prime</strong></span> <span class='ocrx_word' id='word_1_142' title='bbox 348 1057 567 1096; x_wconf 81' lang='lat' dir='ltr'><strong>eongruum</strong></span> <span class='ocrx_word' id='word_1_143' title='bbox 595 1044 704 1082; x_wconf 87' lang='lat' dir='ltr'><strong>citat.</strong></span> <span class='ocrx_word' id='word_1_144' title='bbox 760 1043 861 1081; x_wconf 87' lang='lat' dir='ltr'><strong>Nam</strong></span> <span class='ocrx_word' id='word_1_145' title='bbox 887 1050 933 1082; x_wconf 91' lang='lat' dir='ltr'><strong>ut</strong></span> <span class='ocrx_word' id='word_1_146' title='bbox 960 1044 1000 1081; x_wconf 92' lang='lat' dir='ltr'><strong>in</strong></span> <span class='ocrx_word' id='word_1_147' title='bbox 1019 1043 1166 1082; x_wconf 82' lang='lat' dir='ltr'><strong>Nostro</strong></span> <span class='ocrx_word' id='word_1_148' title='bbox 1195 1042 1272 1082; x_wconf 90' lang='lat' dir='ltr'><strong>hoc</strong></span> <span class='ocrx_word' id='word_1_149' title='bbox 1301 1040 1339 1081; x_wconf 85' lang='grc' dir='ltr'><strong>οἱ</strong></span> <span class='ocrx_word' id='word_1_150' title='bbox 1369 1036 1488 1080; x_wconf 67' lang='lat' dir='ltr'><strong>derel</strong></span> <span class='ocrx_word' id='word_1_151' title='bbox 1512 1049 1551 1080; x_wconf 93' lang='lat' dir='ltr'><strong>et</strong></span> <span class='ocrx_word' id='word_1_152' title='bbox 1569 1037 1621 1080; x_wconf 76' lang='lat' dir='ltr'><strong>wi</strong></span> 
     </span>
     <span class='ocr_line' id='line_1_18' title="bbox 192 1094 1624 1151; baseline -0.003 -13"><span class='ocrx_word' id='word_1_153' title='bbox 192 1094 386 1150; x_wconf 79' lang='grc' dir='ltr'><strong><em>βασιλικὰ</em></strong></span> <span class='ocrx_word' id='word_1_154' title='bbox 427 1097 492 1137; x_wconf 85' lang='lat' dir='ltr'><strong>vel</strong></span> <span class='ocrx_word' id='word_1_155' title='bbox 535 1098 747 1148; x_wconf 77' lang='grc' dir='ltr'><strong><em>βασιλίκια</em></strong></span> <span class='ocrx_word' id='word_1_156' title='bbox 777 1101 882 1148; x_wconf 88' lang='lat' dir='ltr'><strong>(nam</strong></span> <span class='ocrx_word' id='word_1_157' title='bbox 910 1097 1075 1150; x_wconf 82' lang='lat' dir='ltr'><strong>perinde</strong></span> <span class='ocrx_word' id='word_1_158' title='bbox 1104 1096 1183 1150; x_wconf 85' lang='lat' dir='ltr'><strong>est)</strong></span> <span class='ocrx_word' id='word_1_159' title='bbox 1212 1098 1534 1151; x_wconf 84' lang='lat' dir='ltr'><strong>coniunguntur,</strong></span> <span class='ocrx_word' id='word_1_160' title='bbox 1567 1097 1624 1135; x_wconf 88' lang='lat' dir='ltr'><strong>sic</strong></span> 
     </span>
     <span class='ocr_line' id='line_1_19' title="bbox 192 1151 1627 1207; baseline -0.002 -14"><span class='ocrx_word' id='word_1_161' title='bbox 192 1161 235 1193; x_wconf 86' lang='lat' dir='ltr'><strong>et</strong></span> <span class='ocrx_word' id='word_1_162' title='bbox 260 1153 327 1192; x_wconf 87' lang='lat' dir='ltr'><strong>ille</strong></span> <span class='ocrx_word' id='word_1_163' title='bbox 352 1153 527 1207; x_wconf 75' lang='lat' dir='ltr'><strong>aquilam</strong></span> <span class='ocrx_word' id='word_1_164' title='bbox 555 1160 594 1191; x_wconf 91' lang='lat' dir='ltr'><strong>et</strong></span> <span class='ocrx_word' id='word_1_165' title='bbox 621 1153 672 1192; x_wconf 81' lang='lat' dir='ltr'><strong>de</strong></span> <span class='ocrx_word' id='word_1_166' title='bbox 693 1153 866 1191; x_wconf 77' lang='lat' dir='ltr'><strong>basilisci</strong></span> <span class='ocrx_word' id='word_1_167' title='bbox 889 1152 1113 1205; x_wconf 85' lang='lat' dir='ltr'><strong>coniungit.</strong></span> <span class='ocrx_word' id='word_1_168' title='bbox 1142 1153 1272 1191; x_wconf 89' lang='lat' dir='ltr'><strong>Locus</strong></span> <span class='ocrx_word' id='word_1_169' title='bbox 1302 1151 1367 1191; x_wconf 91' lang='lat' dir='ltr'><strong>hic</strong></span> <span class='ocrx_word' id='word_1_170' title='bbox 1398 1158 1455 1191; x_wconf 59' lang='lat' dir='ltr'><strong>est</strong></span> <span class='ocrx_word' id='word_1_171' title='bbox 1471 1164 1483 1188; x_wconf 71' lang='grc' dir='ltr'><strong><em>ε</em></strong></span> <span class='ocrx_word' id='word_1_172' title='bbox 1513 1152 1627 1190; x_wconf 80' lang='lat' dir='ltr'><strong>Fecit</strong></span> 
     </span>
     <span class='ocr_line' id='line_1_20' title="bbox 192 1206 1625 1247; baseline -0.001 -1"><span class='ocrx_word' id='word_1_173' title='bbox 192 1209 236 1247; x_wconf 84' lang='lat' dir='ltr'><strong>in</strong></span> <span class='ocrx_word' id='word_1_174' title='bbox 264 1208 422 1246; x_wconf 83' lang='lat' dir='ltr'><strong>ecclesia</strong></span> <span class='ocrx_word' id='word_1_175' title='bbox 443 1206 612 1246; x_wconf 82' lang='lat' dir='ltr'><strong>Domini</strong></span> <span class='ocrx_word' id='word_1_176' title='bbox 635 1207 856 1246; x_wconf 76' lang='lat' dir='ltr'><strong>Salvator-is</strong></span> <span class='ocrx_word' id='word_1_177' title='bbox 882 1208 972 1245; x_wconf 77' lang='lat' dir='ltr'><strong>vela</strong></span> <span class='ocrx_word' id='word_1_178' title='bbox 997 1209 1120 1245; x_wconf 84' lang='lat' dir='ltr'><strong>serica</strong></span> <span class='ocrx_word' id='word_1_179' title='bbox 1163 1207 1214 1245; x_wconf 82' lang='lat' dir='ltr'><strong>de</strong></span> <span class='ocrx_word' id='word_1_180' title='bbox 1250 1207 1387 1246; x_wconf 81' lang='lat' dir='ltr'><strong>blattia</strong></span> <span class='ocrx_word' id='word_1_181' title='bbox 1433 1207 1625 1246; x_wconf 79' lang='lat' dir='ltr'><strong>Bisantea</strong></span> 
     </span>
     <span class='ocr_line' id='line_1_21' title="bbox 197 1262 1626 1318; baseline -0.001 -17"><span class='ocrx_word' id='word_1_182' title='bbox 197 1271 360 1318; x_wconf 78' lang='lat' dir='ltr'><strong>quatuor</strong></span> <span class='ocrx_word' id='word_1_183' title='bbox 393 1262 435 1300; x_wconf 81' lang='lat' dir='ltr'><strong>in</strong></span> <span class='ocrx_word' id='word_1_184' title='bbox 483 1264 643 1300; x_wconf 78' lang='lat' dir='ltr'><strong>circuitu</strong></span> <span class='ocrx_word' id='word_1_185' title='bbox 667 1263 808 1301; x_wconf 76' lang='lat' dir='ltr'><strong>altaris</strong></span> <span class='ocrx_word' id='word_1_186' title='bbox 845 1263 1005 1300; x_wconf 81' lang='lat' dir='ltr'><strong>maioris</strong></span> <span class='ocrx_word' id='word_1_187' title='bbox 1015 1276 1030 1311; x_wconf 80' lang='lat'><em>3</em></span> <span class='ocrx_word' id='word_1_188' title='bbox 1068 1262 1146 1300; x_wconf 81' lang='lat' dir='ltr'><strong>cluo</strong></span> <span class='ocrx_word' id='word_1_189' title='bbox 1188 1276 1243 1301; x_wconf 77' lang='lat' dir='ltr'><strong>ex</strong></span> <span class='ocrx_word' id='word_1_190' title='bbox 1272 1262 1333 1299; x_wconf 84' lang='lat' dir='ltr'><strong>lzis</strong></span> <span class='ocrx_word' id='word_1_191' title='bbox 1368 1262 1546 1316; x_wconf 83' lang='lat' dir='ltr'><strong>aquilaca</strong></span> <span class='ocrx_word' id='word_1_192' title='bbox 1585 1269 1626 1299; x_wconf 82' lang='lat' dir='ltr'><strong>ec</strong></span> 
     </span>
     <span class='ocr_line' id='line_1_22' title="bbox 192 1316 1623 1368; baseline -0.002 -12"><span class='ocrx_word' id='word_1_193' title='bbox 192 1317 271 1356; x_wconf 79' lang='lat' dir='ltr'><strong>duo</strong></span> <span class='ocrx_word' id='word_1_194' title='bbox 292 1317 343 1355; x_wconf 85' lang='lat' dir='ltr'><strong>de</strong></span> <span class='ocrx_word' id='word_1_195' title='bbox 370 1316 540 1354; x_wconf 77' lang='lat' dir='ltr'><strong>basilisci</strong></span> <span class='ocrx_word' id='word_1_196' title='bbox 550 1346 561 1363; x_wconf 88' lang='lat'>‚</span> <span class='ocrx_word' id='word_1_197' title='bbox 598 1325 740 1357; x_wconf 77' lang='lat' dir='ltr'><strong>ornata</strong></span> <span class='ocrx_word' id='word_1_198' title='bbox 774 1318 817 1356; x_wconf 85' lang='lat' dir='ltr'><strong>in</strong></span> <span class='ocrx_word' id='word_1_199' title='bbox 842 1318 1002 1355; x_wconf 69' lang='lat' dir='ltr'><strong>cin‘uitu</strong></span> <span class='ocrx_word' id='word_1_200' title='bbox 1024 1316 1075 1354; x_wconf 88' lang='lat' dir='ltr'><strong>de</strong></span> <span class='ocrx_word' id='word_1_201' title='bbox 1094 1317 1270 1355; x_wconf 82' lang='lat' dir='ltr'><strong>olovero.</strong></span> <span class='ocrx_word' id='word_1_202' title='bbox 1325 1316 1414 1368; x_wconf 83' lang='lat' dir='ltr'><strong>Ego</strong></span> <span class='ocrx_word' id='word_1_203' title='bbox 1439 1329 1536 1354; x_wconf 76' lang='lat' dir='ltr'><strong>vero</strong></span> <span class='ocrx_word' id='word_1_204' title='bbox 1566 1317 1623 1353; x_wconf 81' lang='lat' dir='ltr'><strong>sie</strong></span> 
     </span>
     <span class='ocr_line' id='line_1_23' title="bbox 194 1369 1624 1424; baseline -0.002 -14"><span class='ocrx_word' id='word_1_205' title='bbox 194 1371 323 1411; x_wconf 89' lang='lat' dir='ltr'><strong>dictos</strong></span> <span class='ocrx_word' id='word_1_206' title='bbox 349 1377 487 1423; x_wconf 89' lang='lat' dir='ltr'><strong>putem</strong></span> <span class='ocrx_word' id='word_1_207' title='bbox 514 1371 647 1423; x_wconf 88' lang='lat' dir='ltr'><strong>potius</strong></span> <span class='ocrx_word' id='word_1_208' title='bbox 674 1385 850 1424; x_wconf 87' lang='lat' dir='ltr'><strong>pannos,</strong></span> <span class='ocrx_word' id='word_1_209' title='bbox 896 1372 965 1423; x_wconf 90' lang='lat' dir='ltr'><strong>qui</strong></span> <span class='ocrx_word' id='word_1_210' title='bbox 1001 1378 1072 1409; x_wconf 91' lang='lat' dir='ltr'><strong>aut</strong></span> <span class='ocrx_word' id='word_1_211' title='bbox 1099 1371 1140 1409; x_wconf 91' lang='lat' dir='ltr'><strong>in</strong></span> <span class='ocrx_word' id='word_1_212' title='bbox 1168 1372 1276 1423; x_wconf 87' lang='lat' dir='ltr'><strong>regia</strong></span> <span class='ocrx_word' id='word_1_213' title='bbox 1302 1369 1454 1410; x_wconf 83' lang='lat' dir='ltr'><strong>fabrica</strong></span> <span class='ocrx_word' id='word_1_214' title='bbox 1494 1376 1624 1410; x_wconf 60' lang='lat' dir='ltr'><strong>essent</strong></span> 
     </span>
     <span class='ocr_line' id='line_1_24' title="bbox 193 1425 1621 1478; baseline -0.001 -14"><span class='ocrx_word' id='word_1_215' title='bbox 193 1425 287 1465; x_wconf 85' lang='lat' dir='ltr'><strong>facti</strong></span> <span class='ocrx_word' id='word_1_216' title='bbox 306 1454 318 1476; x_wconf 93' lang='lat'>,</span> <span class='ocrx_word' id='word_1_217' title='bbox 361 1432 430 1463; x_wconf 83' lang='lat' dir='ltr'><strong>aut</strong></span> <span class='ocrx_word' id='word_1_218' title='bbox 455 1427 524 1478; x_wconf 90' lang='lat' dir='ltr'><strong>qui</strong></span> <span class='ocrx_word' id='word_1_219' title='bbox 551 1427 701 1478; x_wconf 85' lang='lat' dir='ltr'><strong>regiam</strong></span> <span class='ocrx_word' id='word_1_220' title='bbox 727 1433 951 1478; x_wconf 88' lang='lat' dir='ltr'><strong>protomam</strong></span> <span class='ocrx_word' id='word_1_221' title='bbox 979 1427 1052 1463; x_wconf 91' lang='lat' dir='ltr'><strong>toti</strong></span> <span class='ocrx_word' id='word_1_222' title='bbox 1080 1425 1181 1464; x_wconf 90' lang='lat' dir='ltr'><strong>telae</strong></span> <span class='ocrx_word' id='word_1_223' title='bbox 1208 1426 1397 1464; x_wconf 84' lang='lat' dir='ltr'><strong>intextam</strong></span> <span class='ocrx_word' id='word_1_224' title='bbox 1423 1431 1465 1463; x_wconf 91' lang='lat' dir='ltr'><strong>et</strong></span> <span class='ocrx_word' id='word_1_225' title='bbox 1491 1425 1621 1462; x_wconf 42' lang='grc' dir='ltr'><strong>υἷι-ους</strong></span> 
     </span>
     <span class='ocr_line' id='line_1_25' title="bbox 193 1478 1623 1535; baseline -0.001 -16"><span class='ocrx_word' id='word_1_226' title='bbox 193 1479 243 1519; x_wconf 89' lang='lat' dir='ltr'><strong>lis</strong></span> <span class='ocrx_word' id='word_1_227' title='bbox 283 1479 476 1521; x_wconf 86' lang='lat' dir='ltr'><strong>inclusam</strong></span> <span class='ocrx_word' id='word_1_228' title='bbox 513 1487 803 1529; x_wconf 80' lang='lat' dir='ltr'><strong>monstrarent3</strong></span> <span class='ocrx_word' id='word_1_229' title='bbox 852 1479 1188 1533; x_wconf 88' lang='lat' dir='ltr'><strong>quemadmodum</strong></span> <span class='ocrx_word' id='word_1_230' title='bbox 1226 1480 1383 1535; x_wconf 76' lang='lat' dir='ltr'><strong>aquilae</strong></span> <span class='ocrx_word' id='word_1_231' title='bbox 1409 1479 1464 1519; x_wconf 93' lang='lat' dir='ltr'><strong>sic</strong></span> <span class='ocrx_word' id='word_1_232' title='bbox 1492 1478 1623 1519; x_wconf 85' lang='lat' dir='ltr'><strong>dictae</strong></span> 
     </span>
     <span class='ocr_line' id='line_1_26' title="bbox 193 1532 1620 1589; baseline -0.001 -15"><span class='ocrx_word' id='word_1_233' title='bbox 193 1534 361 1589; x_wconf 84' lang='lat' dir='ltr'><strong>aquilas.</strong></span> <span class='ocrx_word' id='word_1_234' title='bbox 419 1535 551 1573; x_wconf 89' lang='lat' dir='ltr'><strong>Priori</strong></span> <span class='ocrx_word' id='word_1_235' title='bbox 579 1535 757 1587; x_wconf 89' lang='lat' dir='ltr'><strong>opinioni</strong></span> <span class='ocrx_word' id='word_1_236' title='bbox 784 1535 891 1574; x_wconf 88' lang='lat' dir='ltr'><strong>favet</strong></span> <span class='ocrx_word' id='word_1_237' title='bbox 918 1535 1038 1573; x_wconf 78' lang='lat' dir='ltr'><strong>dictio</strong></span> <span class='ocrx_word' id='word_1_238' title='bbox 1065 1537 1190 1578; x_wconf 82' lang='lat' dir='ltr'><strong>nostri</strong></span> <span class='ocrx_word' id='word_1_239' title='bbox 1216 1534 1361 1573; x_wconf 87' lang='lat' dir='ltr'><strong>codicis</strong></span> <span class='ocrx_word' id='word_1_240' title='bbox 1386 1548 1429 1587; x_wconf 89' lang='lat' dir='ltr'><strong>p.</strong></span> <span class='ocrx_word' id='word_1_241' title='bbox 1458 1532 1544 1572; x_wconf 85' lang='lat'><strong>180.</strong></span> <span class='ocrx_word' id='word_1_242' title='bbox 1569 1533 1620 1572; x_wconf 90' lang='lat' dir='ltr'><strong>C.</strong></span> 
     </span>
     <span class='ocr_line' id='line_1_27' title="bbox 199 1584 1622 1644; baseline 0.001 -16"><span class='ocrx_word' id='word_1_243' title='bbox 199 1603 232 1629; x_wconf 87' lang='lat'><strong>1.</strong></span> <span class='ocrx_word' id='word_1_244' title='bbox 251 1597 292 1630; x_wconf 88' lang='lat' dir='ltr'><strong>et</strong></span> <span class='ocrx_word' id='word_1_245' title='bbox 318 1590 358 1629; x_wconf 86' lang='lat'><strong>5.</strong></span> <span class='ocrx_word' id='word_1_246' title='bbox 384 1597 423 1628; x_wconf 85' lang='lat' dir='ltr'><strong>et</strong></span> <span class='ocrx_word' id='word_1_247' title='bbox 450 1589 544 1628; x_wconf 88' lang='lat' dir='ltr'><strong>alibi</strong></span> <span class='ocrx_word' id='word_1_248' title='bbox 574 1589 692 1628; x_wconf 85' lang='lat' dir='ltr'><strong>obvia</strong></span> <span class='ocrx_word' id='word_1_249' title='bbox 709 1619 720 1639; x_wconf 89' lang='lat'>‚</span> <span class='ocrx_word' id='word_1_250' title='bbox 762 1590 832 1628; x_wconf 88' lang='lat' dir='ltr'><strong>ubi</strong></span> <span class='ocrx_word' id='word_1_251' title='bbox 861 1590 1023 1628; x_wconf 80' lang='lat' dir='ltr'><strong>basilica</strong></span> <span class='ocrx_word' id='word_1_252' title='bbox 1049 1593 1136 1635; x_wconf 84' lang='grc' dir='ltr'><strong><em>τοῖς</em></strong></span> <span class='ocrx_word' id='word_1_253' title='bbox 1162 1585 1242 1627; x_wconf 65' lang='grc' dir='ltr'><strong>ἀπὸ</strong></span> <span class='ocrx_word' id='word_1_254' title='bbox 1271 1584 1350 1627; x_wconf 73' lang='grc' dir='ltr'><strong>τοῦ</strong></span> <span class='ocrx_word' id='word_1_255' title='bbox 1376 1584 1514 1644; x_wconf 74' lang='grc' dir='ltr'><strong>φόρου</strong></span> <span class='ocrx_word' id='word_1_256' title='bbox 1537 1615 1552 1637; x_wconf 82' lang='lat'>,</span> <span class='ocrx_word' id='word_1_257' title='bbox 1578 1589 1622 1629; x_wconf 81' lang='lat' dir='ltr'><strong>in</strong></span> 
     </span>
     <span class='ocr_line' id='line_1_28' title="bbox 175 1642 1623 1700; baseline -0.003 -16"><span class='ocrx_word' id='word_1_258' title='bbox 175 1645 281 1700; x_wconf 65' lang='lat' dir='ltr'><strong>sbro</strong></span> <span class='ocrx_word' id='word_1_259' title='bbox 306 1645 415 1683; x_wconf 80' lang='lat' dir='ltr'><strong>emtis</strong></span> <span class='ocrx_word' id='word_1_260' title='bbox 430 1673 442 1694; x_wconf 88' lang='lat'>,</span> <span class='ocrx_word' id='word_1_261' title='bbox 470 1645 620 1697; x_wconf 91' lang='lat' dir='ltr'><strong>opponi</strong></span> <span class='ocrx_word' id='word_1_262' title='bbox 651 1644 855 1683; x_wconf 76' lang='lat' dir='ltr'><strong>videntur.</strong></span> <span class='ocrx_word' id='word_1_263' title='bbox 910 1645 1179 1683; x_wconf 84' lang='lat' dir='ltr'><strong>Posteriorem</strong></span> <span class='ocrx_word' id='word_1_264' title='bbox 1211 1651 1345 1684; x_wconf 85' lang='lat' dir='ltr'><strong>tamen</strong></span> <span class='ocrx_word' id='word_1_265' title='bbox 1385 1642 1623 1681; x_wconf 86' lang='lat' dir='ltr'><strong>sententiam</strong></span> 
     </span>
     <span class='ocr_line' id='line_1_29' title="bbox 192 1697 1623 1753; baseline -0.001 -15"><span class='ocrx_word' id='word_1_266' title='bbox 192 1699 452 1738; x_wconf 86' lang='lat' dir='ltr'><strong>nihilominus</strong></span> <span class='ocrx_word' id='word_1_267' title='bbox 489 1700 685 1738; x_wconf 85' lang='lat' dir='ltr'><strong>veriorem</strong></span> <span class='ocrx_word' id='word_1_268' title='bbox 714 1714 796 1738; x_wconf 84' lang='lat' dir='ltr'><strong>esse</strong></span> <span class='ocrx_word' id='word_1_269' title='bbox 835 1698 933 1737; x_wconf 91' lang='lat' dir='ltr'><strong>mihi</strong></span> <span class='ocrx_word' id='word_1_270' title='bbox 969 1706 1178 1753; x_wconf 84' lang='lat' dir='ltr'><strong>propterea</strong></span> <span class='ocrx_word' id='word_1_271' title='bbox 1221 1697 1440 1751; x_wconf 89' lang='lat' dir='ltr'><strong>persuadeo</strong></span> <span class='ocrx_word' id='word_1_272' title='bbox 1456 1726 1468 1747; x_wconf 91' lang='lat'>‚</span> <span class='ocrx_word' id='word_1_273' title='bbox 1512 1697 1623 1750; x_wconf 89' lang='lat' dir='ltr'><strong>quod</strong></span> 
     </span>
     <span class='ocr_line' id='line_1_30' title="bbox 192 1751 1622 1807; baseline -0.001 -15"><span class='ocrx_word' id='word_1_274' title='bbox 192 1767 275 1792; x_wconf 87' lang='lat' dir='ltr'><strong>non</strong></span> <span class='ocrx_word' id='word_1_275' title='bbox 301 1753 385 1792; x_wconf 80' lang='lat' dir='ltr'><strong>sola</strong></span> <span class='ocrx_word' id='word_1_276' title='bbox 410 1755 465 1792; x_wconf 89' lang='lat' dir='ltr'><strong>sic</strong></span> <span class='ocrx_word' id='word_1_277' title='bbox 491 1756 654 1807; x_wconf 86' lang='lat' dir='ltr'><strong>proprie</strong></span> <span class='ocrx_word' id='word_1_278' title='bbox 681 1754 787 1793; x_wconf 86' lang='lat' dir='ltr'><strong>dicta</strong></span> <span class='ocrx_word' id='word_1_279' title='bbox 814 1753 991 1793; x_wconf 77' lang='lat' dir='ltr'><strong>basilicia</strong></span> <span class='ocrx_word' id='word_1_280' title='bbox 1008 1784 1021 1803; x_wconf 91' lang='lat'><strong><em>,</em></strong></span> <span class='ocrx_word' id='word_1_281' title='bbox 1050 1754 1119 1792; x_wconf 87' lang='lat' dir='ltr'><strong>sed</strong></span> <span class='ocrx_word' id='word_1_282' title='bbox 1148 1754 1267 1792; x_wconf 77' lang='lat' dir='ltr'><strong>etiam</strong></span> <span class='ocrx_word' id='word_1_283' title='bbox 1296 1754 1374 1791; x_wconf 69' lang='lat' dir='ltr'><strong>aeti</strong></span> <span class='ocrx_word' id='word_1_284' title='bbox 1401 1759 1441 1791; x_wconf 91' lang='lat' dir='ltr'><strong>et</strong></span> <span class='ocrx_word' id='word_1_285' title='bbox 1467 1751 1622 1804; x_wconf 85' lang='lat' dir='ltr'><strong>reliqua</strong></span> 
     </span>
     <span class='ocr_line' id='line_1_31' title="bbox 193 1807 1622 1863; baseline -0.003 -14"><span class='ocrx_word' id='word_1_286' title='bbox 193 1809 327 1849; x_wconf 85' lang='lat' dir='ltr'><strong>omnia</strong></span> <span class='ocrx_word' id='word_1_287' title='bbox 351 1822 577 1861; x_wconf 88' lang='lat' dir='ltr'><strong>pannorum</strong></span> <span class='ocrx_word' id='word_1_288' title='bbox 604 1823 748 1861; x_wconf 84' lang='lat' dir='ltr'><strong>genera</strong></span> <span class='ocrx_word' id='word_1_289' title='bbox 782 1810 824 1847; x_wconf 91' lang='lat' dir='ltr'><strong>in</strong></span> <span class='ocrx_word' id='word_1_290' title='bbox 861 1808 1019 1847; x_wconf 88' lang='lat' dir='ltr'><strong>officina</strong></span> <span class='ocrx_word' id='word_1_291' title='bbox 1045 1810 1154 1862; x_wconf 85' lang='lat' dir='ltr'><strong>regia</strong></span> <span class='ocrx_word' id='word_1_292' title='bbox 1179 1815 1421 1846; x_wconf 80' lang='lat' dir='ltr'><strong>texerentur.</strong></span> <span class='ocrx_word' id='word_1_293' title='bbox 1480 1807 1622 1863; x_wconf 86' lang='lat' dir='ltr'><strong>Neque</strong></span> 
     </span>
     <span class='ocr_line' id='line_1_32' title="bbox 192 1862 1617 1916; baseline -0.003 -12"><span class='ocrx_word' id='word_1_294' title='bbox 192 1862 366 1904; x_wconf 86' lang='lat' dir='ltr'><strong>insolens</strong></span> <span class='ocrx_word' id='word_1_295' title='bbox 405 1870 490 1901; x_wconf 87' lang='lat' dir='ltr'><strong>erat</strong></span> <span class='ocrx_word' id='word_1_296' title='bbox 532 1877 578 1902; x_wconf 91' lang='lat' dir='ltr'><strong>ea</strong></span> <span class='ocrx_word' id='word_1_297' title='bbox 621 1870 747 1901; x_wconf 86' lang='lat' dir='ltr'><strong>aetate</strong></span> <span class='ocrx_word' id='word_1_298' title='bbox 784 1864 910 1916; x_wconf 85' lang='lat' dir='ltr'><strong>regias</strong></span> <span class='ocrx_word' id='word_1_299' title='bbox 946 1871 1147 1915; x_wconf 76' lang='lat' dir='ltr'><strong>protomus</strong></span> <span class='ocrx_word' id='word_1_300' title='bbox 1177 1865 1220 1901; x_wconf 87' lang='lat' dir='ltr'><strong>in</strong></span> <span class='ocrx_word' id='word_1_301' title='bbox 1247 1863 1422 1902; x_wconf 85' lang='lat' dir='ltr'><strong>vestibus</strong></span> <span class='ocrx_word' id='word_1_302' title='bbox 1450 1869 1617 1915; x_wconf 83' lang='lat' dir='ltr'><strong>gestare.</strong></span> 
     </span>
     <span class='ocr_line' id='line_1_33' title="bbox 192 1916 1621 1972; baseline -0.001 -17"><span class='ocrx_word' id='word_1_303' title='bbox 192 1916 288 1955; x_wconf 86' lang='lat' dir='ltr'><strong>Non</strong></span> <span class='ocrx_word' id='word_1_304' title='bbox 315 1924 518 1970; x_wconf 86' lang='lat' dir='ltr'><strong>repetam,</strong></span> <span class='ocrx_word' id='word_1_305' title='bbox 558 1931 660 1970; x_wconf 89' lang='lat' dir='ltr'><strong>quae</strong></span> <span class='ocrx_word' id='word_1_306' title='bbox 701 1932 819 1970; x_wconf 83' lang='lat' dir='ltr'><strong>supra</strong></span> <span class='ocrx_word' id='word_1_307' title='bbox 855 1918 906 1956; x_wconf 91' lang='lat' dir='ltr'><strong>de</strong></span> <span class='ocrx_word' id='word_1_308' title='bbox 932 1917 1066 1956; x_wconf 84' lang='lat' dir='ltr'><strong>tabliis</strong></span> <span class='ocrx_word' id='word_1_309' title='bbox 1096 1916 1308 1972; x_wconf 72' lang='grc' dir='ltr'><strong>στηθαρίῳ</strong></span> <span class='ocrx_word' id='word_1_310' title='bbox 1335 1916 1538 1970; x_wconf 76' lang='grc' dir='ltr'><strong><em>βασιλικῷ</em></strong></span> <span class='ocrx_word' id='word_1_311' title='bbox 1565 1918 1621 1954; x_wconf 88' lang='lat' dir='ltr'><strong>si-</strong></span> 
     </span>
     <span class='ocr_line' id='line_1_34' title="bbox 194 1970 1622 2025; baseline -0.001 -16"><span class='ocrx_word' id='word_1_312' title='bbox 194 1972 322 2023; x_wconf 80' lang='lat' dir='ltr'><strong>gnatis</strong></span> <span class='ocrx_word' id='word_1_313' title='bbox 348 1971 520 2023; x_wconf 91' lang='lat' dir='ltr'><strong>protuli,</strong></span> <span class='ocrx_word' id='word_1_314' title='bbox 551 1986 654 2025; x_wconf 88' lang='lat' dir='ltr'><strong>quae</strong></span> <span class='ocrx_word' id='word_1_315' title='bbox 678 1971 757 2010; x_wconf 88' lang='lat' dir='ltr'><strong>huc</strong></span> <span class='ocrx_word' id='word_1_316' title='bbox 784 1986 866 2010; x_wconf 91' lang='lat' dir='ltr'><strong>non</strong></span> <span class='ocrx_word' id='word_1_317' title='bbox 886 1971 1014 2011; x_wconf 84' lang='lat' dir='ltr'><strong>facere</strong></span> <span class='ocrx_word' id='word_1_318' title='bbox 1033 1973 1186 2024; x_wconf 79' lang='lat' dir='ltr'><strong>possint</strong></span> <span class='ocrx_word' id='word_1_319' title='bbox 1214 1973 1302 2012; x_wconf 90' lang='lat' dir='ltr'><strong>ideo</strong></span> <span class='ocrx_word' id='word_1_320' title='bbox 1330 1971 1484 2020; x_wconf 81' lang='lat' dir='ltr'><strong>videri,</strong></span> <span class='ocrx_word' id='word_1_321' title='bbox 1511 1970 1622 2022; x_wconf 93' lang='lat' dir='ltr'><strong>quod</strong></span> 
     </span>
     <span class='ocr_line' id='line_1_35' title="bbox 194 2025 1619 2079; baseline 0 -15"><span class='ocrx_word' id='word_1_322' title='bbox 194 2033 322 2064; x_wconf 88' lang='lat' dir='ltr'><strong>vestes</strong></span> <span class='ocrx_word' id='word_1_323' title='bbox 348 2025 466 2077; x_wconf 83' lang='lat' dir='ltr'><strong>illae,</strong></span> <span class='ocrx_word' id='word_1_324' title='bbox 506 2026 556 2065; x_wconf 89' lang='lat' dir='ltr'><strong>de</strong></span> <span class='ocrx_word' id='word_1_325' title='bbox 583 2026 729 2079; x_wconf 86' lang='lat' dir='ltr'><strong>quibus</strong></span> <span class='ocrx_word' id='word_1_326' title='bbox 755 2026 1021 2079; x_wconf 86' lang='lat' dir='ltr'><strong>Theophanes</strong></span> <span class='ocrx_word' id='word_1_327' title='bbox 1048 2033 1087 2064; x_wconf 89' lang='lat' dir='ltr'><strong>et</strong></span> <span class='ocrx_word' id='word_1_328' title='bbox 1130 2025 1357 2064; x_wconf 83' lang='lat' dir='ltr'><strong>Chronicon</strong></span> <span class='ocrx_word' id='word_1_329' title='bbox 1398 2025 1619 2064; x_wconf 81' lang='lat' dir='ltr'><strong>Alexandr.</strong></span> 
     </span>
     <span class='ocr_line' id='line_1_36' title="bbox 193 2078 1620 2137; baseline 0 -19"><span class='ocrx_word' id='word_1_330' title='bbox 193 2079 414 2132; x_wconf 87' lang='lat' dir='ltr'><strong>loquuntur</strong></span> <span class='ocrx_word' id='word_1_331' title='bbox 431 2109 443 2128; x_wconf 83' lang='lat'>‚</span> <span class='ocrx_word' id='word_1_332' title='bbox 470 2081 623 2137; x_wconf 76' lang='grc' dir='ltr'><strong><em>ταβλίῳ</em></strong></span> <span class='ocrx_word' id='word_1_333' title='bbox 649 2081 851 2135; x_wconf 75' lang='grc' dir='ltr'><em>βασιλικῷ</em></span> <span class='ocrx_word' id='word_1_334' title='bbox 879 2081 1127 2120; x_wconf 86' lang='lat' dir='ltr'><strong>illuminatae</strong></span> <span class='ocrx_word' id='word_1_335' title='bbox 1152 2079 1401 2121; x_wconf 87' lang='lat' dir='ltr'><strong>solummodo</strong></span> <span class='ocrx_word' id='word_1_336' title='bbox 1421 2081 1463 2117; x_wconf 90' lang='lat' dir='ltr'><strong>in</strong></span> <span class='ocrx_word' id='word_1_337' title='bbox 1481 2078 1620 2118; x_wconf 85' lang='lat' dir='ltr'><strong>tabula</strong></span> 
     </span>
     <span class='ocr_line' id='line_1_37' title="bbox 193 2132 1621 2188; baseline -0.002 -15"><span class='ocrx_word' id='word_1_338' title='bbox 193 2142 235 2173; x_wconf 88' lang='lat' dir='ltr'><strong>et</strong></span> <span class='ocrx_word' id='word_1_339' title='bbox 273 2149 355 2173; x_wconf 90' lang='lat' dir='ltr'><strong>non</strong></span> <span class='ocrx_word' id='word_1_340' title='bbox 394 2133 491 2172; x_wconf 89' lang='lat' dir='ltr'><strong>alibi</strong></span> <span class='ocrx_word' id='word_1_341' title='bbox 517 2136 675 2175; x_wconf 86' lang='lat' dir='ltr'><strong>unicam</strong></span> <span class='ocrx_word' id='word_1_342' title='bbox 703 2136 853 2187; x_wconf 84' lang='lat' dir='ltr'><strong>regiam</strong></span> <span class='ocrx_word' id='word_1_343' title='bbox 879 2142 1104 2188; x_wconf 89' lang='lat' dir='ltr'><strong>protomam</strong></span> <span class='ocrx_word' id='word_1_344' title='bbox 1132 2135 1413 2183; x_wconf 80' lang='lat' dir='ltr'><strong>ostenderent3</strong></span> <span class='ocrx_word' id='word_1_345' title='bbox 1443 2132 1621 2174; x_wconf 84' lang='lat' dir='ltr'><strong>basilicia</strong></span> 
     </span>
     <span class='ocr_line' id='line_1_38' title="bbox 192 2191 1619 2242; baseline -0.001 -15"><span class='ocrx_word' id='word_1_346' title='bbox 192 2202 291 2227; x_wconf 81' lang='lat' dir='ltr'><strong>vero</strong></span> <span class='ocrx_word' id='word_1_347' title='bbox 331 2195 466 2227; x_wconf 86' lang='lat' dir='ltr'><strong>nostra</strong></span> <span class='ocrx_word' id='word_1_348' title='bbox 517 2191 709 2228; x_wconf 85' lang='lat' dir='ltr'><strong>sententia</strong></span> <span class='ocrx_word' id='word_1_349' title='bbox 754 2204 827 2242; x_wconf 89' lang='lat' dir='ltr'><strong>per</strong></span> <span class='ocrx_word' id='word_1_350' title='bbox 861 2197 989 2231; x_wconf 88' lang='lat' dir='ltr'><strong>totum</strong></span> <span class='ocrx_word' id='word_1_351' title='bbox 1028 2203 1208 2241; x_wconf 89' lang='lat' dir='ltr'><strong>pannum</strong></span> <span class='ocrx_word' id='word_1_352' title='bbox 1252 2201 1406 2242; x_wconf 85' lang='lat' dir='ltr'><strong>sparsas</strong></span> <span class='ocrx_word' id='word_1_353' title='bbox 1450 2201 1619 2226; x_wconf 86' lang='lat' dir='ltr'><strong>numero</strong></span> 
     </span>
     <span class='ocr_line' id='line_1_39' title="bbox 191 2242 1618 2295; baseline -0.001 -13"><span class='ocrx_word' id='word_1_354' title='bbox 191 2243 339 2286; x_wconf 87' lang='lat' dir='ltr'><strong>multas</strong></span> <span class='ocrx_word' id='word_1_355' title='bbox 367 2243 540 2286; x_wconf 79' lang='lat' dir='ltr'><strong>minutas</strong></span> <span class='ocrx_word' id='word_1_356' title='bbox 567 2250 770 2295; x_wconf 83' lang='lat' dir='ltr'><strong>protomas</strong></span> <span class='ocrx_word' id='word_1_357' title='bbox 795 2244 963 2285; x_wconf 83' lang='lat' dir='ltr'><strong>circellis</strong></span> <span class='ocrx_word' id='word_1_358' title='bbox 990 2243 1071 2282; x_wconf 85' lang='lat' dir='ltr'><strong>albi</strong></span> <span class='ocrx_word' id='word_1_359' title='bbox 1113 2242 1256 2281; x_wconf 82' lang='lat' dir='ltr'><strong>coloris</strong></span> <span class='ocrx_word' id='word_1_360' title='bbox 1300 2243 1618 2294; x_wconf 83' lang='lat' dir='ltr'><strong>circumscriptas</strong></span> 
     </span>
     <span class='ocr_line' id='line_1_40' title="bbox 135 2296 1619 2352; baseline -0.001 -15"><span class='ocrx_word' id='word_1_361' title='bbox 135 2316 143 2321; x_wconf 46' lang='grc'><strong><em>“</em></strong></span> <span class='ocrx_word' id='word_1_362' title='bbox 191 2297 400 2337; x_wconf 87' lang='lat' dir='ltr'><strong>haherent.</strong></span> <span class='ocrx_word' id='word_1_363' title='bbox 459 2297 602 2349; x_wconf 81' lang='lat' dir='ltr'><strong>Aptior</strong></span> <span class='ocrx_word' id='word_1_364' title='bbox 630 2298 763 2352; x_wconf 85' lang='lat' dir='ltr'><strong>itaque</strong></span> <span class='ocrx_word' id='word_1_365' title='bbox 785 2298 992 2351; x_wconf 85' lang='lat' dir='ltr'><strong>probando</strong></span> <span class='ocrx_word' id='word_1_366' title='bbox 1021 2297 1078 2335; x_wconf 85' lang='lat' dir='ltr'><strong>illi</strong></span> <span class='ocrx_word' id='word_1_367' title='bbox 1093 2326 1105 2345; x_wconf 89' lang='lat'><em>‚</em></span> <span class='ocrx_word' id='word_1_368' title='bbox 1134 2311 1254 2348; x_wconf 91' lang='lat' dir='ltr'><strong>quem</strong></span> <span class='ocrx_word' id='word_1_369' title='bbox 1283 2296 1390 2345; x_wconf 79' lang='lat' dir='ltr'><strong>dixi,</strong></span> <span class='ocrx_word' id='word_1_370' title='bbox 1419 2296 1523 2336; x_wconf 88' lang='lat' dir='ltr'><strong>mori</strong></span> <span class='ocrx_word' id='word_1_371' title='bbox 1550 2309 1619 2335; x_wconf 88' lang='lat' dir='ltr'><strong>ve-</strong></span> 
     </span>
     <span class='ocr_line' id='line_1_41' title="bbox 191 2350 1619 2405; baseline -0.001 -14"><span class='ocrx_word' id='word_1_372' title='bbox 191 2359 268 2391; x_wconf 87' lang='lat' dir='ltr'><strong>stes</strong></span> <span class='ocrx_word' id='word_1_373' title='bbox 294 2365 432 2405; x_wconf 84' lang='lat' dir='ltr'><strong>regum</strong></span> <span class='ocrx_word' id='word_1_374' title='bbox 466 2351 701 2404; x_wconf 83' lang='lat' dir='ltr'><strong>imaginibus</strong></span> <span class='ocrx_word' id='word_1_375' title='bbox 728 2359 797 2390; x_wconf 88' lang='lat' dir='ltr'><strong>aut</strong></span> <span class='ocrx_word' id='word_1_376' title='bbox 823 2353 953 2390; x_wconf 86' lang='lat' dir='ltr'><strong>saltim</strong></span> <span class='ocrx_word' id='word_1_377' title='bbox 982 2352 1172 2405; x_wconf 87' lang='lat' dir='ltr'><strong>protomis</strong></span> <span class='ocrx_word' id='word_1_378' title='bbox 1199 2364 1421 2404; x_wconf 84' lang='lat' dir='ltr'><strong>perspersas</strong></span> <span class='ocrx_word' id='word_1_379' title='bbox 1438 2350 1619 2402; x_wconf 64' lang='lat' dir='ltr'><strong>gestandi</strong></span> 
     </span>
     <span class='ocr_line' id='line_1_42' title="bbox 193 2404 1618 2458; baseline -0.003 -13"><span class='ocrx_word' id='word_1_380' title='bbox 193 2408 268 2445; x_wconf 87' lang='lat' dir='ltr'><strong>erit</strong></span> <span class='ocrx_word' id='word_1_381' title='bbox 294 2406 404 2445; x_wconf 88' lang='lat' dir='ltr'><strong>locus</strong></span> <span class='ocrx_word' id='word_1_382' title='bbox 433 2407 640 2445; x_wconf 87' lang='lat' dir='ltr'><strong>Monastici</strong></span> <span class='ocrx_word' id='word_1_383' title='bbox 667 2405 878 2458; x_wconf 84' lang='lat' dir='ltr'><strong>Anglicani</strong></span> <span class='ocrx_word' id='word_1_384' title='bbox 904 2407 958 2443; x_wconf 89' lang='grc' dir='ltr'><strong>Τ.</strong></span> <span class='ocrx_word' id='word_1_385' title='bbox 977 2407 1056 2444; x_wconf 90' lang='lat'><strong>111.</strong></span> <span class='ocrx_word' id='word_1_386' title='bbox 1084 2419 1127 2457; x_wconf 87' lang='lat' dir='ltr'><strong>p.</strong></span> <span class='ocrx_word' id='word_1_387' title='bbox 1151 2404 1267 2454; x_wconf 58' lang='lat'><strong>314„</strong></span> <span class='ocrx_word' id='word_1_388' title='bbox 1293 2404 1365 2442; x_wconf 87' lang='lat' dir='ltr'><strong>ubi</strong></span> <span class='ocrx_word' id='word_1_389' title='bbox 1392 2417 1618 2445; x_wconf 79' lang='lat' dir='ltr'><strong>memoran-</strong></span> 
     </span>
     <span class='ocr_line' id='line_1_43' title="bbox 191 2458 1618 2512; baseline -0.001 -13"><span class='ocrx_word' id='word_1_390' title='bbox 191 2467 261 2499; x_wconf 87' lang='lat' dir='ltr'><strong>tur</strong></span> <span class='ocrx_word' id='word_1_391' title='bbox 284 2461 469 2501; x_wconf 77' lang='lat' dir='ltr'><strong>sandalia</strong></span> <span class='ocrx_word' id='word_1_392' title='bbox 505 2475 590 2502; x_wconf 78' lang='lat' dir='ltr'><strong>cum</strong></span> <span class='ocrx_word' id='word_1_393' title='bbox 622 2460 760 2511; x_wconf 82' lang='lat' dir='ltr'><strong>caligis</strong></span> <span class='ocrx_word' id='word_1_394' title='bbox 785 2460 834 2503; x_wconf 85' lang='lat' dir='ltr'><strong>de</strong></span> <span class='ocrx_word' id='word_1_395' title='bbox 858 2461 974 2499; x_wconf 77' lang='lat' dir='ltr'><strong>rubeo</strong></span> <span class='ocrx_word' id='word_1_396' title='bbox 1007 2468 1151 2497; x_wconf 77' lang='lat' dir='ltr'><strong>samem</strong></span> <span class='ocrx_word' id='word_1_397' title='bbox 1183 2458 1406 2512; x_wconf 68' lang='lat' dir='ltr'><strong>dia-sperato</strong></span> <span class='ocrx_word' id='word_1_398' title='bbox 1433 2458 1618 2497; x_wconf 76' lang='lat' dir='ltr'><strong>brendam</strong></span> 
     </span>
     <span class='ocr_line' id='line_1_44' title="bbox 194 2511 1614 2568; baseline -0.002 -15"><span class='ocrx_word' id='word_1_399' title='bbox 194 2513 362 2568; x_wconf 72' lang='lat' dir='ltr'><strong>[hrode]</strong></span> <span class='ocrx_word' id='word_1_400' title='bbox 400 2530 486 2554; x_wconf 82' lang='lat' dir='ltr'><strong>cum</strong></span> <span class='ocrx_word' id='word_1_401' title='bbox 509 2514 742 2567; x_wconf 79' lang='lat' dir='ltr'><strong>imaginibus</strong></span> <span class='ocrx_word' id='word_1_402' title='bbox 771 2528 906 2566; x_wconf 80' lang='lat' dir='ltr'><strong>regum</strong></span> <span class='ocrx_word' id='word_1_403' title='bbox 933 2514 1184 2567; x_wconf 82' lang='lat' dir='ltr'><strong>simplicibus,</strong></span> <span class='ocrx_word' id='word_1_404' title='bbox 1213 2513 1254 2550; x_wconf 93' lang='lat' dir='ltr'><strong>id</strong></span> <span class='ocrx_word' id='word_1_405' title='bbox 1281 2519 1340 2551; x_wconf 87' lang='lat' dir='ltr'><strong>est</strong></span> <span class='ocrx_word' id='word_1_406' title='bbox 1368 2511 1436 2550; x_wconf 87' lang='lat' dir='ltr'><strong>filo</strong></span> <span class='ocrx_word' id='word_1_407' title='bbox 1459 2512 1614 2560; x_wconf 85' lang='lat' dir='ltr'><strong>eodem,</strong></span> 
     </span>
     <span class='ocr_line' id='line_1_45' title="bbox 194 2566 1614 2622; baseline -0.001 -14"><span class='ocrx_word' id='word_1_408' title='bbox 194 2583 275 2620; x_wconf 82' lang='lat' dir='ltr'><strong>quo</strong></span> <span class='ocrx_word' id='word_1_409' title='bbox 303 2569 478 2622; x_wconf 80' lang='lat' dir='ltr'><strong>reliquus</strong></span> <span class='ocrx_word' id='word_1_410' title='bbox 505 2583 660 2622; x_wconf 85' lang='lat' dir='ltr'><strong>pannus</strong></span> <span class='ocrx_word' id='word_1_411' title='bbox 679 2598 691 2615; x_wconf 87' lang='lat'>‚</span> <span class='ocrx_word' id='word_1_412' title='bbox 722 2582 802 2606; x_wconf 92' lang='lat' dir='ltr'><strong>non</strong></span> <span class='ocrx_word' id='word_1_413' title='bbox 830 2569 925 2610; x_wconf 79' lang='lat' dir='ltr'><strong>item</strong></span> <span class='ocrx_word' id='word_1_414' title='bbox 952 2581 1074 2607; x_wconf 84' lang='lat' dir='ltr'><strong>aureo</strong></span> <span class='ocrx_word' id='word_1_415' title='bbox 1098 2574 1335 2620; x_wconf 78' lang='lat' dir='ltr'><strong>argenteove</strong></span> <span class='ocrx_word' id='word_1_416' title='bbox 1359 2566 1484 2606; x_wconf 85' lang='lat' dir='ltr'><strong>saetis.</strong></span> <span class='ocrx_word' id='word_1_417' title='bbox 1516 2567 1614 2606; x_wconf 90' lang='lat' dir='ltr'><strong>Vid.</strong></span> 
     </span>
     <span class='ocr_line' id='line_1_46' title="bbox 193 2620 1616 2676; baseline -0.001 -16"><span class='ocrx_word' id='word_1_418' title='bbox 193 2621 262 2660; x_wconf 87' lang='lat' dir='ltr'><strong>Du</strong></span> <span class='ocrx_word' id='word_1_419' title='bbox 289 2623 421 2676; x_wconf 84' lang='lat' dir='ltr'><strong>Gange</strong></span> <span class='ocrx_word' id='word_1_420' title='bbox 450 2638 492 2662; x_wconf 69' lang='lat' dir='ltr'><strong>v.</strong></span> <span class='ocrx_word' id='word_1_421' title='bbox 516 2624 812 2662; x_wconf 74' lang='lat' dir='ltr'><strong>Circmm-otasus</strong></span> <span class='ocrx_word' id='word_1_422' title='bbox 829 2652 839 2669; x_wconf 85' lang='lat'>‚</span> <span class='ocrx_word' id='word_1_423' title='bbox 872 2621 940 2660; x_wconf 86' lang='lat' dir='ltr'><strong>ubi</strong></span> <span class='ocrx_word' id='word_1_424' title='bbox 968 2635 989 2660; x_wconf 92' lang='lat' dir='ltr'><strong>e</strong></span> <span class='ocrx_word' id='word_1_425' title='bbox 1009 2621 1199 2660; x_wconf 86' lang='lat' dir='ltr'><strong>Chronie.</strong></span> <span class='ocrx_word' id='word_1_426' title='bbox 1218 2621 1508 2674; x_wconf 83' lang='lat' dir='ltr'><strong>Episcoporum</strong></span> <span class='ocrx_word' id='word_1_427' title='bbox 1526 2620 1616 2659; x_wconf 87' lang='lat' dir='ltr'><strong>An-</strong></span> 
     </span>
     <span class='ocr_line' id='line_1_47' title="bbox 196 2676 1619 2731; baseline 0.001 -16"><span class='ocrx_word' id='word_1_428' title='bbox 196 2676 302 2721; x_wconf 83' lang='lat' dir='ltr'><strong>tisid.</strong></span> <span class='ocrx_word' id='word_1_429' title='bbox 333 2677 441 2719; x_wconf 84' lang='lat' dir='ltr'><strong>hunc</strong></span> <span class='ocrx_word' id='word_1_430' title='bbox 467 2678 600 2721; x_wconf 86' lang='lat' dir='ltr'><strong>locum</strong></span> <span class='ocrx_word' id='word_1_431' title='bbox 628 2680 722 2718; x_wconf 86' lang='lat' dir='ltr'><strong>citat</strong></span> <span class='ocrx_word' id='word_1_432' title='bbox 740 2677 984 2721; x_wconf 74' lang='lat' dir='ltr'><strong>:secandum</strong></span> <span class='ocrx_word' id='word_1_433' title='bbox 1013 2676 1183 2731; x_wconf 74' lang='lat' dir='ltr'><strong>pallium</strong></span> <span class='ocrx_word' id='word_1_434' title='bbox 1216 2676 1445 2731; x_wconf 77' lang='lat' dir='ltr'><strong>imaginibus</strong></span> <span class='ocrx_word' id='word_1_435' title='bbox 1484 2690 1619 2729; x_wconf 78' lang='lat' dir='ltr'><strong>regum</strong></span> 
     </span>
    </p>
   </div>
  </div>
 </body>
</html>
