1832 3126
180 186 255 230 An
293 185 590 230 CONSTANT.
628 184 827 229 Ponpu.
868 187 940 228 DE
977 186 1159 229 cmm.
1202 188 1305 227 ΜΒ.
1344 189 1375 226 1.
1431 186 1544 241 ³¹9

94 293 285 343 sionan'i,
333 293 403 346 qui
447 305 603 345 semper
630 292 671 330 in
709 304 757 338 eo
794 297 959 329 manent
973 320 986 340 ‚
1016 297 1056 330 et
1088 303 1227 330 curam
1252 290 1338 329 eius
1376 297 1535 343 gerunt.

94 348 198 386 Sunt
227 347 367 401 quales
395 347 504 400 apud
535 348 571 386 T
575 361 689 386 urcas
726 352 819 385 sunt
851 346 1033 410 0;*⁵»}>-[⁸
1068 345 1274 395 llludzeni,
1295 346 1365 398 qui
1386 347 1425 384 in
1444 345 1539 399 pha.

96 413 150 451 ris
184 412 440 452 ecelesiarum
465 413 652 452 habitant
666 441 679 463 ,
708 419 748 450 et
773 426 939 465 precum
962 418 1120 465 tempus
1141 410 1317 450 elamore
1344 411 1538 463 indicant,

95 475 168 507 aut
192 475 239 507 ut
267 469 475 507 sacristani
503 471 645 514 nostri,
680 468 750 520 qui
782 469 825 505 in
858 467 1023 505 aedibus
1045 465 1233 505 ecclesiae
1261 468 1403 505 vicinis
1429 467 1540 506 habi·

94 529 208 573 tant,
247 525 359 574 sive,
397 530 442 562 ut
477 523 652 562 dictione
696 522 818 560 medii
852 523 940 560 aevi
975 529 1089 574 utar,
1116 529 1312 573 manent3
1341 522 1427 562 vid.
1469 523 1538 562 Du

95 578 232 631 Gange
256 577 389 617 Gloss.
423 579 498 617 Gr.
523 578 569 616 h.
605 592 648 617 v.
680 584 719 616 ct
753 590 795 615 v.
820 576 1036 631 Superieta.

201 633 258 671 D.
280 631 321 684 4.
336 632 437 687 ’[ι8,
457 632 548 687 221.]
605 630 748 684 στέφει
780 626 935 678 αὐτούς
956 629 980 670 ὅ
998 626 1273 683 πατριάρχης.
1328 632 1418 672 Mos
1436 639 1535 682 crat,

94 692 141 726 ut
173 687 397 741 Imperator
433 687 485 726 ad
527 687 733 728 ecclesiam
762 687 927 726 veniens
953 693 1046 726 ante
1077 689 1302 740 ingressum
1331 689 1374 726 in
1408 688 1536 728 Naum

250 750 312 782 ret
334 742 504 782 infulam
529 757 600 782 seu
624 756 831 792 coronam,
862 756 984 796 qnam
1012 749 1083 781 aut
1102 756 1186 781 non
1208 743 1427 795 reponebat
1451 751 1539 783 toto

31 809 35 813 ·
93 811 208 838 sacro
234 798 406 838 durante
435 793 590 849 officio,
627 806 698 837 ant
721 797 852 836 saltim
866 827 878 846 ,
907 799 939 837 si
966 797 1144 851 reposuit
1179 798 1328 851 capiti,
1376 798 1537 838 demere

88 852 246 892 solebat
273 853 327 892 ad
357 853 570 893 lectionem
593 853 791 907 evangelii
819 853 870 892 ad
898 853 1190 907 processionem
1215 867 1438 904 sacrorum,
1465 869 1536 894 seu

86 909 302 948 introitum
330 923 536 963 magnum,
567 909 618 948 ad
647 923 800 962 agapen
830 916 870 948 et
895 910 1242 959 communionem;
1282 909 1410 948 donec
1442 916 1533 948 tan-

87 962 186 1002 dem
214 963 338 1003 finitis
373 966 495 1004 sacris
532 965 676 1003 ritibus
705 963 906 1011 omnibus,
943 979 1069 1017 quum
1101 964 1206 1003 exire
1236 965 1467 1018 *Imperator
1496 973 1535 1004 et

92 1017 258 1058 domum
289 1033 467 1059 remeare
504 1019 640 1069 vellet,
672 1020 907 1059 Patriarclia
935 1022 972 1058 ei
1009 1033 1200 1058 coronam
1229 1021 1311 1058 suis
1350 1021 1536 1059 manibus

89 1081 325 1126 reponeret,
356 1089 440 1114 non
467 1082 661 1128 tanquam
699 1075 745 1122 is,
784 1076 900 1115 cuius
924 1076 965 1114 in
995 1075 1163 1114 arbitrio
1206 1081 1309 1114 esset
1342 1089 1533 1114 coronam

91 1128 327 1182 Imperatori
358 1137 429 1169 aut
458 1130 680 1184 indulgere,
711 1137 781 1170 aut
808 1145 973 1184 negare,
1005 1129 1346 1184 quemadmodum
1380 1145 1533 1170 morem

92 1183 203 1224 hunc
226 1184 323 1224 illue
346 1192 553 1225 traxerunt
571 1187 757 1240 quidam,
788 1186 858 1225 sed
886 1187 927 1224 in
947 1186 1276 1240 significationem
1293 1186 1426 1224 finitos
1450 1199 1549 1226 esse*

90 1241 191 1279 ritus
214 1255 368 1289 omnes,
396 1255 572 1295 quorum
593 1242 816 1281 reverentia
841 1243 1064 1295 Imperator
1091 1247 1213 1294 caput
1244 1241 1474 1280 nudaverit.

198 1296 254 1334 D.
277 1296 318 1336 6.
343 1295 434 1350 [18,
458 1296 549 1351 aas]
607 1294 684 1343 τὰς
701 1291 905 1348 εὐλογίας.
964 1297 1012 1336 Id
1034 1304 1093 1336 est
1115 1296 1426 1343 benedictiones,
1466 1296 1532 1335 vel

82 1350 306 1403 particulas
323 1352 375 1390 de
400 1351 478 1391 illis
502 1352 723 1392 benedictis
744 1352 933 1405 panibus,
961 1367 1062 1406 quos
1083 1351 1217 1391 fideles
1235 1366 1371 1391 secum
1402 1354 1444 1391 in
1467 1367 1532 1391 ec·-

90 1404 251 1445 clesiam
275 1405 495 1446 offa-ebant
512 1438 525 1456 ,
564 1415 604 1447 et
633 1408 827 1459 sacerdoti
854 1407 1147 1447 benedicendos
1180 1406 1416 1446 offerebant.
1458 1408 1534 1446 So-

92 1458 231 1500 lebant
276 1461 375 1501 olim
405 1463 696 1515 superstitionis
730 1477 910 1517 paganae
947 1477 1144 1502 memores
1159 1492 1172 1514 ‚
1214 1470 1285 1501 aut
1314 1477 1436 1516 panes
1470 1463 1531 1500 ci-

90 1513 216 1555 bosve
243 1516 286 1556 in
311 1516 506 1570 templum
540 1517 704 1566 efferre,
736 1525 776 1556 et
810 1517 1046 1557 sacerdotali
1074 1517 1354 1556 benedictione
1378 1524 1532 1556 mactus

88 1583 228 1610 rursus
271 1571 438 1610 domum
485 1572 659 1619 referre,
713 1579 829 1625 parte
876 1587 1016 1612 eorum
1059 1572 1255 1611 sacerdoti
1303 1573 1344 1611 in
1387 1586 1535 1625 operae

90 1625 314 1665 mercedem
338 1626 491 1674 relicta,
518 1634 588 1666 aut
617 1628 738 1666 etiam
767 1642 891 1681 panes
923 1627 1083 1680 aliaque
1123 1627 1166 1666 in
1207 1628 1533 1666 communionem

78 1679 253 1729 afferre,
284 1688 325 1720 et
362 1683 404 1720 in
443 1683 647 1721 communi
677 1683 905 1736 deponere,
949 1683 1123 1736 indeque
1155 1682 1365 1721 collatitias
1394 1681 1538 1736 epulas

81 1734 233 1784 facere,
272 1751 373 1790 quas
410 1737 452 1776 in
477 1739 565 1791 ipsa
587 1737 750 1777 eeclesia
784 1738 1063 1777 absumebant.
1131 1738 1213 1788 Qui
1243 1752 1331 1776 mos
1365 1745 1531 1777 eatenus

81 1789 165 1829 -fuit
195 1799 389 1839 mutatus,
422 1800 469 1831 nt
503 1793 728 1832 sacerdotes
762 1793 917 1832 oblatos
938 1808 962 1832 a
985 1793 1170 1832 fidelibus
1197 1807 1321 1845 panes
1352 1792 1532 1847 aliosque

75 1845 199 1885 -cibos
229 1847 423 1886 inferrent
454 1848 497 1886 in
528 1849 735 1887 tribunam
750 1880 761 1897 ,
795 1863 937 1888 eorum
970 1857 1126 1902 partem
1157 1856 1448 1896 consecrarent,
1480 1849 1535 1887 de

87 1914 168 1952 qua
188 1908 229 1940 ct
253 1903 328 1955 ipsi
362 1905 730 1951 communicarent,
763 1911 803 1943 et
829 1903 1009 1943 fidelium
1041 1910 1244 1958 quotquot
1268 1902 1442 1951 vellent,
1463 1918 1535 1942 re·-

87 1953 206 2008 liqnis
226 1956 393 1996 domum
416 1959 655 1998 abeuntibus
672 1961 897 2012 portionem
921 1959 1128 2007 adderent,
1161 1956 1350 2009 εὕλογίαν
1363 1959 1527 2006 dictam,

86 2010 243 2064 reliqua
276 2014 412 2052 onmia
442 2014 517 2053 sibi
548 2022 755 2054 servarent
769 2045 781 2065 ,
821 2015 1105 2054 distributione
1129 2027 1176 2053 ex
1208 2014 1386 2066 ipsorum
1419 2014 1533 2052 arbi·-

35 2065 38 2067 Δ
86 2066 166 2105 trio
197 2067 318 2107 facta.
389 2069 568 2108 Gentiles
604 2084 768 2123 quoque
803 2077 894 2123 post
923 2070 1099 2123 hymnos
1124 2075 1305 2108 cantatos
1329 2076 1369 2108 et
1393 2069 1527 2109 confe-

77 2127 198 2159 -ctum
235 2123 472 2163 sacrificium
517 2126 808 2164 consumebant
834 2126 876 2164 in
914 2126 1077 2178 templis
1108 2131 1265 2177 partem
1313 2124 1497 2164 victimae
1513 2155 1532 2171 ,

85 2175 240 2230 reliqua
266 2192 402 2217 secum
432 2180 643 2219 sumebant
668 2181 858 2229 domum,
891 2189 962 2219 aut
988 2181 1043 2219 ihi
1082 2179 1328 2218 absumenda
1341 2206 1352 2226 ‚
1389 2186 1460 2217 aut
1482 2181 1527 2218 in

83 2231 257 2271 macello
307 2247 482 2273 vaenum
527 2237 773 2289 exponenda.
861 2236 1077 2275 Christiani
1110 2236 1261 2288 pariter
1299 2241 1370 2272 aut
1399 2235 1531 2287 ipsius

86 2289 306 2327 consecrati
338 2291 451 2342 panis
495 2304 596 2342 quas
639 2292 681 2330 in
715 2292 1001 2330 communione
1031 2292 1272 2342 accepissent
1310 2289 1533 2342 particulas

84 2341 163 2379 viri
192 2344 355 2396 quidem
393 2344 513 2384 nudis
536 2347 719 2386 manibus
734 2378 744 2394 ,
783 2346 988 2386 foeminae
1023 2353 1156 2384 autem
1194 2343 1319 2383 lin-teo
1343 2352 1526 2398 exceptas

84 2395 250 2436 domum
278 2399 508 2438 deferebant
522 2431 532 2447 ,
557 2409 605 2440 -et
629 2415 839 2456 quousque
862 2402 1013 2441 vellent
1048 2399 1330 2450 asservabant3
1355 2407 1426 2438 aut
1453 2415 1526 2453 pa-

83 2451 160 2499 niS,
194 2452 394 2493 benedicti
422 2455 600 2508 quidem,
627 2465 670 2496 at
687 2472 768 2496 non
796 2458 1013 2496 consecrati
1027 2486 1037 2503 ,
1067 2454 1310 2508 particulas,
1347 2453 1526 2494 ἀντίδω-

85 2517 160 2556 (mv
190 2514 230 2546 et
252 2507 422 2560 εὖλογιά
457 2510 609 2559 dietas,
642 2513 883 2552 referebant.
968 2511 1094 2549 Cuius
1130 2510 1189 2548 rei
1229 2509 1359 2549 multa
1400 2510 1525 2549 docu-

83 2568 218 2600 menta
258 2563 301 2602 in
345 2565 501 2617 scriptIS
534 2574 716 2606 veterum
751 2566 1028 2620 theologorum
1062 2572 1229 2604 exstant.
1286 2566 1341 2605 V.
1365 2566 1450 2604 DC.
1480 2581 1530 2604 v.-

90 2614 212 2656 Oblia
243 2625 283 2656 et
309 2620 450 2659 salutes
469 2628 510 2659 et
538 2622 803 2662 ΕιωΙιαι-ιῖςτιά.
863 2621 1040 2660 Gentiles
1069 2634 1202 2660 mazas
1224 2619 1314 2660 illas
1327 2651 1339 2670 ,
1379 2620 1446 2660 vel
1476 2621 1535 2659 lid

85 2667 138 2707 ba
157 2699 168 2715 ‚
190 2673 403 2722 crustulas,
438 2690 537 2728 quas
563 2677 667 2716 inter
702 2677 1005 2716 sacrificandum
1038 2676 1426 2715 communicantibus
1444 2677 1527 2714 dis-

85 2723 342 2774 tribuebant,
390 2737 429 2768 et
463 2745 567 2783 quas
606 2733 670 2771 vel
712 2735 751 2771 in
790 2731 951 2785 templis
992 2745 1248 2778 consumere,
1286 2731 1350 2770 vel
1389 2746 1526 2770 secum

89 2776 255 2820 domum
286 2783 455 2824 aufferre
478 2785 637 2835 licebat,
671 2785 830 2839 ὑγιείας
858 2789 1040 2826 sanitates
1068 2785 1322 2840 appellabant
1338 2818 1349 2835 5
1394 2801 1525 2840 neque
