1884 3132
221 176 300 220 An
336 169 632 220 consum.
685 175 880 218 ronru.
920 177 991 217 DE
1024 158 1581 234 cssn1m.L1n.1.369

150 293 231 335 χον
259 277 436 321 δυνατὸν
460 276 570 320 ουτω
597 280 872 348 γεγενηιιὲνον,
900 280 943 327 ἐς
970 277 1214 345 πατρικίους
1244 279 1289 320 δὲ
1318 280 1396 320 α’να
1424 281 1580 335 ραφὲν-

153 350 207 377 τα
232 335 308 376 και
335 335 380 382 ἐς
422 337 503 375 τῶν
539 334 706 374 ὑπατων
734 330 1014 388 α’ναβεβηκότα
1040 331 1110 374 τὸν
1138 334 1313 387 δίφρον,
1361 349 1381 374 ο
1437 337 1581 386 μεῖζον

156 384 267 430 εἶναι
306 387 431 430 οὐδὲν
464 386 510 429 ἔν
536 404 582 441 γε
609 389 659 443 τῇ
682 385 898 439 Ῥωμαίων
938 388 1120 427 πολιτεία
1147 388 1272 428 δοκεῖ.
1342 390 1387 429 In
1417 406 1581 431 carruca

182 444 382 484 roeedenti
410 445 604 498 praefecto
630 430 986 497 praeambulabant
1014 429 1110 482 eius
1142 442 1315 483 officium
1355 459 1426 484 seu
1456 445 1576 485 satel-

153 459 279 539 lites’
267 501 310 538 in
335 498 540 552 splendido
585 505 792 552 apparatu.
848 498 889 536 S.
920 497 1154 551 Fulgentius
1181 497 1320 537 homil.
1345 500 1433 538 LX.
1461 498 1511 539 de
1537 501 1581 540 S.

153 555 400 594 Laurentio:
465 554 589 606 Ignea
619 567 788 600 caruca,
824 566 946 615 quani
969 553 1211 606 praecedunt
1228 551 1356 605 offi'cia
1376 556 1550 608 pretiosa
1566 585 1579 608 ,

154 623 234 649 non
253 606 514 660 chlamydem,
546 622 623 647 non
649 609 787 646 scutati
810 617 847 646 et
869 609 1033 647 sericati.

238 663 334 703 226.
353 663 407 701 D.
430 676 470 701 2.
501 662 617 716 [389‚
649 660 706 715 2.]
746 661 967 714 στρατιῶν.
1043 662 1117 700 Est
1145 676 1190 700 ex
1216 676 1327 701 more
1357 663 1511 703 scribae
1541 675 1580 702 ει

157 725 197 757 et
226 731 243 756 ι
269 718 548 771 permutandi,
591 730 663 770 pro
691 716 931 766 στρατειῶν.
991 715 1064 755 Est
1091 723 1223 755 autem
1246 717 1314 756 hic
1345 717 1421 756 loci
1448 731 1580 771 στρα-

154 770 246 811 ‘tela
273 773 441 819 militia,
467 785 547 810 non
574 771 646 819 id,
677 771 785 823 quod
813 770 887 810 hac
917 777 1043 809 aetate
1073 770 1244 810 solemus
1270 772 1325 811 sic
1354 773 1577 825 appellare,

156 833 279 867 status
298 828 343 867 in
369 826 489 866 armis
514 826 700 864 merentis
728 833 767 864 et
793 827 943 878 patriae
971 825 1188 865 defensioni
1216 826 1478 880 invigilantis,
1510 828 1580 867 sed

155 883 287 920 omnis
318 881 497 932 functio,
525 894 669 919 munus
696 881 989 944 quodcunque,
1021 894 1090 919 seu
1118 880 1318 932 militam,
1347 896 1414 921 seu
1445 880 1578 933 civile,

157 942 212 975 et-
225 937 486 999 investitura,
508 949 577 974 seu
605 937 852 985 commissio,
893 936 1094 998 impositio
1122 938 1205 975 eius
1231 938 1273 974 in
1303 935 1469 976 alicuius
1498 936 1578 976 hu-

155 1004 299 1030 meros.
356 986 395 1029 οἱ
431 989 476 1029 ἐν
512 986 749 1042 στρατείαις
777 985 1057 1039 ἐξεταζόμενοι
1085 998 1177 1030 sunt
1205 990 1343 1030 officiis
1371 991 1579 1045 fungentes

156 1044 325 1098 publicis
354 1045 620 1098 cuiuscunque
648 1046 827 1097 generis,
857 1044 962 1097 apud
979 1044 1226 1113 Theoph'an.
1253 1060 1293 1098 p.
1310 1045 1376 1097 42.
1398 1046 1453 1085 D.

157 1099 268 1138 Idem
294 1114 337 1153 p.
377 1098 470 1153 387.
541 1100 622 1138 .5.
668 1099 788 1138 habet
814 1074 1113 1150 στρατεύεσθαι
1140 1100 1184 1140 ἐν
1207 1101 1442 1151 βασιλικαις
1469 1116 1580 1154 υπη-

160 1152 343 1206 ρεσίαις,
369 1155 411 1192 in
434 1155 549 1206 regiis
573 1155 743 1192 servituis·
768 1154 937 1192 mi‘lztare
954 1184 964 1201 ‚
1004 1153 1045 1192 id
1074 1161 1134 1194 est
1161 1155 1377 1208 occupari,
1406 1170 1474 1194 seu
1504 1168 1578 1208 po-

159 1209 239 1248 tius
266 1222 416 1247 merere
444 1209 697 1261 stipendium.
754 1209 814 1248 Ex
843 1222 889 1247 eo
915 1222 1058 1271 nempe
1076 1239 1088 1259 ‚
1117 1209 1225 1262 quod
1251 1185 1483 1264 stipen’dium
1497 1225 1578 1249 me-

158 1277 245 1303 rere
269 1277 295 1302 a
329 1277 420 1315 rege
446 1263 509 1302 vel
556 1262 754 1317 republica
790 1264 1052 1302 necessarium
1092 1265 1322 1303 adiunctum
1362 1270 1402 1303 et
1441 1279 1578 1304 conse-

158 1331 285 1370 quens
311 1317 473 1356 militiae
497 1325 620 1366 esset,
650 1319 811 1381 factum,
840 1325 885 1356 ut
914 1317 1084 1357 militare
1119 1326 1158 1358 et
1184 1315 1489 1371 στρατεύεσθαι
1515 1319 1578 1358 di-

160 1379 316 1411 ceretur
342 1386 414 1424 pro
455 1372 711 1411 honorarium
739 1373 779 1410 in
794 1373 962 1411 servitiis
990 1380 1060 1411 aut
1089 1375 1190 1426 regis
1234 1381 1303 1412 aut
1338 1373 1578 1426 reipublicae

161 1428 331 1476 mereri,
372 1440 608 1479 quocunque
647 1427 765 1465 modo
801 1427 842 1465 id
879 1427 961 1465 fiat.
1018 1427 1187 1466 Cedren.
1233 1441 1273 1480 p.
1304 1427 1398 1467 516
1430 1428 1483 1466 D.
1513 1441 1573 1467 10.

162 1480 284 1520 hahet
309 1481 539 1532 μετεκήιησε
565 1481 712 1520 τοῦτον
736 1475 784 1532 ἧς
810 1479 951 1534 μετῄει
968 1481 1196 1532 στρατείας,
1225 1481 1459 1536 i'mpedzebat
1476 1495 1575 1529 eum,

162 1535 345 1584 arcebat,
374 1535 599 1583 amovebat,
628 1549 654 1573 a
679 1537 943 1589 promoti‚0ne
979 1535 1583 1602 collacione,murzerzk‚q1cod

163 1589 370 1639 ambiebat,
390 1589 611 1638 obtmenda,
639 1596 679 1628 et
705 1603 748 1642 Ρ.
766 1588 860 1639 485.
889 1589 934 1626 Β.
964 1588 1063 1643 ult.:
1095 1587 1116 1627 ὅ
1145 1587 1380 1642 στρατεύων
1406 1589 1488 1628 τῶν
1513 1587 1581 1628 ι’π-

163 1640 367 1693 ποκόμων,
395 1652 538 1682 strator
567 1658 610 1682 eo
629 1652 796 1706 tempore
824 1653 861 1682 et
889 1643 953 1682 die
985 1646 1167 1683 servi.ens
1225 1644 1260 1682 N
1264 1643 1473 1696 lcephorus
1499 1644 1580 1682 Pa-

162 1697 841 1743 triareh.CPtanusB1-eviar.Hist.
869 1712 909 1750 p.
931 1700 1023 1738 223.
1055 1699 1118 1737 ed.
1148 1699 1316 1737 Petam:
1347 1697 1581 1749 στρατείαις

163 1752 249 1792 τῶν
288 1748 532 1801 ἀξιωμάτων
574 1751 941 1806 φιὶμοτιμούμετοι,
981 1755 1236 1802 ι’·ιηεετίειινὶς,
1284 1753 1575 1801 collationibus,

163 1807 489 1846 οοιηηιιζς5ὼηίὂιις
522 1807 752 1859 digmcacum
779 1807 938 1853 donati,
985 1809 1116 1846 macti.
1173 1808 1329 1846 Pariter
1356 1808 1488 1845 Latini
1517 1821 1579 1845 se-

165 1862 324 1914 quiores
361 1861 498 1900 dicunt
528 1862 664 1900 eodem
702 1875 816 1900 sensu
843 1862 1033 1910 mi‘lztare,
1062 1876 1145 1900 esse
1171 1863 1212 1900 in
1244 1860 1579 1914 officioquocun-

165 1929 244 1969 que
274 1914 446 1967 publico.
518 1917 605 1955 Imo
641 1930 687 1955 eo
715 1923 958 1955 excesserunt
990 1917 1150 1969 quidam
1166 1945 1179 1967 ,
1222 1923 1268 1954 ut
1309 1917 1477 1954 militare
1505 1929 1580 1967 pro

165 1969 339 2008 officium
364 1983 479 2008 suum
516 1970 668 2017 facere,
706 1978 903 2024 praestare
944 1984 1060 2009 usum
1101 1971 1149 2009 de
1177 1984 1218 2009 se
1246 1977 1510 2022 exspectatum
1540 1974 1580 2008 et

169 2025 346 2063 debitum
371 2038 605 2078 quacunque
632 2026 670 2064 in
699 2040 768 2075 re,
795 2026 912 2064 etiam
937 2025 986 2064 de
1013 2025 1130 2064 rebus
1157 2039 1238 2063 non
1266 2027 1447 2063 animatis
1474 2025 1581 2062 dice-

168 2086 272 2118 rent.
300 2079 364 2117 Sic
378 2078 645 2118 Tertulhanus
655 2080 705 2118 de
714 2080 865 2119 Pallio.
895 2078 975 2118 Ar'
951 2094 1011 2118 ‘les
1033 2089 1088 2118 est
1113 2080 1318 2128 machimza
1337 2093 1436 2133 quae
1452 2092 1581 2116 muros

151 2135 348 2186 frangere
368 2133 526 2183 mi',l1tat
553 2133 595 2172 id
615 2142 671 2173 est
691 2149 792 2188 quae
814 2134 1030 2196 frangendo
1056 2148 1191 2172 muros
1222 2132 1395 2172 officium
1423 2132 1515 2171 facit
1542 2137 1583 2171 et

166 2187 418 2228 destinationi
444 2201 537 2226 suae
563 2190 762 2228 satisfacit.
819 2190 907 2242 Ipse
934 2190 1013 2227 iam
1034 2189 1220 2227 Horatius
1244 2189 1374 2240 Epist.
1400 2186 1430 2225 l.
1463 2200 1521 2226 2.:

998 2245 1190 2281 venaticus
1219 2257 1272 2281 ex
1290 2256 1364 2296 quo

336 2296 523 2350 Tempore
551 2299 746 2336 cervinam
763 2299 910 2351 pellem
940 2298 1102 2336 latravit
1130 2298 1172 2335 in
1208 2297 1324 2344 aula,

330 2351 482 2390 Militat
506 2351 548 2389 in
571 2352 691 2402 sylvis·
717 2354 876 2391 catulus.

171 2403 279 2442 Hine
303 2406 446 2444 militia
475 2408 619 2458 passim
647 2407 871 2445 auctoribus
908 2406 1014 2445 idem
1042 2413 1101 2444 est
1129 2413 1247 2458 atque
1272 2405 1490 2454 comitam,
1515 2408 1580 2443 to·

169 2465 254 2497 tum
281 2473 424 2513 corpus
446 2460 707 2510 militiarum,
746 2460 788 2498 id
814 2468 873 2499 est
909 2459 1128 2499 officiorum
1157 2467 1196 2498 et
1222 2460 1455 2512 dignitatum
1479 2457 1580 2496 auli-

171 2526 324 2552 carum.
390 2516 450 2553 Ita
492 2515 713 2567 Stephanus
745 2515 968 2560 Gai-landus
1004 2516 1043 2552 in
1076 2514 1271 2552 Chronico
1316 2511 1581 2552 Mauriacensi

172 2565 225 2604 L.
253 2568 337 2606 IL:
364 2567 455 2608 Hoc
475 2571 670 2608 retroactis
689 2570 848 2606 saeculis
860 2571 1003 2620 fuerat
1019 2569 1259 2617 ι”,ηαιιᾱιτιιηι
1289 2577 1329 2606 ut
1349 2569 1485 2614 homo,
1512 2566 1584 2620 qui

173 2597 398 2661 diaconatus
422 2625 666 2676 fimgebatur
685 2621 1036 2674 qffi'019‚miliciae
1078 2624 1196 2661 semul
1209 2631 1379 2676 postreg
1376 2634 1435 2660 em
1463 2621 1579 2660 duce-

174 2682 234 2711 ret
249 2677 523 2739 principatum.
580 2679 751 2717 Rectene
790 2691 884 2716 vero
912 2677 1169 2739 Gutherusp
1173 2675 1308 2718 ‚538.
1335 2677 1439 2716 dicat
1466 2676 1582 2714 fuisse

173 2727 383 2768 discrimen
409 2733 511 2771 inter
545 2729 620 2779 τὰς
654 2731 869 2784 στρατείας
911 2738 949 2770 et
975 2727 1048 2777 τὰς
1076 2691 1282 2784 προῖἒολὰς
1309 2730 1407 2782 hoc,
1434 2737 1480 2769 ut
1505 2729 1581 2769 hoc

223 2804 480 2859 Constantinus
500 2807 671 2852 Porphyr.
703 2807 776 2841 Vol.
802 2807 848 2840 ll.
1281 2804 1325 2848 24
