1884 3132
330 125 439 198 716
619 134 691 183 1'0.
732 133 838 183 1A'c.
887 140 1082 183 Rssisxu
1123 139 1496 183 comm-:Numi

440 255 491 294 A.
523 269 565 309 9.
587 253 703 310 [607,
735 254 820 310 10.]
849 251 1103 306 μολχαμίου.
1157 253 1231 294 Est
1245 254 1368 308 panni
1388 269 1512 310 genus
1530 255 1765 299 Saracenici.

332 321 490 360 Nomen
518 328 623 359 certe
651 321 928 360 Saracenicum
959 335 1029 360 seu
1055 320 1273 360 Arabicum
1309 328 1380 364 est.
1413 312 1538 378 ,nsi-2⁴⁶
1569 322 1772 362 Molclmm

332 384 392 415 est
419 385 545 414 trama
575 390 644 415 seu
670 378 920 430 subtegmine
951 383 1126 426 textum,
1166 376 1246 415 alio
1273 390 1416 429 nempe
1452 384 1491 416 et
1518 378 1768 430 pretiosiore,

335 447 456 484 quam
485 439 636 470 stamen
669 431 732 471 vel
762 432 840 470 tela
869 438 939 470 est.
994 431 1035 470 Si
1064 438 1180 484 putas
1209 431 1420 470 fundatum
1455 431 1497 471 id
1531 446 1615 471 esse
1650 431 1773 484 panni

331 502 468 540 genus,
485 487 592 539 quod
607 487 725 525 aliam
741 495 778 526 et
794 486 976 526 viliorem
995 485 1135 537 telam,
1152 486 1271 525 aliam
1293 494 1332 525 et
1348 486 1584 526 nobiliorem
1599 494 1773 526 tramam

334 557 404 581 seu
435 542 604 580 fundum
634 542 781 592 habet,
810 556 958 594 aurea,
988 549 1192 595 argentea,
1221 544 1343 581 serica
1372 541 1455 593 fila,
1482 556 1645 596 prorsus
1668 541 1774 580 idem

334 614 394 646 cst
406 608 626 660 simulatum
656 616 776 662 atque
797 608 1118 647 Molchamicmn.
1175 607 1279 646 Nam
1309 619 1401 662 ρ,
1442 614 1500 647 est
1535 617 1692 658 trama,
1735 612 1778 645 et

333 671 485 721 ύιλυν,
517 674 627 712 Sada
645 703 655 723 ‚
684 674 792 712 unde
824 674 927 712 sorte
953 681 1134 712 nostrum
1161 673 1278 721 Seta,
1321 674 1362 712 id
1395 681 1453 712 est
1476 676 1669 723 sericum,
1707 687 1775 712 or-

333 736 420 767 tum
450 729 542 778 fuit,
577 738 723 768 stamen
754 737 823 768 est.
881 730 996 782 lungi
1026 729 1260 783 plerumque
1278 728 1408 768 solent
1434 728 1531 767 haec
1549 729 1631 768 duo
1649 728 1773 768 verba

334 793 474 843 &Qu-,3
509 796 610 834 telae
642 796 808 834 stamina
855 795 1031 834 extendit
1044 825 1055 842 ‚
1108 802 1147 834 et
1176 775 1247 851 μὲ-
1296 804 1465 834 tramam
1503 796 1692 846 intexuit,
1738 800 1778 833 et

336 861 606 914 metaphorice
636 862 782 900 dicitur
811 841 900 917 μὲ)
936 854 1100 910 μςὼυνῖ,
1145 870 1296 900 stamen
1331 869 1369 899 et
1400 861 1617 912 subtegmen
1651 863 1779 901 texuit

334 918 395 955 rei
427 919 678 971 cuiuscunque
694 946 705 966 ‚
745 931 817 970 pro
857 925 993 956 curate
1032 917 1185 969 riteque
1213 930 1300 954 eam
1326 922 1366 954 et
1395 916 1566 954 instituit
1592 923 1632 955 et
1659 930 1777 970 pere-

333 973 416 1024 git,
462 979 501 1011 et
541 971 707 1010 solidam
732 1001 742 1018 ‚
794 971 953 1010 firmam
969 1001 980 1022 ,
1021 971 1187 1025 probam
1226 971 1334 1010 fecit.
1394 971 1500 1010 Hinc
1527 969 1628 1010 illud
1668 970 1776 1025 apud

337 1027 585 1066 Scholiasten
618 1027 748 1065 Geriri
779 1028 970 1065 citatum:

337 1147 482 1185 Frater·
509 1147 623 1194 belli,
653 1149 722 1202 qui
748 1156 897 1187 stamen
925 1150 1005 1187 eius
1033 1149 1133 1186 texit
1149 1179 1159 1196 ,
1208 1157 1246 1186 et
1274 1148 1491 1200 subtegmen
1518 1148 1613 1187 eiuS.
1635 1147 1779 1187 Graeci

339 1201 518 1240 dicerent
537 1200 556 1241 ὁ
580 1202 769 1248 anati-(51¹,
789 1199 809 1239 ὁ
831 1202 1067 1254 συγκροτῶν
1081 1199 1157 1241 τὸν
1170 1199 1361 1251 πόλεμον,
1389 1203 1456 1255 qui
1471 1201 1672 1241 bellumet
1687 1217 1778 1256 pru-

336 1256 477 1295 denter
487 1259 649 1309 suscipit
659 1264 696 1295 et
712 1257 867 1295 fortiter
879 1259 978 1310 gerit
989 1258 1231 1310 firmumque
1244 1257 1319 1296 sibi
1331 1264 1369 1296 et
1380 1257 1695 1310 impenetrabile,
1709 1259 1782 1296 im·

338 1312 578 1365 perforabile
593 1312 739 1363 reddit,
755 1320 800 1350 ut
812 1319 940 1351 textor
950 1327 1128 1366 pannum
1143 1311 1292 1351 crebris
1303 1311 1468 1364 spathae
1481 1312 1625 1351 ictibus
1635 1320 1674 1351 et
1688 1313 1782 1352 forti

337 1364 609 1420 συγκροτήσει
632 1367 788 1416 densat3
812 1368 896 1407 vid.
921 1367 1045 1407 celeb.
1062 1367 1289 1407 Schultens.
1303 1367 1353 1406 ad
1378 1367 1594 1406 Hamasam
1614 1382 1656 1420 p.
1680 1367 1777 1422 598.

336 1422 529 1461 Occurrit
557 1437 631 1462 vox
662 1422 915 1462 Mulelmmat
940 1423 1026 1472 (vel
1054 1425 1184 1477 potius
1211 1423 1460 1462 Mzdclmmat
1476 1451 1487 1472 ,
1517 1422 1781 1462 foemininum

337 1480 512 1541 &Lu-<Qu
547 1504 570 1527 a
598 1489 816 1528 masculino
851 1481 996 1544 ρςὼθ,
1035 1490 1256 1535 lllulclzam)
1272 1487 1641 1542 inEpistolaBasilii
1656 1490 1784 1528 Mace·

337 1543 453 1582 donis
467 1545 517 1582 ad
535 1545 782 1583 Hadrianum
797 1546 852 1583 11.
871 1544 1060 1584 Pontific.
1079 1544 1185 1598 apud
1197 1545 1263 1582 Du
1277 1543 1522 1597 Cangiumv.
1542 1544 1644 1592 UsiS,
1662 1558 1783 1598 quem

343 1599 644 1638 memorabilem
682 1607 720 1639 et
761 1600 896 1639 multis
934 1601 1147 1640 obscurum
1184 1600 1325 1651 procul
1353 1600 1477 1638 dubio
1515 1599 1695 1639 futurum
1722 1599 1783 1638 lo-

342 1669 436 1692 cum
482 1656 594 1693 iuvat
630 1655 696 1694 hic
744 1655 960 1695 illustrare.
1023 1656 1063 1694 T
1057 1655 1327 1695 tansmisimus
1362 1654 1574 1694 Sanctitate·
1601 1664 1752 1694 vestrae
1769 1683 1781 1701 ‚

342 1711 398 1747 ait
430 1710 617 1759 Basilius,
658 1712 782 1749 vellus
816 1713 1023 1766 prasinum
1043 1741 1053 1758 ‚
1086 1710 1415 1763 vilarnipimzimn
1440 1724 1518 1764 pro
1548 1710 1681 1748 caszda
1702 1710 1785 1760 Ja-

342 1765 483 1803 rienda
510 1780 643 1815 unum,
674 1767 759 1805 usin
789 1768 950 1805 rubeum
977 1767 1109 1806 ae’rem
1137 1766 1336 1804 habentem
1358 1780 1475 1804 unum
1489 1794 1502 1813 ,
1539 1766 1624 1804 usin
1650 1765 1783 1803 album

341 1834 474 1870 unum,
504 1822 742 1861 mulchumat
764 1837 901 1870 mmm,
934 1822 1145 1876 planetilia
1164 1828 1346 1859 castanea
1376 1820 1469 1858 duo.
1524 1820 1571 1858 In
1596 1819 1672 1858 hoc
1694 1817 1785 1858 loco

341 1876 515 1927 primum
546 1875 714 1915 delenda
743 1884 833 1915 sunt
862 1877 1203 1932 vz'larnz'pimziwn.
1263 1875 1511 1914 Praecedens
1531 1875 1637 1913 enim
1661 1875 1787 1913 vellus

337 1932 544 1984 prasimcm
572 1932 612 1969 id
634 1933 779 1985 partim
802 1931 970 1986 explicat
986 1962 997 1979 ‚
1040 1932 1183 1984 partim
1204 1930 1404 1971 emendat.
1422 1929 1604 1982 Explicat
1623 1929 1786 1983 quidem

341 1986 467 2024 vellus
494 2000 633 2026 vocem
663 1988 844 2026 villaria.
904 1989 968 2026 Sic
994 1988 1127 2036 enim,
1156 2001 1237 2026 non
1269 1986 1423 2024 vilarni
1435 2014 1446 2032 ,
1477 1985 1639 2024 dederat
1669 1984 1787 2023 libra-

343 2040 442 2078 rius.
499 2041 574 2080 Est
615 2050 747 2080 autem
776 2044 938 2090 vilarin,
969 2039 1155 2094 βηλάριν,
1207 2055 1365 2094 pannus
1409 2038 1572 2079 villosus
1611 2041 1786 2089 sericus,

347 2103 585 2135 exametum.
647 2098 858 2138 Prasimcm
891 2105 1023 2136 autem
1057 2104 1114 2135 est
1142 2097 1266 2149 proba
1304 2095 1468 2148 scriptio
1495 2095 1670 2148 corrupti
1691 2094 1787 2148 pin-

347 2151 470 2189 nium.
527 2152 658 2191 Porro
688 2154 773 2192 usin
801 2160 860 2192 est
888 2153 994 2191 idem
1023 2152 1132 2205 quod
1159 2151 1410 2205 plumatum,
1450 2163 1569 2202 opere
1597 2149 1787 2203 phrygio-

345 2216 438 2254 nico
459 2216 625 2268 pictum.
669 2219 923 2258 Vocabulum
942 2225 999 2257 est
1018 2218 1238 2257 Arabicum
1258 2214 1387 2274 &⁶⁶92
1429 2214 1536 2269 quod
1564 2215 1789 2268 promiscue

353 2270 473 2309 chln'
498 2279 538 2310 et
570 2273 738 2311 lVeschi
762 2274 950 2324 effertur,
980 2280 1019 2312 et
1048 2274 1089 2312 in
1118 2287 1260 2327 genere
1288 2271 1450 2326 quidem
1477 2278 1660 2310 ornatum
1675 2297 1688 2318 ,
1715 2282 1788 2320 pa-

347 2333 527 2365 raturam
559 2343 744 2376 omnem,
793 2331 834 2368 in
869 2330 996 2382 specie
1021 2336 1155 2368 autem
1184 2329 1304 2368 vestis
1333 2329 1530 2380 picturam
1558 2324 1632 2363 filis
1657 2325 1788 2362 aureis

347 2381 532 2420 sericisve
546 2382 609 2421 vel
630 2384 770 2422 insutis
799 2384 862 2423 vel
891 2385 1072 2434 intextis,
1100 2384 1142 2422 id
1161 2391 1219 2423 est
1246 2397 1365 2435 opere
1405 2381 1602 2434 plumario
1642 2377 1787 2416 factam
1834 2403 1839 2407 x

347 2436 558 2488 significat3
577 2452 616 2477 V·
633 2439 700 2476 Du
734 2439 867 2492 Gange
886 2455 927 2479 v.
951 2438 1144 2491 Algzoexis
1167 2445 1207 2477 et
1225 2438 1406 2478 Albexis.
1447 2437 1506 2474 lta
1532 2447 1674 2485 nempe
1694 2447 1787 2471 exa-

348 2497 441 2529 rant
466 2492 633 2546 Hispani
649 2508 761 2532 more
776 2509 848 2533 suo
859 2495 963 2532 hanc
980 2508 1134 2541 vocem,
1157 2490 1454 2546 pronuntiando
1465 2496 1596 2528 autem
1612 2501 1693 2526 non
1715 2486 1787 2526 dif-

350 2545 484 2584 serunt
511 2562 535 2585 a
565 2555 701 2587 nostro
735 2549 914 2588 PVesclzi.
975 2548 1101 2587 Affert
1132 2549 1184 2586 ibi
1221 2549 1288 2586 Du
1325 2547 1457 2597 Cange
1498 2557 1543 2581 ex
1572 2542 1706 2580 Yebez
1742 2543 1785 2581 in

349 2599 540 2640 Chronic.
574 2603 675 2641 Ord.
703 2603 746 2642 S.
787 2604 990 2642 Benedicti
1019 2603 1151 2642 locum
1179 2603 1286 2641 hunc
1307 2616 1319 2640 e
1350 2607 1498 2638 mancos
1517 2597 1612 2635 duos
1633 2597 1788 2648 aurifa-

347 2666 408 2690 sos
447 2654 493 2708 [l.
523 2657 746 2712 αιινψίεοε]
777 2659 858 2697 alio
886 2660 1049 2711 alguexi
1071 2672 1169 2696 aut-o
1195 2666 1303 2696 texto
1339 2664 1375 2693 et
1405 2653 1488 2691 alia
1502 2652 1668 2703 algzoexi
1690 2665 1788 2690 auro

351 2716 479 2746 texta.
540 2711 651 2750 Idem
697 2727 738 2751 v.
774 2708 927 2752 Οὖσίον
966 2714 1069 2751 inter
1097 2712 1177 2750 alia
1201 2725 1247 2749 ex
1277 2707 1494 2748 Achmedis
1523 2706 1790 2745 Onia-ocritico

354 2761 467 2802 affert
482 2763 587 2804 hunc
603 2766 750 2806 locum:
784 2763 858 2807 ἐὰν
887 2764 969 2821 ἴδῃ,
998 2761 1061 2806 ὅτι
1091 2762 1236 2819 ἐφόρει
1261 2759 1419 2815 οὖσίον,
1451 2762 1619 2817 [vestem
1634 2761 1792 2816 pluma-
