1884 3132
272 126 386 194 224
580 146 654 188 10.
694 145 799 188 me.
840 148 1035 189 Rmsxn
1071 148 1455 194 COMMENTARR

378 247 432 285 D.
457 246 499 285 3.
525 245 643 300 [133‚
664 246 728 302 5.]
760 242 1060 299 ἀσπαζόμενος.
1088 249 1214 300 ,Post
1254 249 1297 289 h.
1330 265 1373 291 v.
1415 251 1616 292 distinctio
1655 259 1716 292 est

269 303 312 342 in
334 303 393 341 M.
422 301 525 342 nulli
553 302 676 342 bono.
735 302 903 343 Caetera
934 303 1074 342 eadem
1101 303 1255 344 habent
1281 313 1403 360 atque
1423 307 1533 361 typis
1561 307 1719 348 editum·

269 355 483 409 exemplar.
541 356 598 396 Et
623 359 680 397 sie
703 372 866 412 quoque
894 360 1066 398 recurrit
1099 374 1142 413 p.
1162 360 1232 401 85.
1262 361 1339 400 ult.
1399 363 1548 402 Putem
1581 368 1718 402 tamen

267 408 322 451 τά
354 406 430 450 δύο
456 407 552 464 ἱερὰ
579 411 782 466 ποτήρια,
811 412 886 453 καὶ
909 410 1009 461 τούς
1036 409 1115 454 δύο
1137 410 1276 469 ἱεροϋς
1298 415 1480 464 δίσκους.
1523 417 1618 456 Lin.
1637 417 1714 458 ult.

267 466 391 506 habet
419 467 542 506 codex
568 465 787 519 βαστάξαι.

380 522 735 578 79.A.10.[133‚
758 522 847 578 αα]
875 519 920 564 τὸ
951 523 1107 578 κηρίον.
1162 525 1223 565 Μ.
1252 521 1311 566 τώ
1341 525 1488 580 κηρίω.

381 578 426 617 C.
455 592 518 618 11.
545 578 662 632 [134‚
692 578 776 633 18]
806 579 1058 632 κοινωνῆσαι
1082 581 1160 620 τοῦ
1191 579 1404 634 ἅχράντου
1435 579 1629 633 σώματος
1646 579 1722 621 καί

271 632 460 684 αἵματος.
515 633 624 690 *[De
653 636 935 674 communione
962 635 1037 674 sub
1069 643 1240 689 utraque
1268 644 1307 676 et
1335 638 1497 691 quando
1524 638 1719 691 abrogata

270 689 391 728 suerit
415 703 459 728 v.
491 703 583 743 pag.
615 691 746 729 LXII.
783 691 886 730 Ord.
935 691 1054 729 Rom.
1090 691 1277 731 Pontifex
1324 700 1364 732 et
1399 694 1483 732 Rex
1519 694 1718 732 Franciae

263 745 424 799 prirent
454 746 644 784 ensemble
675 746 731 785 da
759 748 861 801 pain
892 755 930 785 et
956 746 1011 785 du
1037 747 1108 785 vin
1138 746 1273 786 be‘nits.
1334 749 1521 803 Mezeray
1552 748 1715 802 Abi-ege

268 814 314 853 p.
335 798 430 840 325.
460 799 699 840 Κοντακίου
729 803 900 850 veteris,
932 802 975 839 in
1007 815 1088 854 quo
1115 801 1318 842 habentur
1345 817 1482 856 preces
1513 803 1714 856 quaedam

269 857 314 894 in
341 855 504 894 ecelesia
536 856 614 895 dici
640 855 802 905 solitae,
846 856 1062 909 descriptio
1098 864 1223 896 exstat
1250 858 1291 897 in
1323 859 1615 898 Montfauconii
1650 858 1718 898 Bi-

268 909 416 950 blioth.
453 911 586 950 Msstt.
635 913 747 953 inter,
770 911 926 952 codices
965 911 1156 951 Crasserii
1199 913 1465 954 Leodicensis.
1491 935 1500 942 s
1525 914 1719 967 Depictus

270 965 327 1005 ibi
365 967 594 1019 patriarcha
631 968 870 1023 Imperatori
911 982 1066 1008 sacram
1102 970 1427 1010 communionem
1462 970 1713 1023 impertiens.

303 1050 314 1061 .
338 1020 432 1061 603.
460 1021 482 1045 *
663 1042 666 1045 ·

269 1036 298 1075 P
384 1021 678 1132 C.]pen.[134‚
703 1076 795 1132 αα]
829 1074 1133 1130 ὃουμνικάλιον.
1188 1078 1367 1134 Apparet
1401 1093 1484 1120 esse
1509 1077 1716 1120 sudarium

271 1131 338 1172 vel
369 1147 583 1186 mappam,
620 1148 701 1186 quo
737 1149 896 1173 sacrum
934 1135 1081 1174 Christi
1122 1149 1267 1188 corpus
1305 1136 1485 1188 excipere
1511 1142 1550 1175 et
1581 1149 1718 1174 secum

272 1186 428 1226 deferre
452 1189 619 1227 domum
647 1189 830 1229 solebant
854 1191 1210 1229 communicantes.
1269 1190 1362 1241 Quo
1393 1190 1444 1230 de
1462 1191 1544 1230 ritu
1572 1205 1615 1236 v,
1649 1191 1718 1230 Du

272 1242 408 1296 Cange
443 1250 483 1282 et
521 1243 689 1283 Habert.
750 1245 882 1284 Hodie
907 1247 950 1284 in
979 1246 1260 1284 communione
1291 1252 1429 1284 nostra
1466 1246 1517 1284 ad
1544 1245 1726 1286 scabella'

272 1311 365 1336 arae
394 1305 604 1350 praetensa
636 1299 722 1338 bini
761 1300 960 1340 scholares
989 1302 1104 1354 pueri
1141 1308 1247 1339 stare
1281 1300 1435 1348 solent,
1482 1301 1576 1340 hinc
1605 1299 1716 1340 illinc

272 1353 447 1406 singuli,
494 1361 534 1393 et
560 1354 818 1407 praetendere
845 1356 920 1395 sub
949 1362 1085 1394 mento
1113 1357 1444 1395 communicantis
1477 1355 1559 1395 tale
1585 1355 1717 1395 domi·-

273 1408 427 1457 nicale,
457 1423 509 1448 ne
526 1409 658 1448 hostia
675 1440 686 1462 ,
717 1418 787 1450 aut
805 1418 918 1465 gutta
945 1412 1031 1450 vini
1059 1412 1103 1449 in
1121 1419 1272 1450 terram
1302 1411 1473 1450 decidat.

382 1464 430 1503 C.
452 1464 528 1503 ult.
557 1464 674 1519 [134,
698 1465 787 1519 πμ]
819 1460 963 1505 αὗτοῦ.
1016 1466 1115 1506 Post
1157 1466 1261 1505 hanc
1303 1480 1444 1506 vocem
1484 1464 1717 1505 exciderunt

270 1518 370 1558 haec
410 1533 432 1560 e
467 1520 712 1560 membranis
747 1521 998 1574 supplenda:
1055 1517 1291 1571 ἀσπάζεται
1329 1517 1403 1561 τόν
1429 1515 1721 1574 πατριάρχην,

272 1571 346 1613 καί
366 1570 412 1613 τὸ
442 1571 670 1615 πούλπιτον
697 1572 922 1617 κατελθών.
1601 1578 1605 1582 ’

383 1629 436 1668 D.
463 1629 504 1682 4.
533 1628 651 1684 [154,
673 1630 763 1685 25]
803 1627 875 1671 τὸν
914 1625 1016 1682 ἅμα.
1071 1631 1119 1671 In
1156 1632 1215 1670 M.
1263 1638 1323 1671 est
1359 1628 1475 1670 claris
1512 1629 1636 1670 literis
1669 1623 1716 1669 τῦ

272 1683 408 1735 νᾶμα,
437 1692 484 1724 ut
509 1687 551 1724 in
574 1687 754 1740 margine
779 1687 1031 1727 emendatur.
1090 1689 1172 1739 Qui
1199 1688 1324 1727 mirus
1345 1685 1626 1738 corrumpendi
1650 1698 1715 1723 sa-

87 1745 189 1780 Ed.L
217 1754 325 1788 71na
356 1740 500 1780 modus
518 1770 529 1790 ,
570 1756 652 1794 quo
686 1741 836 1782 habeas
869 1743 978 1796 quod
1012 1741 1225 1794 emendes,
1262 1757 1345 1781 non
1386 1741 1464 1780 hoc
1505 1739 1590 1779 solo
1625 1739 1716 1778 loeo
1764 1762 1767 1763 ν

270 1796 399 1834 nostri
419 1796 566 1835 codicis
593 1805 807 1850 usurpatus
823 1797 914 1837 fuit.
973 1799 1117 1837 Graeci
1146 1805 1350 1847 recentes,
1382 1803 1428 1835 ut
1446 1809 1590 1848 corpus
1605 1794 1718 1833 Chri-

274 1852 324 1890 sti
353 1852 396 1889 in
420 1851 659 1891 eucharistia
686 1861 962 1892 consecratum
995 1849 1041 1892 τὸ
1071 1853 1206 1903 τιζιιιον
1235 1852 1370 1902 δῶρον
1397 1858 1437 1889 et
1470 1847 1546 1902 τὴν
1572 1847 1718 1899 τιμίαν

273 1903 522 1960 προσφορὰν
548 1907 779 1960 appellant,
810 1910 864 1948 ita
892 1907 1096 1962 appellant
1122 1909 1264 1946 vinum
1287 1911 1563 1946 consecratum
1585 1902 1716 1954 νᾶμα,

273 1961 445 2000 laticem.
501 1962 696 2016 Exempla
727 1963 850 2004 habet
867 1964 937 2002 Du
964 1963 1097 2017 Gange
1123 1962 1189 2001 Gl.
1227 1963 1299 2001 Gr.
1324 1961 1369 2000 h.
1397 1975 1459 2012 v.‚
1487 1960 1561 1999 ubi
1575 1959 1662 2000 vid.
1694 2007 1698 2010 ¹

386 2014 514 2056 80.B.
533 2017 705 2072 7.[135,
729 2017 821 2074 24.]
852 2014 923 2058 διὰ
951 2018 1045 2058 τῶν.
1102 2019 1160 2056 Μ.
1190 2012 1261 2056 διά
1290 2029 1336 2055 τε
1363 2015 1461 2056 τῶν.
1638 2021 1647 2024 “

384 2086 430 2127 C.
460 2087 500 2128 6.
528 2087 643 2143 [156‚
674 2087 760 2143 zos]
789 2090 878 2140 βιθ.
933 2091 994 2129 Μ.
1023 2076 1124 2139 δι’-5.,
1151 2087 1237 2128 vid.
1262 2087 1313 2127 ad
1341 2102 1384 2141 p.
1410 2088 1482 2138 42.
1512 2087 1561 2127 B.
1588 2101 1629 2142 7.

383 2143 453 2183 81.
468 2144 523 2182 A.
539 2143 697 2198 2.[137,
718 2143 776 2198 2.]
793 2143 1511 2198 dwdexaqpcspov.Dodecahemerum
1522 2140 1721 2197 appellan-

275 2205 342 2237 tur
370 2198 582 2238 duodecim
617 2199 701 2239 dies
736 2214 761 2239 a
797 2200 1016 2239 Nativitate
1053 2199 1203 2238 Christi
1238 2199 1290 2238 ad
1323 2198 1592 2252 Epiphaniam
1610 2226 1624 2246 ‚
1662 2196 1718 2248 ab

276 2255 388 2294 omni
418 2255 566 2294 ieiunio
597 2254 738 2304 liberi,
767 2256 809 2294 in
839 2255 985 2309 quibus
1013 2254 1158 2293 hilaria
1190 2253 1372 2293 solebant
1405 2255 1538 2306 Impp.
1566 2251 1718 2296 CPtani

277 2322 394 2361 agere
410 2338 421 2359 ,
457 2316 496 2348 et
523 2324 708 2363 proceres
735 2310 850 2350 aulae
875 2324 972 2349 suae
996 2311 1190 2349 conviviis
1220 2311 1398 2362 excipere
1413 2339 1423 2357 ‚
1454 2315 1501 2347 ut
1532 2320 1555 2347 e
1581 2305 1715 2346 Cleto-

277 2363 430 2417 rologio
460 2372 627 2404 constat.
686 2366 740 2404 V.
770 2367 838 2405 Du
866 2366 1000 2419 Gange
1024 2365 1155 2404 Gloss.
1187 2365 1329 2403 Graec.
1363 2364 1406 2403 h.
1436 2377 1484 2410 v.

389 2419 444 2457 A.
472 2435 512 2473 7.
539 2420 656 2474 [137⁷
680 2419 743 2474 5.]
782 2419 1007 2467 οἰκειακαῖς.
1062 2420 1157 2459 Sine
1191 2433 1370 2474 pompa,
1419 2424 1582 2464 secreto,
1624 2416 1717 2470 pri-

278 2473 403 2510 vatim
422 2503 431 2519 ,
466 2482 512 2512 ut
538 2475 761 2527 λογοθέτης
788 2475 869 2515 τῶν
898 2474 1140 2524 οἷκειακῶν,
1181 2474 1388 2514 rationalis
1428 2472 1490 2512 rei
1510 2472 1712 2526 privatae.

387 2528 434 2565 B.
459 2542 497 2566 2.
533 2529 650 2584 [¹37⁹
678 2530 763 2584 [5.]
793 2525 1058 2577 ἀποδιδόντες
1090 2526 1164 2580 τὴν
1191 2525 1320 2581 λιτὴν.
1373 2526 1550 2566 Reddere
1561 2539 1717 2584 proces-

277 2583 426 2620 sionem
455 2590 514 2620 est
547 2584 681 2638 aliquo
714 2586 910 2625 deducere
926 2614 938 2637 ,
980 2592 1020 2625 et
1057 2584 1241 2624 ecclesiae
1277 2587 1463 2623 sanctove
1492 2579 1612 2619 alicui
1643 2593 1716 2620 ve-

279 2635 353 2675 luti
386 2636 564 2675 debitum
593 2640 746 2679 solvere
783 2649 903 2694 atque
930 2648 1181 2694 praesentem
1207 2640 1357 2678 sistere.
1727 2679 1729 2682 .

389 2690 434 2728 C.
462 2690 502 2742 4.
533 2691 648 2745 [158‚
679 2694 736 2748 μ]
767 2695 917 2750 Σένζῳ.
957 2695 1096 2743 Seme,
1127 2694 1168 2733 id
1193 2700 1252 2732 est
1279 2693 1451 2739 throno,
1480 2689 1593 2729 solio.
1625 2688 1717 2728 Pas·

281 2746 355 2785 sim
373 2753 556 2800 prostant
578 2746 717 2788 talium
738 2749 950 2804 soliorum,
980 2749 1166 2805 qualibus
1195 2747 1365 2788 insidere
1391 2745 1571 2792 solebant
1586 2745 1715 2803 Impp.
