1884 3132
192 177 268 220 An
305 174 603 219 CONSTANT.
628 172 828 217 Pomm.
866 171 1168 226 uenenum.
1205 175 1303 216 Lm.
1345 177 1397 217 ιι.
1450 158 1556 236 737

118 280 248 320 dentis
282 280 528 319 Christianos
569 285 662 318 ante
689 277 989 326 Theodosium,
1034 280 1106 332 qui
1137 293 1232 318 sane
1256 283 1445 334 perpauci
1477 281 1564 319 sne-

119 342 243 385 runt,
270 342 380 374 extra
403 334 607 373 tribunam
644 335 686 372 in
715 334 906 372 Romanis
948 334 1124 373 ecclesiis
1163 335 1332 383 sedisse,
1363 335 1475 374 nullo
1502 344 1564 375 te-

120 389 309 429 stimonio
348 397 518 428 constat.
584 388 662 427 Sed
690 387 819 426 elucet
858 388 1126 441 undecunque
1165 390 1323 430 animus
1359 391 1563 430 Ambrosii

122 443 326 484 violentus
353 451 394 483 et
421 444 604 496 iniquus,
632 456 713 496 quo
741 456 930 496 superaie
958 444 997 481 in
1027 444 1148 482 sacris
1175 443 1363 483 studebat
1392 452 1431 484 et
1459 460 1567 498 prae-

120 500 181 539 ire
209 506 328 552 atque
354 498 430 538 sub
459 499 595 552 iugum
621 499 776 536 mittexe
805 497 934 536 ilium.
965 511 1087 550 quem
1116 499 1157 536 in
1186 499 1457 539 saecularibus
1485 515 1566 539 non

122 553 336 607 aequabat.
392 551 522 593 Claris
551 552 680 592 verbis
708 551 953 591 Sozomenus
975 553 1071 591 Vll.
1102 567 1190 606 cap.
1220 553 1289 593 26.
1308 554 1568 594 Ambrosium

123 611 247 648 moris
274 607 392 648 huius
418 615 622 648 auctorem
650 607 846 646 nominat.
901 607 1139 646 Adsciibam
1177 609 1262 647 eius
1291 609 1439 648 verba.
1472 606 1569 656 ἔθος

123 657 175 716 ἦν
195 659 295 727 τούς
314 663 500 714 βασιλεῖς
525 662 570 702 ἐν
598 662 658 716 ‘ab'
679 658 868 717 ἱερατείω
903 660 1212 715 ἐκκλησιάζειν,
1242 673 1350 703 mera
1368 673 1476 727 septa
1507 666 1570 703 al-

124 715 227 758 tan-5⁶
243 718 286 756 in
321 718 482 757 eoelesm
514 701 744 767 consistere,
783 717 875 755 κατ’
908 716 1057 782 ἐξοχὴν
1087 717 1169 757 τῶν
1200 715 1330 771 ὁρίων
1367 719 1440 758 τοῦ
1466 719 1572 758 λαοῦ

124 772 470 825 κεχωρισμένους.
528 771 722 818 κολακίας
750 770 797 810 δὲ
838 764 864 823 ἢ
900 769 1075 819 ἀταξίας
1108 767 1216 811 εἶναι
1243 773 1366 812 τοῦτο
1389 770 1573 812 συνιδών

125 826 277 890 [immo
291 841 387 866 vero
414 826 554 867 volens
582 841 623 866 se
657 826 888 879 clerumque
925 833 965 865 et
1004 827 1179 866 actiones
1214 841 1306 866 suas
1337 829 1572 881 inspectioni

126 882 394 936 potentiorum
410 883 523 922 subu
515 881 621 921 ahei
622 895 660 932 e,
674 888 713 920 et
726 881 1123 920 affectanslicentiam
1142 896 1247 935 pone
1265 882 1402 922 velum
1422 898 1496 937 pro
1518 884 1576 922 lu·

128 937 217 978 bitu
234 936 375 990 agendi
393 944 432 976 et
450 939 702 977 eminentiam
725 950 855 999 supra
866 937 1050 976 dominos
1077 951 1185 983 suos,
1216 938 1363 991 quibus
1392 953 1482 977 eum
1513 938 1575 977 di-

130 994 226 1032 vina
244 998 283 1031 et
300 991 476 1031 humana
502 991 563 1031 lex
581 990 791 1055 subdebat]
810 986 935 1029 τόπον
959 986 1065 1030 εἶναι
1085 992 1293 1041 βασιλέως
1316 993 1361 1032 ἐν
1384 992 1578 1049 ἐκκλησίᾳ

129 1046 275 1098 τέταχε
309 1045 414 1101 [ipse
441 1061 536 1101 ergo
563 1047 714 1099 ριίωιι5
740 1046 978 1085 Ambrosius
1003 1046 1231 1100 assignabat
1262 1049 1496 1102 Imperatori
1525 1034 1578 1087 lo·

131 1116 226 1141 cum
251 1108 362 1141 extra
389 1110 499 1156 septa
525 1102 754 1151 Tribunae‚
783 1115 863 1140 non
901 1109 1076 1140 veterem
1106 1116 1260 1142 monem
1289 1111 1447 1142 secutus
1467 1133 1478 1152 ‚
1507 1104 1576 1141 sed

133 1171 285 1197 novum
322 1155 551 1223 instituens]
590 1154 659 1195 τὸν
697 1152 778 1219 πρὸ
821 1155 903 1194 τῶν
950 1153 1202 1219 ὁουφάκτων
1234 1157 1311 1196 τοῦ
1354 1155 1579 1222 ἱερατείου,

135 1225 240 1252 ωστε
281 1211 358 1250 τοῦ
392 1211 471 1275 μὲν
512 1212 619 1252 λαοῦ
662 1206 734 1250 τὸν
774 1211 1005 1261 κρατοῦντα
1057 1225 1134 1262 την
1176 1212 1404 1275 προεδρίαν
1437 1209 1579 1264 ἔχειν,

137 1259 275 1305 (εὗ-τοῦ
300 1264 346 1304 δὲ
372 1263 468 1313 τοὺς
500 1262 638 1318 ἱερέας
675 1265 990 1330 προκαθῆσθαι.
1047 1263 1203 1327 ταύτην
1230 1265 1276 1304 δὲ
1302 1263 1378 1317 τὴν
1409 1265 1583 1330 ἀρίστην

139 1317 374 1372 παράδοσιν
394 1318 563 1374 ἐπήνεσε
595 1316 819 1367 Θεοδόσιος
854 1316 875 1357 o‘
905 1315 1104 1369 βασιλεῦς
1146 1334 1215 1358 και
1257 1319 1299 1359 οὶ
1327 1318 1430 1370 μετὰ
1450 1321 1585 1359 ταῦτα

140 1371 397 1480 &margilam
427 1375 502 1414 καί
532 1373 575 1422 ἔξ
597 1374 754 1413 ἑκείιου
787 1387 878 1413 νυνι
901 1374 1218 1426 φυλαττομὲιην
1241 1369 1417 1435 ὁρῷμεν.

325 1429 514 1493 4.[627,
545 1427 630 1482 15.]
653 1424 915 1482 ζΗραίιλειος.
987 1428 1196 1468 Heiaclius
1225 1432 1357 1468 senior
1385 1430 1466 1469 duo
1487 1428 1588 1466 iiiios

142 1483 220 1523 sibi
248 1428 503 1537 cignomines
535 1483 731 1533 habebat,
771 1497 913 1530 unum,
939 1484 1008 1536 qui
1050 1485 1125 1536 ipsi
1158 1486 1348 1523 successit
1378 1493 1418 1524 et
1443 1497 1585 1538 parum

143 1538 215 1578 diu
255 1541 465 1591 iegnavit‚
504 1538 599 1577 alias
644 1539 953 1577 Constantinum
981 1551 1133 1577 novum
1161 1539 1335 1585 dictum,
1380 1553 1403 1578 e
1452 1540 1584 1592 priore

143 1594 313 1646 coniuge
339 1594 519 1633 Eudocia
547 1601 799 1646 susceptum3
833 1593 1026 1639 alterum,
1057 1593 1177 1646 vulgo
1208 1594 1497 1634 Heracleonam
1526 1593 1589 1631 di-

146 1656 278 1698 ctum,
308 1662 331 1687 e
360 1650 563 1697 Mal-tina,
591 1648 764 1687 secunda
790 1649 972 1701 coniuge.
1026 1648 1088 1686 De
1117 1651 1334 1701 posteriore
1364 1657 1498 1688 noster
1529 1649 1591 1687 lo-

89 1729 94 1735 ·
146 1717 220 1742 cus
246 1703 342 1756 agit.
410 1704 514 1742 Nam
541 1703 651 1755 prior
687 1703 767 1741 iam
802 1702 855 1741 A.
882 1702 928 1742 C.
960 1701 1078 1753 613„
1108 1703 1289 1743 nondum
1318 1718 1422 1743 anno
1451 1705 1590 1743 aetatis

150 1772 280 1812 primo
310 1757 502 1811 impleto,
536 1758 757 1811 Imperator
777 1757 908 1796 suerat
928 1772 951 1796 a
981 1765 1092 1811 patre
1124 1759 1253 1798 dictus
1280 1766 1321 1799 et
1348 1767 1590 1809 coronatus;

152 1826 193 1853 v.
221 1813 375 1852 Petavii
403 1821 490 1852 not.
522 1812 573 1851 ad
601 1812 818 1865 Nicephori
846 1813 1024 1852 Breviar.
1055 1827 1096 1866 p.
1116 1813 1182 1852 58.

262 1867 315 1906 D.
341 1882 374 1906 ι.
406 1867 504 1923 [62
487 1898 524 1923 J,
554 1865 641 1922 18.]
670 1866 967 1920 ἀναγορεῦσαι.
1025 1868 1086 1907 Ita
1115 1870 1175 1908 M.
1207 1867 1286 1908 Sed
1314 1864 1451 1908 sensus
1479 1867 1594 1922 flagi·

151 1928 215 1966 tat
242 1919 475 1973 ἀναγαγεῖν.

264 1976 319 2015 D.
349 1975 388 2027 4.
423 1976 539 2031 [628‚
561 1975 621 2030 2.]
664 1990 684 2015 ο
722 1990 997 2030 πατριαρχης.
1060 1977 1132 2017 Ille
1173 1986 1260 2017 tum
1296 1984 1381 2017 erat
1409 1977 1592 2029 Sergius,

155 2031 230 2083 qui
257 2032 375 2069 etiam
408 2034 538 2085 ipsum
568 2031 797 2071 Heraclium
825 2039 980 2086 patiem
1008 2031 1063 2072 A.
1081 2032 1173 2075 610.
1205 2047 1343 2072 recens
1371 2031 1596 2085 patriarcha

159 2091 359 2123 recentem
386 2086 670 2139 Imperatorem
698 2093 975 2126 coronaverat.
1033 2087 1132 2125 Nam
1161 2087 1342 2126 Thomae
1372 2100 1438 2124 20.
1460 2086 1598 2123 Martii

161 2139 215 2178 A.
234 2138 328 2178 610.
358 2141 439 2179 vita
477 2141 664 2180 defuncto
691 2142 850 2194 Sergius
890 2141 956 2180 hic
985 2149 1227 2180 successerat
1254 2142 1319 2180 die
1347 2140 1497 2193 Apriiis
1531 2154 1598 2178 20.

163 2201 204 2233 et
232 2195 447 2234 coronabat
464 2195 717 2245 Heraclium,
745 2197 813 2249 qui
836 2195 1014 2234 eiusdem
1057 2210 1191 2235 mense
1222 2196 1390 2235 Octob1i
1420 2195 1602 2233 Phoeam

162 2255 181 2287 t
209 2262 379 2286 ranuum
405 2249 626 2289 sustulerat.
693 2250 812 2289 Haud
860 2250 930 2288 diu
962 2264 1122 2303 quoque
1150 2251 1366 2303 supervixit
1396 2248 1602 2288 Heraclius

164 2263 317 2355 Syergio.
378 2304 465 2342 Hoc
493 2306 599 2342 enim
627 2304 813 2342 defuncto
850 2317 985 2343 mense
1018 2306 1202 2343 Ianuario
1247 2304 1299 2344 A.
1327 2304 1423 2356 639.
1458 2306 1513 2353 (v.
1550 2303 1604 2342 ad

165 2371 211 2411 p.
228 2357 320 2406 564.
335 2357 379 2398 Β.
386 2358 482 2406 ,ubi
513 2360 718 2411 exsequiae
735 2358 1601 2407 eiusdescribuntux‚)decessittle1·ac1iusA.

168 2410 268 2462 641.
298 2426 431 2450 meuse
460 2413 620 2451 Martio.
678 2412 858 2464 Apparet
898 2413 1020 2462 hinc,
1053 2420 1171 2464 caput
1199 2411 1276 2451 hoc
1306 2419 1485 2451 nost1um
1513 2427 1607 2452 cum

169 2466 426 2528 sequ-entibus
455 2466 584 2506 tubus
613 2479 692 2505 non
711 2467 959 2506 Constantini
987 2468 1136 2516 nost1i‚
1165 2467 1234 2505 sed
1262 2466 1489 2506 vetustioris
1510 2469 1609 2506 scri-

171 2521 317 2573 ptoris,
353 2520 526 2559 Heraclii
553 2520 745 2574 aequalis,
777 2535 889 2570 esse,
930 2521 1254 2573 quandoquidem
1292 2523 1608 2561 circumstantias

175 2574 259 2613 eius
285 2574 517 2614 domesticas
547 2577 600 2614 ita
629 2577 779 2613 minute
806 2577 1048 2626 exsequitur,
1078 2582 1123 2613 ut
1149 2576 1345 2628 quaedam
1373 2577 1424 2615 ab
1463 2590 1510 2626 eo
1549 2577 1611 2615 di-

177 2641 260 2666 scas
288 2628 383 2667 alibi
412 2628 521 2668 haud
548 2629 682 2668 obvia.
751 2629 843 2668 Non
873 2628 973 2668 solet
996 2629 1280 2669 Constantinus
1308 2638 1443 2670 noster
1472 2633 1512 2670 in
1542 2646 1608 2670 re-

178 2680 254 2720 bus
284 2685 444 2723 vetustis
489 2692 571 2723 tam
600 2683 774 2737 prolizus
792 2713 803 2734 ‚
846 2691 929 2722 tam
958 2684 1123 2723 rimator
1148 2685 1410 2725 minutiarum
1438 2700 1546 2734 esse,
1579 2686 1612 2725 si

232 2758 493 2796 Constantinus
519 2760 696 2808 Porphyr.
725 2760 801 2795 Vol.
828 2760 876 2794 11.
1310 2762 1352 2807 47
