1884 3132
303 121 416 191 448
590 141 664 184 10.
706 142 812 186 1Ac.
854 144 1050 186 nmsxn
1090 143 1469 187 communit

299 248 364 286 vis
393 245 507 286 illum
539 247 672 301 ipsum
701 248 808 288 diem
824 279 836 302 ,
866 264 946 289 non
962 249 1087 289 alium
1104 250 1328 290 intendant.
1389 249 1450 290 Ita
1467 258 1574 291 recte
1591 252 1743 295 Casau-

303 303 433 341 bonus
462 303 514 342 T.
537 304 571 342 l.
592 304 679 343 Ser.
699 305 753 345 H.
776 305 828 344 A.
846 320 888 358 p.
905 306 999 360 890.
1022 315 1113 345 ante
1128 306 1232 346 diem
1249 305 1342 359 (pro
1369 306 1444 360 ad)
1459 307 1595 361 pridie
1608 310 1744 351 Nonas

305 358 477 396 Martias
515 360 715 399 emendat.
776 361 899 411 Quod
936 376 1081 400 moneo
1105 391 1116 411 ,
1146 377 1197 400 ne
1225 362 1316 415 quis
1343 363 1566 414 suspicetur
1604 378 1627 403 e
1663 367 1746 405 La-

306 415 391 452 tina
420 415 769 467 interpretatione,
800 431 922 469 quam
951 417 1145 456 hodierno
1174 415 1364 470 loquendi
1393 419 1494 456 mori
1521 431 1747 461 accommo-

308 469 423 516 davi,
469 484 531 508 me
560 471 732 512 voluisse
768 472 920 525 aliquid
958 474 999 511 in
1039 473 1201 511 Graecis
1230 479 1429 511 mutatum
1456 473 1529 512 ire.

419 525 464 563 C.
483 525 524 565 6.
548 524 661 581 [ήδη
683 526 767 581 2o.]
785 526 1002 582 ἑκάθησεν.
1036 528 1148 567 Actis
1177 528 1324 582 populo
1352 529 1505 581 gratiis,
1536 530 1646 584 quod
1672 531 1749 572 sibi

310 594 393 620 non
423 580 527 621 bene
555 583 703 623 valenti
733 585 892 623 veniam
921 583 1083 622 sedendi
1111 584 1247 623 fecerit
1267 613 1279 634 ,
1307 584 1551 625 considebat.
1615 587 1751 627 Debe-

311 636 411 675 bant
439 651 583 690 nempe
612 639 872 693 Imperatores
900 640 1126 692 peroraturi
1156 647 1286 689 stare,
1313 645 1359 677 ut
1387 653 1409 678 e
1436 642 1610 680 nummis
1637 649 1748 683 vete-

313 707 406 731 rum
436 693 564 747 Impp.
596 697 863 748 cognoscitur.
923 695 1042 734 Conf.
1073 694 1221 748 p.243.
1246 694 1299 733 A.
1335 707 1399 735 12.
1420 702 1460 734 et
1488 695 1590 736 infra
1617 697 1668 736 L.
1691 699 1749 738 11.

313 748 415 801 Cap.
443 763 529 799 ιο.,
560 749 629 788 ubi
659 751 709 789 dc
737 753 918 790 oratione
948 749 1295 803 quadragesimali.
1354 749 1566 790 Caeterum
1604 753 1751 792 adora-

312 805 370 843 tio
399 806 497 854 ista,
527 801 547 844 ὃ
577 802 818 857 ἀσπασμὸς,
849 805 1090 844 consistebat
1110 808 1149 844 in
1179 803 1390 844 iactatione
1417 806 1542 844 osculi
1565 822 1636 860 per
1663 822 1750 848 ma-

313 873 412 898 num
441 861 500 899 ori
531 860 760 911 admotam,
791 876 884 900 cum
913 861 1091 913 corporis
1129 860 1399 900 inclinatione.
1457 860 1582 915 Saepe
1612 861 1754 915 legun-

313 921 382 954 tur
410 916 672 968 Imperatores
699 916 895 969 populum
935 917 1128 967 adorare,
1162 913 1454 966 ἀ’σπάζεσθαι,
1493 921 1755 970 προσκυνεῖν.

315 970 480 1009 Tacitus
509 971 602 1014 hist.
631 972 691 1011 I.:
721 986 792 1010 nec
819 972 955 1011 deerat
997 971 1100 1011 Otho
1119 971 1355 1027 protendens
1388 982 1527 1009 manus
1541 1001 1552 1018 ‚
1583 972 1755 1011 adorare

314 1027 476 1079 vulgum
492 1057 504 1074 ‚
533 1028 660 1066 iacere
685 1028 831 1067 oscula.
892 1027 1142 1080 Capitolinus
1171 1027 1221 1066 de
1238 1026 1447 1066 Pertinace
1468 1026 1521 1065 T.
1542 1027 1576 1066 1.
1598 1041 1641 1080 p.
1656 1027 1754 1068 566.

297 1082 391 1134 fuit
414 1083 456 1120 in
494 1083 604 1120 curia
627 1083 1029 1138 honorficentissimas
1067 1083 1125 1135 [id
1153 1090 1212 1122 est
1224 1081 1412 1121 Patribus
1441 1081 1684 1135 Conscriptis
1711 1084 1756 1122 in.

316 1138 429 1175 curia
455 1136 621 1177 honoris
655 1137 875 1191 plurimum
906 1137 1152 1191 exhibebat]‚
1197 1139 1254 1176 ita
1280 1146 1322 1176 ut
1354 1146 1527 1177 senatum
1542 1139 1757 1191 faventem

317 1190 416 1247 [sibi
443 1192 573 1234 fausta
601 1191 903 1247 acclamantem]
932 1194 1127 1234 adoraret.
1183 1192 1428 1232 Claudianus
1443 1208 1455 1232 :

1241 1249 1351 1301 regia
1387 1250 1486 1287 circi

485 1304 710 1344 Conm'xum
737 1303 924 1357 gradibus
950 1312 1162 1343 veneratur
1182 1317 1365 1360 purpura
1398 1304 1557 1357 vulgus,

483 1361 618 1398 Plebis
641 1360 832 1399 adoratae
850 1360 985 1398 reboat
995 1362 1162 1412 fragor.

320 1412 399 1453 Sed
427 1416 483 1454 sic
514 1415 695 1454 solebant
720 1422 878 1454 tantum
913 1415 1175 1468 Imperatores
1202 1413 1367 1465 vetusti,
1395 1414 1465 1467 qui
1495 1413 1678 1454 nondum
1705 1415 1762 1454 sic

322 1471 563 1522 tumebant,
602 1478 649 1510 ut
685 1479 918 1525 sequentes,
957 1485 1131 1524 quorum
1170 1484 1262 1509 cum
1291 1470 1541 1509 decrescente
1566 1477 1762 1522 potestate

323 1527 510 1579 superbia
552 1526 768 1566 crescebat.
827 1527 1023 1565 Successit
1060 1528 1099 1565 in
1147 1527 1390 1564 adorationis
1432 1524 1565 1564 locum
1599 1521 1647 1565 τὸ
1676 1523 1764 1580 ῥω-

325 1581 495 1622 σθέλιον
523 1589 562 1621 et
591 1580 616 1634 ἢ
647 1579 899 1635 σφράγισις,
930 1581 980 1620 de
1007 1582 1153 1635 quibus
1185 1595 1256 1620 suo
1285 1580 1373 1619 loco
1401 1580 1497 1620 dixi.

435 1638 486 1677 D.
503 1652 543 1691 9.
568 1636 686 1691 [432,
713 1651 725 1675 1
741 1635 795 1690 1.]
836 1636 944 1676 Ante
983 1636 1174 1688 εὐτυχῶς
1200 1636 1385 1675 lacunam
1411 1649 1522 1686 esse,
1562 1636 1675 1674 cuius
1701 1643 1766 1675 ta-

326 1705 420 1731 men
449 1694 492 1731 in
521 1693 656 1733 codice
684 1692 842 1732 nullum
860 1693 1072 1745 vestigium
1101 1700 1187 1745 est,
1216 1705 1279 1730 res
1307 1693 1391 1744 ipsa
1418 1690 1614 1744 loquitur.
1644 1690 1764 1731 Conf.

326 1761 370 1800 p.
398 1762 488 1802 129.
511 1748 557 1787 C.
588 1762 624 1788 1.
682 1747 812 1787 Paulo
843 1755 936 1788 ante
963 1744 1185 1802 ὑπήχησαν
1211 1747 1393 1801 reposui,
1422 1759 1498 1800 pro
1523 1758 1604 1800 quo
1632 1746 1677 1784 in
1695 1759 1764 1786 co-

327 1802 417 1842 dice
445 1811 530 1842 erat
557 1799 817 1856 ὖπήκουσαν.

441 1860 491 1899 D.
514 1873 574 1897 11.
600 1858 714 1914 [432‚
741 1860 825 1911 12.]
859 1852 1095 1910 ἠσπάσατο.
1153 1856 1264 1911 Ergo
1290 1858 1371 1896 iam
1399 1855 1450 1896 ad
1478 1870 1567 1896 eam
1595 1862 1766 1896 aetatem

329 1913 561 1954 adoleverat
592 1915 674 1953 Leo
703 1915 858 1963 Minor,
905 1921 951 1952 ut
991 1914 1166 1951 monitus
1209 1920 1321 1966 gestu
1363 1912 1536 1952 salutare
1571 1910 1767 1964 populum

330 1977 462 2023 posset
484 2000 495 2022 ‚
525 1977 572 2008 ut
599 1975 754 2022 saperet
771 1998 783 2019 ,
821 1975 870 2008 ut
907 1975 1028 2007 staret
1066 1969 1146 2007 suis
1174 1968 1357 2020 pedibus.
1413 1968 1519 2006 Nam
1556 1967 1770 2020 praecessit

331 2026 454 2078 paulo
495 2033 589 2064 ante
616 2021 806 2076 ἔστησαν.
861 2024 1082 2075 Procopius
1111 2031 1245 2062 tamen
1276 2037 1396 2073 eum,
1426 2036 1503 2062 avo
1533 2021 1766 2072 decedente,

331 2081 547 2134 puerulum
574 2093 794 2133 paucorum
821 2080 976 2118 dierum
993 2080 1111 2117 fuisse
1133 2079 1189 2116 ait
1209 2108 1220 2129 ,
1244 2077 1303 2125 εἰς
1333 2076 1500 2130 ἡμερῶν
1526 2073 1590 2116 ἔτι
1617 2074 1769 2128 ὀλίγων

332 2134 500 2188 ἡλικίαν
527 2130 690 2188 ἥκοντα.
747 2134 896 2174 Malala
925 2149 1015 2174 eum
1041 2147 1112 2187 per
1139 2148 1267 2172 unum
1296 2147 1448 2172 annum
1476 2139 1584 2186 gesto
1611 2131 1770 2184 imperii

333 2192 498 2230 nomine
524 2191 735 2229 decessisse
765 2190 842 2240 ait,
872 2204 978 2229 anno
1005 2190 1144 2228 aetatis
1175 2190 1355 2241 septimo.
1412 2188 1641 2227 Chronicon
1669 2184 1771 2224 Ale-

335 2246 478 2285 xandr.
507 2246 647 2285 XVII.
686 2259 813 2284 anuos
853 2247 959 2285 vitae
995 2245 1070 2298 ipsi
1107 2245 1279 2296 tribuit3
1327 2243 1414 2283 vid.
1455 2240 1676 2282 Chilmead.
1717 2240 1771 2280 ad

335 2301 478 2342 Malal.
509 2302 560 2340 T.
591 2301 643 2339 ΙΙ.
663 2315 756 2354 pag.
778 2299 848 2340 85.

421 2355 516 2395 25¹.
539 2355 592 2395 A.
618 2370 657 2394 2.
684 2355 796 2410 Μὴ,
823 2353 901 2408 16.]
940 2348 1259 2406 ἀποδεχόμενος.
1320 2352 1367 2392 V
1360 2352 1555 2392 aledz‘cens
1586 2349 1771 2400 reddidi3

337 2425 420 2450 non
455 2410 560 2450 male
599 2411 777 2464 quidem,
802 2410 1007 2463 aliquanto
1044 2409 1187 2449 melius
1214 2416 1350 2449 tamen
1376 2408 1515 2447 fuisset
1539 2406 1768 2453 licentiam,

341 2467 516 2505 abeundi
544 2468 703 2506 veniam
732 2467 846 2505 dans.

449 2520 503 2559 A.
527 2522 563 2560 3.
582 2521 695 2575 [432,
724 2519 810 2575 17.]
842 2516 948 2573 πρὸς
979 2519 1111 2559 πέντε.
1132 2520 1194 2558 De
1217 2533 1292 2558 usu
1318 2515 1619 2570 praepositionis
1651 2510 1771 2568 πρὸς,

342 2576 411 2628 qui
440 2576 505 2614 hic
532 2576 709 2627 obtinet,
751 2576 882 2615 dicam
910 2576 961 2614 ad
989 2590 1029 2628 p.
1054 2575 1149 2613 281.
1172 2574 1227 2613 A.
1252 2587 1316 2611 10.

453 2631 504 2668 A.
528 2631 568 2669 8.
605 2631 704 2685 Cap.
736 2630 806 2684 95.
832 2633 948 2670 inser.
974 2629 1088 2683 [452,
1107 2628 1191 2680 2o.]
1238 2630 1300 2666 De
1332 2625 1627 2664 renuntiatione
1657 2624 1775 2663 Iusti-

343 2685 451 2721 niani
484 2687 539 2724 M.
558 2686 640 2724 vid.
659 2687 834 2738 Procop.
858 2686 1054 2724 Auecdot.
1071 2699 1110 2736 p.
1128 2682 1198 2732 45.
1219 2683 1285 2720 23.
1303 2694 1391 2733 sqq.
1420 2686 1460 2718 et
1482 2679 1537 2718 ibi
1566 2686 1649 2719 not.
1675 2678 1778 2718 Ale-

344 2741 479 2777 manni
501 2769 512 2789 ,
542 2742 609 2791 qui
638 2747 771 2779 tamen
799 2747 929 2779 totum
957 2739 1065 2778 hunc
1083 2738 1214 2776 locum
1235 2736 1421 2788 Procopii
1449 2737 1595 2788 partim
1624 2733 1777 2774 exiliter
