1884 3132
313 115 426 171 886
528 140 530 142 v
601 133 674 175 10.
714 134 821 178 uc.
869 137 1067 179 nmsxu
1108 136 1486 181 COMMENTARH
1551 173 1556 176 .

310 237 479 276 Interim
506 252 594 277 cum
632 239 787 279 silentio
826 249 865 280 et
902 241 1044 296 absque
1071 243 1231 296 strepitu
1272 243 1410 282 omnia
1443 241 1768 284 administrentur·-

339 307 430 331 uam
467 293 791 345 diltgrentissimffl
848 296 919 335 ubi
959 296 1043 335 vid.
1075 304 1157 336 not.
1193 298 1351 350 losephi
1388 297 1570 336 Catalani
1605 312 1648 351 p.
1673 299 1764 342 158.

332 349 449 386 ³'tlam
479 363 502 387 a
529 350 674 389 Turcis
704 350 951 390 Alcoranum
974 353 1079 390 inter
1107 353 1243 405 epulas
1267 353 1358 406 legi,
1390 360 1588 392 testantur
1619 354 1765 393 Anna-

314 403 370 442 les
396 404 558 443 Turcici
598 406 885 445 Leunclaviani
915 407 967 446 ad
995 407 1045 449 A.
1069 408 1114 450 C.
1140 407 1255 461 1594.
1312 409 1359 446 In
1389 415 1573 448 veterum
1603 423 1766 462 quoque

314 460 611 511 Imperatorum
641 462 915 501 Romanorum
953 462 1079 514 epulis
1107 463 1275 502 lectores
1304 463 1614 503 adhibebantur.
1643 464 1766 517 Spar-7

313 517 447 553 tianus
481 515 531 555 de
564 516 771 567 Adriano,
798 519 841 557 in
877 520 1060 556 convivio
1076 547 1088 567 ,
1113 520 1168 557 ait
1197 533 1234 571 p.
1265 518 1357 559 215.
1377 548 1389 567 ,
1421 520 1670 572 tragoedias,
1698 533 1767 559 co·-

316 570 492 610 moedt‘as
507 600 518 618 ,
548 571 758 612 Atellanas
773 605 783 625 ,
829 574 1032 612 sambucas
1047 602 1058 624 ‚
1094 574 1276 627 lectores,
1299 575 1439 629 poetas
1467 589 1547 630 pro
1575 589 1622 614 re
1663 589 1766 614 sem-

315 639 395 680 per·
420 627 612 666 exhibuit.

427 681 473 720 B.
491 680 530 733 4.
553 682 663 738 [760,
682 684 766 736 αι]
807 686 894 730 τοῖς
925 682 971 723 δὲ
1000 684 1169 731 λοιποῖς.
1228 683 1338 723 Ante
1358 684 1458 724 haec
1479 684 1602 725 verba
1622 684 1770 725 desunt

316 736 513 790 quaedam
530 768 541 787 ,
580 752 753 791 quorum
779 753 916 778 sensus
951 739 1092 778 suerit:
1137 748 1175 778 et
1200 740 1280 778 illis
1310 739 1496 795 quidem,
1540 741 1769 780 cantoribus

317 801 356 832 et
386 792 602 832 lectoribus
622 824 632 842 ‚
664 795 812 834 dantur
840 796 995 834 nomine
1011 794 1268 848 Imperatoris
1300 795 1383 834 bini
1408 795 1530 834 solidi
1557 797 1683 835 aurei.

427 849 475 887 C.
496 856 630 902 antep.
656 849 767 904 [761‚
814 849 891 903 15.]
933 849 1004 902 τῆς
1030 850 1113 888 τῶν
1141 845 1271 901 ἁγίων
1298 846 1469 890 εἰκόνων
1511 848 1769 902 ὀρθοὸοξιῖις.

316 902 491 942 Videtur
533 913 623 957 post
657 906 827 958 primam
870 919 1010 944 vocem
1047 904 1147 957 περὶ
1188 906 1391 952 excidisse.
1458 904 1592 960 Vulgo
1626 905 1771 946 festum

316 959 592 998 Orthodoxiae
629 961 738 999 nude
775 961 952 1010 dicitur3
996 959 1080 1001 vid.
1122 961 1189 998 Du
1222 961 1355 1013 Gange
1397 960 1440 1002 h.
1470 975 1543 1009 v.‚
1609 961 1678 1015 qui
1714 962 1771 1001 ait

321 1014 614 1053 Ortltocloxiam
636 1015 828 1068 appellari
852 1018 1023 1068 primam
1044 1015 1287 1054 dominicam
1317 1017 1558 1054 ieiuniorum
1579 1031 1650 1055 seu
1669 1031 1771 1069 qua-

316 1069 562 1121 dragesimae
583 1101 593 1116 ‚
634 1072 674 1109 in
697 1086 775 1124 qua
801 1070 1027 1109 celebratur
1053 1070 1160 1122 apud
1181 1071 1358 1109 Graecos
1382 1071 1525 1109 festum
1552 1072 1771 1110 restitutio-

315 1119 379 1163 nis
402 1124 534 1163 cultus
563 1140 767 1165 sacrarum
794 1127 1014 1179 imaginum
1035 1125 1110 1163 sub
1124 1125 1320 1164 Micliaele
1342 1133 1380 1164 et
1405 1126 1619 1164 Theodora
1638 1127 1766 1180 lmpp.

316 1177 543 1232 legiturque
569 1181 814 1234 Synodicum
851 1182 891 1220 in
933 1181 1037 1220 hanc
1081 1195 1167 1219 rem
1201 1181 1368 1220 editum.
1428 1182 1544 1234 Quae
1578 1195 1640 1221 res
1674 1182 1772 1222 nota

320 1242 379 1273 est
405 1249 449 1273 ex
476 1235 642 1275 historia
674 1238 910 1276 szantina.

400 1289 496 1341 441.
521 1291 572 1329 A.
590 1291 631 1330 8.
654 1291 765 1346 [762,
805 1291 888 1346 10.]
932 1286 1188 1345 παραδόξου.
1245 1291 1306 1330 Ita
1342 1289 1615 1331 membranae.
1674 1292 1773 1347 Leg-

316 1340 553 1397 περιδόξου.
1768 1346 1771 1348 ’

430 1400 476 1440 C.
503 1414 533 1440 ι.
556 1400 670 1455 [765,
693 1401 756 1457 2.]
790 1398 1114 1454 ἐξηλλαγμένων.
1173 1401 1277 1440 Dedi
1319 1403 1360 1440 in
1382 1402 1535 1441 Latinis
1559 1404 1602 1441 in
1640 1411 1771 1441 muta-

318 1456 453 1505 toriis3
501 1453 764 1503 ἐξαλλάττειν
800 1459 906 1496 enim
945 1457 1052 1495 idem
1086 1464 1145 1495 est
1177 1465 1298 1510 atque
1326 1457 1492 1510 simplex
1524 1451 1770 1507 ἀλλάττειν,

311 1520 522 1566 postquam
549 1522 672 1551 vestes
700 1523 846 1552 veter-es
872 1513 985 1551 novis
1011 1521 1237 1562 mutassent,
1270 1513 1377 1551 idem
1402 1519 1462 1551 est
1483 1512 1636 1552 dictum
1652 1519 1773 1566 atque

319 1569 362 1605 in
395 1569 630 1606 mutatoriis.
686 1568 800 1611 Conf,
826 1583 866 1621 p.
886 1567 980 1619 441.
1006 1567 1060 1605 D.
1087 1582 1099 1605 1
1115 1582 1150 1606 1.

400 1622 497 1673 442.
525 1622 568 1662 C.
607 1637 640 1662 1.
675 1623 788 1677 [764‚
827 1622 910 1676 ¹9.]
956 1621 1322 1674 ὑπαλλαττομένης
1359 1622 1434 1674 τῆς
1476 1620 1652 1675 ἐνδυτῆς
1695 1629 1774 1664 ete.

319 1676 508 1730 Eudytae
535 1692 604 1716 seu
628 1685 779 1732 tapetes
809 1678 1004 1717 altaribus
1036 1679 1192 1716 instrati
1231 1677 1435 1716 debebant
1479 1678 1694 1731 quotannis
1731 1680 1774 1716 in

320 1746 466 1785 magno
504 1733 671 1772 sabbato
715 1748 783 1772 seu
811 1734 877 1772 die
903 1734 1046 1772 festum
1071 1733 1269 1785 paschatis
1293 1734 1470 1786 proxime
1497 1733 1770 1783 antecedente,

322 1790 469 1827 mutari
492 1789 680 1828 omnibus
714 1791 755 1827 in
787 1789 975 1828 eeclesiis.
1028 1788 1231 1841 Endytam
1258 1788 1302 1827 S.
1329 1788 1502 1841 Sophiae
1518 1817 1531 1838 ,
1555 1795 1603 1827 ut
1634 1788 1773 1827 cathe-

319 1842 470 1893 dralis,
505 1845 686 1884 mutabat
714 1846 798 1897 ipse
825 1845 1060 1897 Imperator.
1119 1844 1234 1885 Cons.
1266 1858 1306 1896 p.
1327 1845 1460 1886 21.A.
1493 1850 1533 1882 et
1562 1857 1651 1898 107.
1665 1844 1713 1881 B.
1731 1857 1773 1896 9.

321 1898 477 1950 Regum
516 1900 558 1938 id
580 1908 665 1938 erat
697 1914 796 1939 aevo
826 1900 986 1949 medio,
1016 1898 1182 1951 endytas
1216 1898 1377 1952 templis
1403 1898 1555 1938 donare
1585 1906 1625 1938 et
1651 1898 1774 1937 reno-4

321 1965 446 2004 yare3
477 1961 541 2002 et,
571 1955 603 1993 si
635 1956 743 2009 quod
781 1957 821 1993 in
852 1955 1008 1994 celebre
1038 1953 1235 2006 templum
1272 1954 1473 2007 religionis
1501 1968 1620 1993 causa
1656 1953 1772 1992 veni-

321 2012 437 2058 rent,
485 2010 685 2049 debebant
726 2011 870 2062 ingrati
907 2011 1030 2048 animi
1073 2011 1346 2048 testimonium
1379 2023 1471 2048 arae
1501 2008 1666 2062 pallium
1707 2022 1772 2047 re-

322 2063 516 2118 linquere.
573 2066 635 2104 De
662 2066 900 2113 Constante,
923 2063 1099 2104 Heraclii
1125 2063 1206 2103 filio
1222 2095 1232 2110 ,
1264 2071 1402 2103 narrat
1421 2063 1574 2103 Paulus
1596 2064 1774 2102 Warne-

322 2119 418 2158 frid.
449 2120 501 2158 V.
540 2121 593 2159 II.
619 2123 673 2160 sic
697 2135 707 2159 ε
740 2122 926 2159 Constans
953 2121 1146 2172 Augustus
1185 2120 1361 2173 Neapoli
1396 2131 1566 2172 egr-essm
1602 2140 1652 2148 —
1687 2132 1777 2159 cum.

321 2174 381 2213 ad
404 2175 546 2214 limina
579 2177 633 2215 B.
651 2177 767 2214 Petri
786 2177 1028 2231 pervenisset
1043 2206 1052 2221 ,
1085 2175 1222 2213 obtulit
1240 2176 1279 2212 ei
1289 2174 1462 2228 pallium
1484 2187 1582 2212 aur-o
1611 2181 1778 2213 textum.

321 2229 507 2268 Manavit
535 2231 600 2269 hic
631 2246 717 2270 mos
738 2239 807 2271 aut
832 2231 884 2269 ab
914 2230 1117 2269 Arabibus
1141 2230 1192 2268 ad
1212 2231 1387 2268 Graecos
1403 2259 1414 2277 ‚
1452 2236 1523 2268 aut
1551 2228 1603 2268 ab
1636 2227 1700 2266 his
1722 2227 1775 2266 ad

321 2283 413 2322 illos
446 2292 484 2324 et
518 2286 687 2325 Turcas.
747 2287 835 2325 Iam
869 2293 959 2324 ante
993 2285 1318 2324 Muhammedem
1349 2299 1435 2323 mos
1463 2284 1550 2323 erat
1571 2281 1776 2323 Arabibus

323 2339 478 2379 Cabam
501 2354 634 2387 suam,
671 2341 811 2380 aedem
839 2355 992 2380 sacram
1028 2342 1282 2390 Meccanam,
1305 2347 1454 2379 metam
1482 2352 1578 2378 suae
1608 2351 1776 2377 venera-

322 2396 471 2442 tionis,
523 2395 652 2448 palliis
695 2397 902 2435 lemanicis
943 2395 1215 2443 insternendi,
1255 2402 1302 2433 ut
1345 2409 1391 2434 ex
1429 2394 1597 2433 historia
1634 2404 1776 2445 regum

323 2449 501 2489 Arabiae
527 2451 650 2490 felicis
678 2459 846 2495 constat.
891 2451 1072 2490 Chalifae
1102 2458 1189 2504 post
1211 2449 1537 2491 Muhammedem
1563 2447 1782 2501 quotannis·

322 2516 490 2544 munera
530 2513 569 2544 et
601 2506 721 2559 pallia
748 2509 822 2558 toti
855 2506 944 2546 aedi
977 2505 1232 2544 instet-nenda
1265 2504 1506 2555 mittebant3
1539 2506 1646 2551 (nam
1671 2514 1776 2564 qua-

322 2558 439 2598 drata
475 2567 514 2600 et
551 2569 656 2601 tecto
689 2561 810 2615 plano
852 2561 947 2614 est‚)
988 2568 1027 2600 et
1056 2575 1197 2599 eorum
1226 2574 1491 2606 successores,
1528 2555 1777 2596 ottomamci

324 2612 614 2666 Imperatores,
667 2617 798 2656 adhuc
833 2617 957 2656 hodie
1003 2617 1219 2669 quotannis
1255 2615 1297 2654 id
1341 2615 1504 2655 faciunt.
1562 2612 1777 2664 Pompam,

322 2681 403 2719 qua
433 2671 665 2711 mittebatur
695 2672 764 2712 illa
793 2672 942 2718 endvta
970 2685 1042 2709 suo
1075 2678 1256 2723 tempore
1283 2670 1410 2708 Misra
1437 2667 1502 2706 vel
1521 2665 1710 2706 Alcahira
1726 2665 1782 2716 ad3

321 2722 533 2778 neceam,
576 2726 769 2768 describit
812 2717 1096 2770 in⁹ltinerarit³
1137 2740 1212 2766 suo
1232 2723 1437 2766 Wansleb.
1468 2737 1508 2777 p.
1534 2720 1652 2774 345.:
1687 2720 1785 2779 „Le
