1826 3126
257 164 332 208 An
371 165 672 208 cons‘rm.
710 165 909 208 roam.
945 167 1018 207 m:
1052 166 1235 209 cmm.
1261 169 1372 209 un.
1413 171 1447 209 1.
1528 169 1557 224 7

54 285 57 287 >
122 268 235 318 tino,
253 267 545 321 praesidentem
565 269 609 307 in
651 267 795 317 Cimo,
815 269 858 306 in
888 266 1036 307 throno
1067 282 1190 308 aureo
1221 275 1419 322 spectasse
1445 268 1563 309 ludos

123 330 166 362 et
197 323 433 377 pyrrhichas
467 325 677 373 circenses,
706 336 838 375 neque
866 325 994 376 prius,
1022 338 1146 377 quam
1158 324 1296 375 finitis,
1328 325 1561 375 surrexisse,

122 385 165 417 et
192 378 234 416 id
266 378 428 431 quidem
458 377 594 417 fecisse
623 377 844 416 secundum
875 378 1051 417 edictum
1081 378 1279 418 librorum
1299 379 1563 420 ordinalium

122 440 165 471 et
201 434 432 498 regalium,
459 447 529 472 seu
560 432 799 474 curialium.
858 432 995 471 Verba
1025 441 1120 472 sunt
1148 428 1306 473 τούτων
1333 429 1487 499 ἔφορος
1512 448 1564 497 ην

123 481 317 526 ἁπάντων
343 483 366 526 ὅ
391 482 593 550 βασιλευς
617 508 676 517 --
700 485 746 525 ἐν
759 487 925 551 χρυσοῖ
949 483 1090 551 θρόνι)
1121 484 1380 550 καθήμενος,
1409 486 1483 527 καί
1498 484 1558 540 μή

121 537 324 607 πρότερον
348 537 699 607 ἐξανιστάμενος,
719 536 798 603 (mf
823 538 898 579 καί
921 555 974 580 τα
1005 538 1175 581 τακτικὰ
1207 542 1353 593 βιβλία
1381 540 1454 582 καί
1480 545 1567 594 βα-,

121 596 263 635 acicam
293 589 699 649 διαγορεύουσιν,)“
672 611 696 647 η
723 594 808 634 τῶν
834 592 1124 648 σκιοτημάτων
1153 595 1448 636 ἑπαπολαῦσαι
1476 620 1561 637 --.

122 649 363 705 Intelligitur
380 664 541 714 quoque
562 649 639 689 hoc
662 664 685 689 e
713 649 801 689 loco
825 650 1013 690 Bautica
1044 650 1164 690 fuisse
1184 651 1404 704 appellatos
1435 652 1561 692 libros

118 704 298 755 rituales,
326 707 396 759 qui
423 707 467 744 in
492 706 623 758 specie
652 705 889 759 Imperatori
910 708 1201 759 praeciperent,
1230 707 1434 770 quomodo
1454 710 1557 747 sein

117 760 434 813 processionibus
463 760 515 799 ad
541 759 742 823 ecclesias,
770 760 823 799 ad
841 761 1008 812 circum,
1034 763 1075 799 in
1100 763 1360 811 consistoriis,
1396 770 1470 803 etc.

116 828 207 854 rere
224 815 379 856 debeat.
407 815 499 854 Non
518 817 625 854 enim
644 816 699 854 ibi
719 814 796 854 loci
817 815 1009 855 Basilica
1029 815 1097 854 illa
1118 815 1302 870 intelligi,
1323 831 1427 870 quae
1442 777 1560 857 mins

116 883 166 908 eo
195 872 357 909 nomine
383 869 506 924 vulgo
532 871 646 910 citari
675 869 830 920 solent,
866 870 969 909 Iuris
998 859 1140 910 Graeci
1167 870 1400 921 volumina,
1434 886 1479 911 ex
1510 887 1557 912 eo

115 932 295 975 constat,
324 925 433 979 quod
456 924 526 964 illa
557 927 886 964 constitutionum
907 925 1088 965 collectio
1115 933 1244 965 aetate
1268 925 1503 980 Theophili
1505 930 1558 967 sit

229 982 323 1021 rior.
377 979 607 1019 Dolendum
634 982 802 1020 istorum
835 987 1018 1020 veterum
1049 981 1307 1020 Tacticorum
1338 989 1407 1021 aut
1442 982 1557 1021 Cere-

115 1034 349 1074 monialium
380 1034 537 1074 nullum
565 1035 617 1074 ad
652 1043 789 1075 nostra
819 1042 1002 1089 tempora
1035 1038 1290 1100 pervenisse·
1280 1067 1292 1086 ,
1332 1036 1451 1090 quale
1480 1037 1557 1077 suit

113 1089 215 1128 illud
241 1090 353 1130 Petri
386 1091 568 1143 Magistri
588 1087 689 1143 περὶ
711 1090 785 1143 τῆς
811 1091 1023 1155 πολιτικῆς
1048 1087 1362 1141 καταπόσεως,
1392 1092 1442 1130 de
1471 1106 1555 1147 quo

113 1143 195 1183 dixi
224 1147 265 1184 in
290 1145 548 1210 praefatione.
602 1145 841 1186 Poteramus
872 1160 918 1185 ex
943 1148 992 1185 iis
1029 1148 1127 1185 scita
1157 1146 1283 1184 multa
1322 1146 1372 1185 de
1413 1151 1555 1186 consti-

113 1201 268 1239 tutione
293 1201 439 1240 veteris
462 1201 620 1254 imperii
652 1201 823 1240 Romani
853 1208 894 1240 et
923 1202 1158 1255 Byzantini,
1194 1202 1289 1240 item
1317 1201 1368 1240 de
1396 1203 1474 1240 situ
1514 1210 1553 1242 et

113 1254 214 1294 facie
235 1255 356 1295 CPlis
375 1257 563 1308 antiquae
599 1269 716 1295 nosse
735 1270 881 1309 ‚quae
906 1257 1023 1295 nobis
1060 1271 1169 1295 nunc
1204 1255 1347 1296 latent.
1404 1257 1553 1309 Liquet

112 1323 161 1348 ex
200 1313 359 1364 egregio
396 1310 664 1363 Cletorologio
695 1311 899 1350 Philothei
914 1342 926 1362 ‚
962 1311 1080 1374 quod
1109 1311 1231 1351 codex
1272 1318 1408 1350 noster
1435 1312 1552 1352 nobis

112 1367 375 1406 conservavit.
449 1366 540 1419 Ipse
569 1373 706 1405 noster
740 1366 874 1405 Codex
917 1362 1108 1406 τακτικὸν
1144 1366 1221 1406 hoc
1259 1381 1377 1405 sensu
1411 1367 1548 1406 habet.

109 1419 218 1461 Nam
245 1421 298 1460 ad
325 1420 449 1460 verba
494 1418 649 1462 Ἰοτέον
686 1428 760 1462 etc.
802 1436 842 1474 p
870 1422 963 1502 ἓξ.
968 1422 1015 1462 C.
1043 1435 1075 1462 1.
1115 1421 1361 1475 adscriptum
1392 1429 1478 1460 erat
1507 1425 1549 1461 in

110 1477 291 1528 margine
324 1476 462 1515 &idem
499 1476 665 1528 antiqua
700 1491 823 1515 manu
861 1491 904 1525 a,
945 1471 1089 1528 ἑτέρου
1117 1477 1303 1515 παλαιοῦ
1328 1477 1548 1526 τακτικοῦ,

110 1542 170 1568 cs:
200 1530 289 1570 alio
319 1531 456 1569 veteri
490 1531 692 1578 Tactico,
722 1546 794 1571 seu
823 1531 1107 1581 ceremoniali,
1138 1530 1287 1570 scilicet
1318 1531 1548 1570 desumtum

112 1590 173 1621 eet
198 1583 276 1623 hoc
307 1592 577 1637 praeceptum.
638 1585 718 1623 Sed
748 1587 968 1624 omiserunt
1004 1585 1245 1638 typographi
1279 1598 1369 1623 eam
1396 1593 1554 1627 notam·

111 1637 296 1677 Tandem
322 1645 437 1678 erant
463 1653 624 1692 quoque
653 1639 695 1678 T
690 1642 835 1679 actaea
861 1639 1078 1688 militaria,
1106 1654 1187 1677 non
1215 1646 1372 1678 tantum
1406 1640 1457 1678 de
1490 1643 1548 1679 in-

108 1693 310 1732 struendis
341 1694 534 1744 aciebuS,
560 1694 631 1734 sed
658 1701 699 1733 et
731 1694 782 1733 de
810 1701 894 1732 tota
921 1694 1034 1732 ducis
1061 1694 1103 1731 in
1131 1693 1246 1733 bellis
1282 1695 1547 1735 conductione

108 1750 369 1800 exponentia·
358 1779 371 1798 ,
399 1749 534 1802 qualia
570 1763 695 1803 quum
726 1748 997 1802 compluscula
1021 1749 1128 1801 typis
1162 1749 1268 1788 edita
1301 1749 1470 1799 suerint,
1498 1759 1546 1789 ut

107 1802 285 1853 Leonis,
326 1804 603 1854 Constantini,
633 1803 791 1843 Aeliani
806 1833 818 1853 ,
848 1802 1078 1843 Onosandri
1105 1811 1178 1844 etc.
1211 1803 1359 1843 sactum
1386 1812 1468 1854 est,
1498 1813 1545 1844 ut

107 1865 287 1897 caeterae
314 1860 618 1912 significationes
635 1861 746 1898 vocis
777 1859 992 1899 Tacticum
1022 1872 1148 1911 paene
1175 1858 1227 1897 ad
1252 1860 1543 1912 ignorationem

107 1912 216 1965 apud
241 1927 316 1953 nos
345 1916 553 1965 venerint,
584 1921 623 1953 et
654 1929 776 1954 sonus
811 1915 921 1953 vocis
948 1913 1000 1952 ad
1035 1927 1151 1952 aures
1173 1921 1330 1953 nostras
1363 1913 1542 1954 allabens

106 1969 290 2020 protinus
312 1977 549 2033 conceptum
576 1969 670 2008 libri
691 1969 875 2008 militaris
893 1970 1028 2008 animo
1052 1970 1308 2022 impresserit.
1339 1969 1403 2007 Eo
1423 1983 1540 2009 sensu

36 2072 39 2073 ⁷
105 2024 202 2062 citat
223 2020 394 2063 τακτικὰ
422 2019 729 2076 συγγράμματα
765 2025 1013 2064 constantin.
1031 2025 1110 2063 vit.
1146 2023 1269 2062 Basil.
1301 2038 1340 2089 p.
1375 2023 1463 2068 165.
1494 2026 1538 2066 B.

106 2076 322 2144 Nicephor.
348 2079 459 2120 Patr.
488 2079 676 2118 CPtanus
701 2080 878 2120 Breviar.
905 2080 1043 2119 histor.
1070 2093 1110 2131 p.
1129 2077 1214 2118 ¹60.
1243 2077 1280 2118 5.
1306 2075 1333 2129 ἦ
1359 2079 1441 2117 τῶν
1467 2076 1539 2119 λό-

104 2144 191 2182 γων
225 2131 448 2186 ἠφανίζετο
484 2132 726 2184 παίδευσις,
778 2148 850 2173 και
888 2130 939 2172 τά
967 2129 1139 2172 τακτικά
1169 2126 1352 2171 διελύετο
1389 2133 1537 2172 litera-

105 2199 199 2224 rum
223 2187 369 2226 studia
398 2189 599 2240 restingui
633 2198 761 2243 atque
789 2187 1040 2230 intercidere
1070 2196 1321 2240 coeperunt,
1357 2201 1432 2226 nec
1462 2189 1538 2227 mi-

104 2253 183 2278 uus
207 2239 438 2295 disciplina
469 2243 668 2282 militaris
696 2256 953 2284 evanescere.
1018 2242 1143 2281 Plura
1174 2241 1351 2305 exempla
1375 2244 1444 2295 qui
1473 2242 1538 2282 de-

104 2294 274 2345 siderat,
302 2296 419 2336 adeat
445 2298 514 2336 Du
538 2298 662 2351 Cang.
696 2298 824 2339 Gloss.
858 2305 1056 2350 utroque,
1095 2311 1134 2338 v.
1159 2293 1328 2336 τακτικὰ
1356 2305 1395 2335 et
1422 2293 1536 2344 τάξις

104 2355 147 2388 et
172 2348 310 2398 ordo,
342 2353 552 2393 ordinale.
617 2353 813 2407 Imposuit
847 2353 924 2391 hoc
952 2351 1219 2391 eruditissimo
1253 2353 1342 2390 viro
1370 2352 1534 2391 Combe-

102 2403 216 2455 fisio,
245 2413 291 2444 ut
316 2405 450 2446 locum
483 2408 780 2447 Continuatoris
818 2407 1075 2459 Theophanis
1088 2435 1101 2455 ,
1136 2406 1257 2444 modo
1285 2406 1499 2459 allegatum
1519 2437 1532 2457 ,

102 2458 161 2497 sic
189 2467 388 2501 verteret:
406 2469 451 2502 ut
467 2462 589 2501 libris
614 2463 798 2502 bellica
781 2475 955 2516 zpsaque
977 2460 1210 2500 domestica
1223 2461 1533 2513 Imperatorum

103 2514 406 2555 continentibus
440 2517 716 2570 perscriptum
750 2526 838 2562 est;
861 2530 942 2554 non
971 2517 1066 2554 satis
1090 2522 1223 2554 exacte
1243 2515 1294 2554 ad
1323 2530 1463 2555 verum
1492 2522 1532 2553 et

101 2575 270 2610 rectum.
337 2569 405 2610 Ad
436 2571 559 2610 libros
591 2572 787 2612 Tac-ticos
814 2572 1015 2624 pertinent
1038 2584 1198 2634 quoque
1235 2570 1460 2622 Cletorolog
1439 2570 1503 2608 “ia
1516 2600 1531 2619 ,

102 2635 174 2660 seu
205 2623 255 2662 de
280 2628 516 2665 ceremoniis
540 2640 746 2666 sacrarum
771 2626 982 2679 epularum
1007 2627 1284 2689 expositiones,
1313 2624 1451 2678 quales
1481 2624 1532 2662 li-

102 2675 198 2715 }›ros
224 2677 320 2717 olim
347 2680 389 2718 in
417 2679 509 2719 aula
534 2682 753 2736 Byzantina
775 2679 1067 2744 complusculos
1093 2681 1307 2730 exstitisse,
1336 2680 1389 2718 ab
1414 2678 1530 2716 Arto-

102 2730 243 2785 cliui8,
279 2741 324 2776 ut
357 2735 515 2779 videtur
533 2765 547 2789 ,
586 2737 802 2777 identidem
842 2737 882 2776 in
910 2735 1087 2790 privatos
1114 2749 1212 2776 usus
1249 2742 1288 2777 et
1317 2735 1531 2775 memoriae
