1884 3132
211 158 286 200 An
322 150 619 202 consi-mr.
665 147 863 200 Pomm.
886 158 959 199 DE
997 157 1181 200 cmm.
1222 139 1323 198 Lm.
1365 159 1417 199 ιι.
1459 138 1572 213 695

126 260 204 300 bus'
246 261 351 300 inter
377 274 561 314 proceres
606 258 870 310 distribuere,
914 259 1049 298 afferri
1068 259 1264 299 curabant
1307 260 1349 299 in
1398 259 1574 299 medium

127 315 298 369 scyphos
324 317 498 354 nummis
537 314 691 368 plenos,
731 315 841 354 uude
867 315 1097 361 sumebant,
1129 314 1326 354 clamante
1357 329 1568 367 praecone:

126 370 330 423 latgesse‚=
358 370 540 423 lat-gesse.
606 369 654 407 In
696 369 963 408 Ceremoniali
990 370 1173 409 Romano
1219 370 1355 408 Cencii
1385 371 1574 408 Camera-

128 426 179 464 rii
190 426 238 464 L.
254 426 310 464 Π.
339 425 487 464 dicitur
512 424 691 478 pontifici
711 439 734 463 a
752 424 984 463 Camerario
1003 432 1235 478 argenteum
1264 424 1459 478 scyphum
1477 439 1572 463 cum

127 482 302 519 nummis
329 481 589 533 praesentari.
646 478 809 532 Angli
799 494 839 517 in
868 479 1036 531 hanapis
1054 479 1274 519 offerebant
1301 493 1467 518 munera
1499 494 1573 518 an-

127 549 209 574 nua
236 549 306 574 seu
331 535 483 574 tributa
518 549 604 575 sua.
677 534 752 574 Est
777 541 913 573 autem
951 535 1085 588 Ιιαηαρ
1130 531 1175 587 (α
1203 535 1322 590 Ναρ,
1362 536 1426 573 εἰη
1454 535 1572 588 Nap)

129 597 200 628 aut
227 590 286 640 id,
313 589 422 643 quod
448 589 564 629 nobis
591 589 711 629 hodie
735 603 811 629 vox
846 588 942 639 illa,
974 589 1096 644 Nap,
1124 597 1250 635 notat,
1290 596 1424 642 patera
1455 589 1576 642 paulo

126 645 393 697 profundior,
436 652 505 683 aut
532 645 639 684 idem
666 644 774 698 quod
815 643 1002 698 scyphus.
1062 644 1166 683 Sane
1198 644 1418 683 Francicus
1445 645 1573 684 iuter-

124 713 216 752 pres
252 700 364 739 Petri
400 699 617 740 crescentii
656 701 707 739 L.
737 699 790 738 V.
843 699 993 738 verba:
1035 713 1172 737 azer-us
1201 700 1349 762 pptime
1387 702 1571 738 convenit

123 755 278 808 scypIu's
298 763 337 794 et
353 755 636 809 paropsidibus
666 763 706 793 ec
742 755 934 793 inczkofiis
948 754 1157 803 saczkndzs
1179 755 1235 793 sic
1264 755 1407 792 vertit·
1435 778 1486 784 —
1516 764 1572 794 esc

124 810 202 848 toes
232 810 306 849 bon
318 823 427 864 pom·
436 811 556 861 fatre
578 811 730 864 hanaps
729 807 1085 902 hscypbosLI
998 809 1176 847 escuelles
1194 807 1386 863 [scutula]
1414 818 1452 847 et
1470 811 1570 863 pla-

124 873 272 914 teaux3
299 878 343 904 v.
382 864 533 902 Duca
535 879 610 919 nge
654 879 698 903 v.
774 878 954 918 anappus
987 870 1028 902 et
1053 863 1314 903 Ῑιιειὶςονί.ιιηι
1374 863 1482 902 Hinc
1511 865 1571 903 sa-

126 925 236 958 ctum
261 926 351 970 est,
395 925 442 957 ut
473 918 711 959 munuscula
749 919 931 957 scutellae
965 918 1193 957 dicerentur
1222 933 1268 957 ex
1297 933 1360 965 eo,
1388 919 1497 972 quod
1527 920 1571 959 in

123 972 299 1013 scutellis
341 974 663 1027 porrigerentur,
698 972 1037 1027 quemadmodum
1074 973 1276 1026 sportulae
1322 948 1419 1012 olim
1458 974 1568 1013 dice-

124 1028 275 1068 bantur
300 1042 327 1068 a
360 1028 582 1080 sportellis,
629 1030 671 1068 in
699 1028 847 1082 quibus
891 1027 1178 1067 offerebantur.
1246 1028 1482 1068 Anastasius
1526 1030 1570 1068 in

124 1083 333 1123 Bonifacio
361 1083 443 1123 11.:
473 1085 537 1122 hic
561 1085 799 1147 pmslyterzls
837 1084 1019 1122 scutellas
1036 1083 1087 1121 de
1115 1083 1267 1138 adeptis
1294 1084 1573 1123 heredafftanhm

123 1138 279 1187 ohmli‚t
303 1137 347 1176 id
370 1145 430 1177 est
445 1135 655 1192 ἀπαρχὰς,
689 1137 930 1193 particulas,
962 1145 1100 1192 gustus
1127 1137 1448 1187 haereditatum,
1470 1153 1571 1193 quas

124 1199 266 1232 nactus
295 1193 437 1232 suerat.

235 1247 281 1287 C.
299 1261 341 1301 9.
375 1246 488 1299 [585‚
511 1245 594 1300 2ι.]
626 1242 878 1308 fteooxq'mv.
934 1246 1094 1286 Medius
1122 1247 1263 1287 hortus
1291 1248 1382 1286 ideo
1410 1248 1571 1298 dicitur,

126 1301 236 1355 quod
264 1303 306 1341 in
334 1304 421 1355 ipso
449 1300 597 1355 palatio
625 1302 868 1356 interceptus
916 1309 956 1340 et
982 1305 1194 1342 structuris
1230 1302 1410 1355 undique
1438 1311 1572 1356 septus

125 1363 256 1406 esset,
283 1363 330 1395 ut
357 1358 441 1395 eius
471 1355 572 1394 nihil
599 1357 774 1421 conspici
802 1364 949 1410 posset.

189 1443 192 1445 μ
237 1411 286 1450 C.
316 1424 410 1464 pen.
443 1410 555 1464 [586,
577 1409 643 1464 2.]
672 1407 845 1461 γάλαια.
903 1411 1178 1451 Recenseutur
1204 1411 1271 1450 hic
1300 1411 1453 1466 aliquot
1481 1427 1571 1465 spe-

126 1467 207 1505 cies
234 1466 466 1505 olfactoriae
506 1472 546 1504 et
581 1466 896 1518 unguentariae,
926 1480 1026 1519 quas
1053 1469 1157 1505 inter
1191 1462 1270 1518 γά).
1275 1480 1349 1505 αια
1392 1474 1451 1506 est
1493 1482 1571 1506 vox

126 1530 303 1570 Arabica
326 1521 452 1576 gast-2.
482 1530 543 1570 Ut
571 1529 694 1570 hodie
720 1538 918 1584 gestamus
944 1531 1153 1570 nobiscum
1181 1532 1344 1585 pyxides
1371 1532 1501 1571 tabaci
1530 1535 1572 1572 iu

126 1585 333 1650 pulverem
366 1587 626 1635 comminuti,
654 1587 710 1624 ita
738 1586 834 1624 olim
861 1601 943 1625 non
971 1588 1014 1624 in
1042 1587 1194 1625 oriente
1221 1594 1404 1635 tantum,
1436 1588 1505 1626 sed
1532 1595 1572 1627 et

126 1643 171 1680 in
201 1640 408 1680 occidente
432 1641 595 1694 pyxides
622 1641 839 1680 odoriferas
856 1655 990 1680 secum
1018 1641 1213 1680 ferebant.
1246 1642 1442 1695 Agnellus
1457 1642 1572 1681 Pon-

125 1695 223 1734 tific.
252 1695 436 1735 Ravenn.
464 1710 506 1748 p.
536 1694 626 1736 155.
655 1696 881 1735 describens
902 1709 1092 1749 magnum
1120 1696 1298 1747 luctum,
1320 1706 1574 1751 prozecerunt

126 1764 155 1788 α
185 1765 226 1789 se
246 1759 448 1790 matronae
476 1752 645 1797 inam-es,
666 1752 746 1800 ait,
773 1760 812 1790 et
839 1751 1003 1790 annulos
1017 1761 1055 1789 et
1075 1751 1281 1790 dextralia
1313 1761 1353 1791 et
1373 1753 1565 1806 pereseli-

126 1805 201 1843 das
225 1814 263 1844 et
279 1806 444 1844 monilia
464 1813 503 1843 ec
542 1819 565 1844 0
566 1806 750 1856 factorza
795 1815 835 1844 et
861 1821 954 1845 acus
981 1815 1019 1844 et
1051 1807 1207 1860 specula
1239 1813 1315 1846 etc.
1371 1806 1567 1845 Rolandi-

126 1873 204 1898 nus
231 1859 486 1899 Patavinus
476 1874 514 1898 in
559 1860 759 1899 Chronico
800 1861 851 1899 L.
886 1862 918 1900 Ι.
946 1875 980 1900 c.
1008 1874 1066 1899 10.
1093 1869 1287 1900 memorat
1323 1863 1429 1900 inter
1471 1861 1563 1908 alia,

128 1914 275 1966 quibus
301 1924 468 1953 castrum
478 1915 683 1954 honestans
713 1917 768 1954 sic
799 1915 950 1954 dictum
979 1917 1194 1981 expugnari
1221 1915 1317 1955 olim
1346 1917 1566 1964 consuent

129 1970 249 2007 etiam
286 1970 453 2008 iactatas
490 1971 686 2024 ampullas
722 1970 908 2008 balsami.
976 1971 1069 2009 Vox
1097 1966 1291 2010 οἰνάνθια
1318 1977 1450 2023 posset
1478 1972 1570 2023 qui-

129 2023 220 2061 dem
249 2023 300 2062 de
327 2022 396 2062 illo
419 2025 503 2062 vini
530 2038 673 2077 genere
698 2026 829 2072 sumi,
861 2024 970 2078 quod
1000 2026 1131 2064 medio
1159 2040 1259 2064 aevo
1284 2026 1470 2064 claretum
1493 2039 1565 2077 ap-

129 2077 345 2141 pellabant.
400 2078 445 2117 ld
472 2081 577 2117 enim
618 2087 709 2132 post
736 2055 874 2144 epulas
916 2087 955 2119 et
982 2080 1197 2120 secundam
1225 2080 1415 2118 lotionem
1443 2079 1565 2118 fuisse

129 2133 235 2172 inter
261 2133 408 2186 species
433 2147 500 2172 seu
528 2132 661 2173 dulcia
675 2136 960 2185 ministratum,
988 2143 1151 2189 apparet
1179 2149 1224 2174 ex
1252 2134 1405 2174 Ordine
1415 2134 1566 2173 Roma·

129 2202 184 2226 no
211 2188 394 2240 Gregorii
418 2188 473 2225 X.
498 2192 535 2236 §.
576 2187 654 2240 14„
694 2188 801 2229 malo
833 2197 967 2230 tamen
1005 2191 1055 2229 de
1097 2190 1358 2229 odoramento
1384 2195 1453 2227 aut
1489 2202 1566 2226 un-

130 2249 277 2295 guento
308 2242 506 2294 accipere,
535 2257 661 2295 quum
686 2245 864 2283 eiusdem
900 2246 1054 2299 generis
1090 2246 1169 2284 sint
1188 2274 1201 2296 ‚
1249 2257 1352 2296 quae
1379 2243 1566 2296 deinceps

133 2303 421 2336 memorantur.
461 2296 555 2335 Vid.
583 2298 687 2351 adp
693 2298 821 2361 .269.
839 2299 885 2338 C.
909 2299 949 2338 6.

239 2353 292 2390 D.
317 2364 350 2394 1.
376 2350 488 2405 [586‚
510 2349 568 2404 3.]
592 2313 857 2418 α’νογλύφων.
914 2354 1108 2392 Itaestin
1139 2351 1396 2398 membranis,
1411 2358 1451 2390 et
1476 2349 1506 2390 l.
1519 2365 1560 2390 2.

129 2400 421 2459 χειρομάκτων
461 2419 536 2458 pro
577 2403 829 2458 ἅναγλυφων
866 2414 906 2446 et
946 2402 1283 2472 χειρομάκτρωνς
1327 2406 1411 2444 vid.
1441 2406 1490 2444 ad
1521 2422 1561 2459 p.

133 2460 228 2514 267.
250 2462 293 2500 B.
312 2460 349 2500 6.
377 2461 442 2499 Sic
469 2456 687 2508 α’νυμὲνειν
723 2461 862 2499 dicunt
898 2461 1079 2500 hodierni
1116 2474 1190 2513 pro
1220 2458 1457 2510 αιαμέιᾞειν
1489 2460 1566 2514 [At

132 2529 255 2566 quare
273 2522 356 2553 toto
371 2514 476 2554 libro
492 2513 592 2552 nihil
607 2514 657 2552 de
674 2517 818 2553 carneis
835 2530 903 2554 seu
922 2516 1085 2568 gemmis
1104 2513 1338 2567 anaglyphis
1365 2517 1566 2555 cavatisve

133 2577 375 2608 memoratur
394 2573 413 2608 ἶ)
444 2568 588 2619 Credo,
605 2583 698 2621 quia
728 2569 839 2608 rudis
869 2568 937 2607 illa
962 2570 1159 2607 bonaru1n
1178 2571 1323 2608 artium
1351 2577 1459 2608 aetas
1485 2584 1567 2610 non

134 2624 390 2674 aestimabat,
420 2623 568 2662 nedum
589 2623 735 2662 faceret
763 2630 846 2662 tam
864 2623 1018 2662 subtilis
1045 2631 1086 2662 et
1112 2624 1252 2663 doctae
1269 2638 1409 2663 manus
1428 2638 1566 2678 opera.

136 2677 253 2716 Iuvat
279 2678 354 2717 hac
381 2680 586 2717 occasione
614 2692 751 2718 vocem
778 2692 912 2717 cameo
940 2677 1162 2731 explicare,
1191 2678 1241 2717 de
1267 2680 1380 2718 cuius
1406 2686 1566 2734 etymo-

135 2731 239 2784 logia
264 2733 383 2774 video
411 2733 636 2787 disceptari.
693 2733 767 2774 Est
794 2734 969 2782 Graeca,
1001 2747 1083 2773 non
1111 2708 1288 2774 A’rahica
1315 2747 1406 2774 vox.
1462 2735 1565 2774 Pos-
