1884 3132
292 164 401 222 332
603 183 675 225 10.
717 183 821 226 1Ac.
862 187 1056 227 Rmsxu
1093 185 1469 232 COMMENTARn

400 288 455 327 D.
478 301 570 342 pen.
595 289 708 341 [329‚
745 289 839 382 mi:
869 286 1172 340 βουλλώμενος.
1226 293 1284 331 Μ.
1311 293 1624 346 βουλλωμένος,
1662 310 1729 335 ac-

289 351 409 384 centu
443 344 483 382 in
524 343 759 396 penultima.
843 345 951 384 olent
986 353 1119 385 autem
1158 348 1252 386 novi
1289 349 1431 387 Graeci
1468 357 1727 402 augmentum

288 400 487 453 participii
520 401 722 452 praeteriti
751 402 896 452 passivi
928 403 1111 440 omittere
1131 432 1140 448 ,
1180 409 1226 440 ut
1244 403 1308 441 hic
1342 403 1631 454 βουλλωμένος
1654 419 1731 458 pro

287 454 650 507 βεβουλλωμένος,
681 455 957 505 βαπτισμέιός
985 471 1059 509 pro
1087 457 1413 507 βεβαπτισμέιός
1442 472 1531 512 pag.
1560 458 1660 500 355.
1687 462 1734 500 Β.

290 510 331 551 5.
355 539 367 561 ‚
397 506 666 561 ciwoxe'cpffiu
703 524 743 563 p.
764 510 857 564 369.
880 512 926 550 B.
947 526 988 564 9.
1020 525 1093 564 pro
1117 508 1404 565 ἁπεσκέφθαι,
1473 542 1482 551 .
1515 514 1606 567 370.
1625 515 1671 553 Β.
1693 514 1736 568 4.

290 563 611 614 κατακλασμένα
640 579 712 618 pro
741 566 1124 617 κατακεκλασμένα,
1154 581 1193 619 p.
1208 566 1401 618 460.(].2.
1425 528 1590 620 ῦςρυγιά
1604 583 1735 610 κατα·-

289 618 475 671 καυμένη
514 628 785 672 memoratur,
832 621 951 660 etiarn
991 621 1079 660 aliis
1125 621 1232 660 dicta
1268 636 1341 676 pro
1380 623 1733 678 κατακεκαυμένη.

289 674 495 714 Referrem
520 675 599 714 huc
627 690 786 729 quoque
812 675 944 715 locum
966 691 1008 730 p.
1036 675 1126 716 568.
1143 677 1197 715 D.
1214 691 1303 730 pen.
1330 672 1435 727 μετὰ
1463 677 1536 717 καί
1562 692 1735 730 χρυσω-

288 729 428 781 μὲνων
455 729 661 778 πεδίλων,
693 733 769 770 nisi
801 734 970 782 scirem,
1003 731 1088 771 sore
1116 733 1338 785 quosdam,
1380 733 1448 786 qui
1475 728 1549 771 καί
1583 747 1657 785 pro
1689 747 1734 773 κε

290 787 483 838 scriptum
511 786 755 825 contendant
790 794 829 826 et
856 795 1116 840 augmentum
1148 787 1273 827 verbo
1297 789 1478 827 iunctum
1517 786 1660 827 malint
1690 790 1732 828 in

288 839 399 879 hunc
425 841 589 879 modum
607 854 617 881 :
634 838 739 892 μετὰ
754 841 1085 893 κεχρυσωμένων
1112 857 1152 881 π.
1182 842 1374 897 Exempla
1395 842 1539 882 similia
1558 850 1741 896 prostant

290 895 399 950 apud
426 896 665 949 Theoplian.
690 912 729 951 p.
752 897 842 952 167.
860 899 914 936 D.
931 912 987 951 9.,
1010 898 1142 948 (conf.
1166 899 1288 938 Goar.
1306 899 1356 938 ad
1377 913 1419 951 p.
1440 899 1557 949 223.)
1578 913 1616 951 p.
1639 900 1735 940 250.

289 951 345 991 A.
369 965 428 1001 2.,
478 951 572 993 535.
606 952 654 991 A.
686 966 775 999 11.‚
829 951 919 1004 452.
949 953 997 991 C.
1035 951 1103 1004 4.,
1136 954 1228 1004 (ubi
1269 953 1373 993 male
1399 960 1528 992 mutat
1556 956 1734 1007 margo‚)

291 1005 389 1061 447.
416 1005 469 1045 A.
506 1007 545 1046 3.
568 1036 579 1057 ‚
599 1005 697 1058 455.
731 1007 784 1047 D.
816 1015 948 1060 antep.
990 1014 1030 1046 et
1060 1004 1155 1047 abbi
1193 1008 1329 1048 multis
1365 1010 1405 1048 in
1444 1007 1555 1047 locis.
1602 1008 1736 1048 Etiam

289 1063 366 1116 ipsi
384 1069 536 1101 veteres
558 1062 700 1102 Graeci
719 1063 960 1116 negligentes
984 1064 1187 1113 augmenti
1210 1071 1340 1115 erant,
1370 1071 1467 1103 teste
1496 1063 1736 1109 Casaubono

291 1117 343 1156 ad
376 1116 631 1156 Athenaeum
659 1133 699 1171 p.
739 1118 857 1165 115.‚
907 1118 977 1156 ubi
1005 1117 1082 1156 alia
1113 1118 1233 1157 huius
1269 1121 1325 1158 rei
1354 1117 1532 1170 exempla
1563 1132 1584 1157 e
1620 1126 1735 1158 vetu-

290 1173 472 1212 stissimis
506 1173 737 1212 auctoribus
769 1164 968 1227 producit,
996 1187 1099 1226 quae
1133 1174 1228 1227 ipsis
1254 1175 1377 1228 magis
1403 1188 1526 1227 quam
1562 1172 1737 1213 librariis

291 1224 525 1281 imputanda
562 1242 644 1267 esse
676 1230 866 1267 evincunt
905 1242 1133 1280 marm0ra3
1175 1236 1221 1268 ut
1253 1227 1451 1280 διάταχεν
1484 1242 1556 1282 pro
1593 1227 1734 1268 διατέ-

290 1297 419 1334 ταχεν
447 1289 506 1322 est
528 1284 633 1337 apud
657 1283 851 1326 Chishull.
887 1285 927 1323 in
947 1283 1117 1338 Antiqu.
1136 1283 1265 1324 Asiat.
1297 1299 1339 1338 p.
1369 1282 1457 1335 141.
1491 1285 1532 1323 in
1566 1284 1731 1338 psephi-

293 1345 419 1378 smate
442 1338 736 1378 Attalistarum.

401 1394 456 1432 D.
478 1408 570 1447 pen.
593 1394 711 1448 [329‚
737 1392 821 1448 12.]
852 1393 911 1440 εἷς
940 1392 1099 1440 σκεῦος.
1155 1394 1359 1448 Significat
1390 1394 1554 1432 omnino
1586 1391 1736 1439 σκεῦος,
1792 1410 1795 1413 »

291 1462 480 1498 εαννιιιης
510 1449 593 1487 vid.
616 1464 654 1502 p.
682 1449 767 1503 195.
782 1450 829 1488 Β.
852 1448 892 1489 8.
915 1463 926 1501 3
956 1463 1095 1488 verum
1120 1451 1214 1502 quia
1245 1464 1326 1488 non
1352 1448 1470 1487 video
1490 1477 1502 1498 ‚
1535 1446 1738 1500 quomodo

293 1504 438 1557 aliquis
477 1511 547 1542 aut
590 1519 681 1543 cum
714 1519 862 1556 curru,
917 1512 987 1543 aut
1030 1505 1070 1543 in
1103 1519 1225 1543 curru
1255 1503 1399 1543 saltare
1435 1509 1580 1556 queat,
1611 1503 1737 1555 magis

292 1559 500 1614 propendo
522 1560 573 1598 ad
594 1561 955 1613 interpretationem
982 1559 1102 1613 paulo
1129 1568 1221 1599 ante
1239 1559 1497 1613 propositam.

383 1628 470 1668 ¹92·
490 1615 543 1654 A.
570 1630 603 1654 1.
625 1615 747 1670 [329‚
786 1614 866 1669 ι4.]
899 1614 1177 1665 ζωννυμένου.
1239 1616 1420 1667 Bigarius
1457 1613 1564 1652 enim
1612 1612 1728 1652 insti-

295 1670 485 1710 tuebatur
509 1670 574 1709 vel
600 1671 889 1709 investiebatur
911 1669 1021 1724 galea
1051 1677 1239 1723 argentea
1261 1677 1300 1709 et
1323 1683 1420 1708 zona
1436 1683 1448 1719 ς
1467 1667 1551 1707 vid.
1569 1667 1618 1706 C.
1639 1682 1678 1722 7.

407 1725 461 1765 A.
484 1725 525 1778 4.
547 1726 657 1780 [520,
683 1725 763 1779 16.]
783 1725 905 1777 βαΐα).
961 1727 1020 1764 Μ.
1044 1725 1132 1776 βαῒ.
1189 1726 1250 1764 Ut
1281 1723 1350 1764 νοῒ
1372 1731 1411 1762 et
1426 1722 1527 1762 πλοῒ
1545 1735 1620 1776 pro
1651 1718 1734 1776 νόῳ

297 1787 338 1820 et
367 1776 502 1837 πλόῳ,
536 1783 590 1820 sic
618 1772 698 1831 βαῒ
715 1796 787 1834 pro
821 1765 910 1836 βοῖῳ
934 1788 1135 1820 contracte
1168 1794 1213 1818 ex
1238 1779 1345 1835 βαΐῳ
1366 1779 1520 1818 dicunt.

405 1836 459 1874 A.
489 1836 525 1878 5.
561 1837 674 1890 [529,
710 1835 791 1890 16.]
833 1835 1084 1888 εἰσέρχεται.
1139 1835 1286 1889 Nempe
1317 1837 1360 1874 in
1409 1833 1623 1882 cathisma,
1666 1830 1738 1870 ubi

297 1893 474 1945 praemia
495 1892 546 1930 ab
575 1893 671 1945 Imp.
692 1891 1050 1930 distribuebantur.

411 1948 458 1986 B.
476 1962 516 2002 9.
538 1948 651 1999 [330‚
680 1946 762 2000 11.]
792 1950 928 1998 χεῖρα.
948 1948 1005 1988 Μ.
1019 1949 1197 1998 χεῖραν;
1218 1958 1256 1983 v.
1272 1944 1322 1983 ad
1334 1959 1375 1997 p.
1395 1941 1484 1994 114.
1501 1942 1593 1996 (3.7.
1609 1940 1733 1980 dicta.

413 2002 461 2042 B.
487 2018 544 2045 10.
569 2003 680 2057 [330‚
711 2000 792 2055 12.]
814 1999 1052 2054 σφραγίζει.
1109 2001 1166 2039 Μ.
1191 1997 1540 2052 κατασφραγίζει.

406 2057 510 2098 C.6.
530 2058 644 2121 [3530.
675 2055 755 2110 19.]
787 2053 1012 2108 αὖριγάριν
1033 2051 1078 2094 τὸ
1106 2049 1325 2106 λεγόμενον
1369 2048 1557 2105 δημόσιν.
1612 2049 1736 2090 Auri-

295 2113 413 2166 garia
438 2120 478 2152 et
511 2128 561 2152 τα
592 2110 774 2165 δημόσια
789 2141 799 2161 ,
819 2112 994 2165 publica,
1029 2117 1142 2150 erant
1163 2117 1293 2149 vestes
1313 2123 1335 2148 e
1356 2107 1559 2147 communi
1583 2106 1737 2146 aerario

299 2169 445 2222 aurigis
475 2168 617 2218 datae3
647 2182 687 2207 v.
710 2182 751 2220 p.
773 2180 863 2205 200.
888 2167 939 2204 D.
958 2180 1048 2219 pen.
1069 2173 1108 2204 et
1125 2179 1218 2204 201.
1241 2164 1292 2204 A.
1314 2179 1353 2203 2.

388 2224 479 2277 193.
502 2225 547 2262 B.
572 2223 612 2262 6.
637 2223 747 2277 [332‚
787 2220 844 2274 1.]
890 2220 1100 2260 ἐπινικίων
1145 2217 1535 2271 θριαμβευομὲνων.
1603 2212 1738 2266 Signis

298 2278 490 2317 victoriae
515 2279 679 2317 solemni
698 2291 784 2316 cum
809 2290 958 2331 pompa
988 2277 1030 2314 in
1051 2276 1183 2314 urbem
1215 2274 1455 2314 introductis.
1482 2269 1740 2324 *[Triumphi

298 2345 376 2372 vox
403 2348 476 2387 pro
503 2333 656 2372 solenni
679 2333 842 2371 introitu
862 2338 1054 2384 usurpata
1074 2329 1239 2368 Aimoni
1261 2330 1299 2368 in
1323 2330 1472 2368 Histor.
1497 2321 1690 2386 Plane-J*

411 2389 459 2427 Β.
491 2403 585 2442 pen.
614 2388 739 2443 [532‚
768 2385 827 2440 2.]
858 2386 942 2440 θεῷ
973 2382 1165 2439 δεσπότῃ.
1221 2385 1281 2423 Μ.
1320 2382 1406 2439 θεῷ
1440 2378 1497 2435 τῷ
1525 2378 1738 2432 δἐσποτῃ;

301 2442 407 2481 cons.
430 2443 480 2482 ad
509 2443 553 2482 h.
576 2443 604 2482 l.
624 2457 711 2496 cap.
741 2456 799 2495 ¹9·
822 2448 860 2480 et
891 2455 955 2480 20.
978 2440 1070 2479 libri
1095 2439 1272 2479 secundi.
1735 2487 1737 2489 Ι

303 2503 306 2506 ’
408 2499 462 2537 D.
481 2512 520 2536 2.
538 2497 653 2552 [332‚
682 2496 763 2551 15]
786 2495 874 2536 σοῦ’.
929 2496 1142 2535 Distinctio
1165 2502 1254 2548 post
1274 2491 1352 2533 σοῦ’
1376 2487 1556 2536 delenda,
1575 2493 1738 2525 auctore

301 2552 436 2590 codice
461 2554 581 2592 Msto.
609 2551 817 2604 Ἠλέησας
849 2551 961 2590 reddi
989 2553 1135 2605 poterit
1164 2565 1236 2603 per
1255 2549 1458 2588 clementer
1484 2542 1643 2584 voluisti
1673 2540 1739 2581 vel

295 2619 397 2659 prae
430 2608 699 2646 misericordia
728 2607 897 2646 voluisti.

388 2660 479 2714 194.
506 2661 558 2700 A.
577 2661 617 2701 8.
643 2662 751 2715 [333‚
789 2660 842 2714 5.]
880 2659 1048 2712 χαίροις
1097 2656 1119 2698 ὅ
1149 2652 1266 2705 ἄναξ.
1321 2656 1378 2694 Μ.
1412 2651 1625 2693 articulum
1655 2664 1737 2690 non

302 2723 534 2765 agnoscunt.
603 2716 724 2754 Salve
766 2716 967 2761 Domine,
1010 2716 1081 2767 qui
1107 2709 1181 2752 τὸν
1218 2711 1332 2750 δεῖνα
1369 2709 1587 2760 καθεῖλες,
1623 2706 1738 2746 illum

301 2769 358 2808 N.
392 2769 446 2809 Ν.
465 2771 675 2810 detraxisti
690 2771 739 2811 de
760 2771 856 2811 solio
883 2770 1033 2823 gloriae
1055 2777 1092 2808 ec
1120 2766 1318 2819 qfflzlxieti.
