1884 3132
276 161 383 198 222
545 157 617 200 10.
661 157 766 200 IAC.
804 157 1000 199 REISKII
1049 153 1428 201 COMMENTARII
1459 181 1462 183 >

269 263 463 316 sigillatas
479 291 489 308 ‚
524 259 663 313 sigillis
690 274 836 313 nempe
853 290 863 310 ‚
893 258 972 299 hoc
989 267 1047 300 est
1067 261 1557 315 imaginibus‚decoratas.
1617 263 1723 304 Ana·
1767 291 1770 293 -

272 320 417 358 stasius
445 317 594 370 passim
622 323 820 354 memorat
846 324 976 355 vestes
1002 317 1053 355 de
1084 316 1291 366 Stant-aci,
1329 318 1371 356 id
1399 324 1458 357 est
1483 317 1631 372 quibus
1659 321 1724 358 in-

271 381 401 412 textae
427 385 580 411 cruces.
639 372 700 410 lta
727 386 818 424 pag.
849 385 937 424 ¹²7·
969 373 1051 411 ait:
1073 373 1180 423 ficit
1205 381 1348 411 vestem
1365 373 1416 412 de
1441 374 1613 412 stauraci
1637 388 1724 413 cum

270 442 384 466 cruce
411 436 448 466 et
471 426 712 480 gammadiis
751 427 868 466 simul
893 436 931 466 et
950 428 1220 482 paratrapetis
1247 429 1325 467 suis
1341 457 1352 478 ‚
1410 428 1451 467 id
1480 435 1539 467 est
1566 429 1724 468 curavit

272 483 359 522 fieri
381 483 597 537 endytam,
633 495 800 535 eamque
828 495 920 521 arae
953 482 1144 533 donavit,
1185 484 1250 522 cui
1278 485 1427 522 intexta
1455 491 1541 523 erat
1569 485 1725 523 mediae

272 552 420 592 magna
448 552 571 588 crux,
621 544 660 576 et
688 551 761 590 per
787 544 919 576 totum
947 552 1127 590 pannum
1154 552 1292 577 cruces
1320 552 1493 592 parvae,
1538 553 1719 592 gamma-

270 593 344 632 dia
383 594 434 633 de
472 593 695 650 quadruplo
737 593 881 632 dictae.
939 591 1046 631 Nam
1073 606 1196 631 unam
1223 608 1383 633 crucem
1411 600 1586 647 quatuor
1612 595 1646 634 Γ
1673 593 1726 634 ad

274 656 406 689 rectos
434 649 602 703 angulos
630 649 835 702 oppositae
870 647 1048 687 efficiunt
1062 678 1074 700 ‚
1114 649 1454 702 quemadmodum
1480 651 1522 688 in
1550 650 1726 690 nummis

274 728 482 771 Francicis
521 737 696 784 quatuor
725 731 758 770 L
795 728 968 770 initiales
1008 729 1187 769 nominis
1224 729 1423 770 Ludovici
1462 715 1548 770 ‚JL—
1570 730 1728 773 Passim

277 831 499 865 occurrunt
538 825 581 863 in
619 824 861 878 imaginibus
889 824 931 863 S.
965 823 1239 878 Chrysostomi
1257 855 1268 876 ‚
1314 825 1498 879 Gregorii
1534 824 1726 865 Nazianz.

275 887 319 919 et
350 879 523 919 aliorum
549 878 650 919 tales
677 889 798 919 vestes
825 881 875 919 de
901 882 1075 919 stauraci
1100 895 1187 919 cum
1210 881 1446 933 gammadiis
1472 880 1523 919 de
1550 881 1722 935 quadru-

269 936 362 991 plo.
419 934 517 975 Vid.
546 949 584 974 e.
613 949 651 974 c.
682 935 749 989 fig.
780 936 852 975 IX.
894 934 1165 974 dissertationi
1205 935 1431 990 Cangianae
1467 935 1517 974 dc
1551 935 1727 975 nummis

277 992 447 1045 Byzant.
476 991 801 1044 praemissarum.
823 1026 827 1030 .
862 990 976 1029 Idem
1002 991 1235 1030 Anastasius
1255 991 1305 1031 de
1333 989 1518 1030 Paschali
1546 990 1600 1030 L:
1637 992 1731 1034 fecit

277 1056 426 1097 vestem
453 1047 506 1086 de
533 1056 711 1086 staurace
736 1047 939 1085 habentem
961 1061 1140 1101 pavones
1166 1056 1205 1085 et
1228 1047 1368 1086 obtulit
1396 1054 1540 1085 vestem
1572 1047 1728 1098 chryso·

275 1103 437 1141 clavam
469 1117 525 1141 cx
559 1115 658 1141 auro
682 1103 916 1158 gemmisque
945 1104 1162 1154 cory‘ectam
1178 1103 1396 1141 .habentem
1426 1102 1632 1140 historiam
1646 1102 1728 1140 vir-

275 1158 416 1210 ginum
444 1172 532 1196 cum
551 1158 717 1209 facibus
746 1159 917 1196 accensis
944 1158 1109 1213 mirfice
1138 1166 1349 1212 comptam.
1409 1156 1458 1194 In
1487 1157 1622 1195 Leone
1650 1156 1728 1196 IV.

280 1219 478 1251 memorat
504 1213 636 1251 velum
666 1214 872 1267 acupictile
900 1213 1044 1252 habens
1070 1210 1241 1265 effigiem
1272 1213 1439 1252 hominis
1470 1212 1636 1250 sedentis
1662 1226 1730 1250 su-

274 1282 356 1323 per
397 1282 598 1323 pavonem
639 1282 775 1307 unum.
833 1268 1066 1307 Chronicon
1106 1269 1319 1307 Casinense
1366 1268 1511 1320 passim
1551 1273 1755 1306 recenset.

282 1323 406 1377 pallia
433 1338 526 1362 cum
553 1322 775 1376 elephantis
792 1353 804 1374 ‚
835 1324 956 1377 signis
976 1323 1187 1362 duodecim
1207 1323 1429 1372 mensium,
1459 1321 1626 1376 aquilis,
1653 1320 1730 1361 leo·

282 1379 405 1418 nibus
421 1408 433 1430 ,
463 1386 503 1418 et
534 1377 630 1418 alibi
655 1386 876 1419 occurrunt
902 1379 1075 1418 intextae
1103 1380 1295 1432 imagines
1322 1379 1593 1416 unicornuum
1610 1407 1622 1429 ‚
1661 1391 1730 1416 ca-

283 1433 487 1473 ballorum
501 1465 512 1485 ‚
543 1436 679 1474 avium
693 1464 705 1484 ‚
736 1435 987 1488 gryphorum
1005 1464 1016 1484 ‚
1046 1441 1235 1482 anatum,
1265 1433 1458 1472 arborum
1489 1439 1566 1471 etc.
1623 1433 1730 1472 Ver-

282 1489 338 1528 ba
361 1497 455 1529 sunt
488 1490 636 1544 Angeli
665 1490 715 1528 de
743 1490 852 1529 Nuce
879 1489 931 1528 ad
964 1489 1062 1528 Chr.
1095 1489 1187 1528 Cas.
1219 1504 1259 1542 p.
1291 1487 1387 1528 528.
1443 1489 1598 1527 Verum
1625 1494 1732 1528 sunt·

282 1559 337 1585 ne
359 1560 538 1599 pavones
576 1546 712 1599 potius
746 1552 876 1586 vestes
904 1545 954 1584 de
992 1546 1133 1598 pennis
1162 1558 1367 1598 pavonum
1408 1550 1621 1593 consutae,
1660 1549 1732 1582 aut

283 1600 336 1639 de
362 1602 504 1654 pennis
533 1600 703 1640 aliarum
731 1615 893 1655 quoque
920 1602 1058 1640 avium
1085 1601 1142 1638 sic
1172 1601 1299 1639 sactae
1315 1628 1327 1650 ‚
1356 1605 1404 1638 ut
1419 1612 1622 1652 pavonum
1641 1611 1732 1637 cau-

284 1655 381 1695 dam
410 1657 646 1696 imitentur?
702 1656 796 1696 Non
823 1664 961 1710 putem
979 1685 991 1706 ‚
1020 1657 1203 1709 quamvis
1230 1670 1312 1694 non
1339 1655 1531 1704 nesciam,
1562 1667 1609 1692 eo
1635 1660 1732 1692 tem·

283 1725 386 1765 pore
411 1711 512 1751 tales
540 1720 671 1753 vestes
698 1712 819 1752 fuisse
847 1719 1040 1766 gestatas,
1073 1711 1122 1750 de
1139 1710 1287 1764 quibus
1308 1710 1388 1763 agit
1406 1710 1603 1748 Murator.
1625 1707 1727 1747 Ant.

283 1765 377 1806 Ital.
408 1767 460 1806 T.
493 1768 547 1806 ΙΙ.
579 1768 674 1807 diss.
706 1767 871 1818 XXV„
911 1781 1013 1822 quae
1054 1768 1135 1820 agit
1172 1766 1223 1805 de
1254 1767 1426 1805 textrina
1463 1763 1586 1804 medii
1612 1764 1731 1814 aevi,

283 1822 359 1862 ubi
386 1823 518 1862 multa
545 1836 706 1877 quoque
733 1823 783 1862 de
811 1837 923 1863 more
960 1823 1106 1877 figuras
1143 1821 1322 1862 vestibus
1355 1819 1570 1859 intexendi.
1629 1818 1734 1870 Qui-

285 1877 365 1917 bus
393 1878 488 1917 addi
517 1893 679 1932 quoque
706 1886 837 1932 potest
871 1879 983 1918 locus
1022 1878 1186 1930 insignis
1221 1875 1410 1916 Monachi
1439 1873 1730 1928 Sangallensis,

286 1932 361 1982 ubi
387 1948 574 1987 proceres
612 1934 751 1973 Italiae
788 1934 840 1973 ad
869 1934 1058 1973 Carolum
1083 1934 1143 1971 M.
1173 1932 1280 1985 apud
1306 1932 1461 1970 Forum
1489 1929 1583 1968 Iulii
1611 1943 1734 1982 agen-

287 1995 373 2028 tem
401 1990 662 2039 convenisse,
709 1996 773 2039 et,
820 1991 916 2042 quia
957 1990 1121 2028 feriatus
1157 1987 1240 2026 dies
1277 1994 1404 2036 esset,
1450 1981 1736 2037 ἦλλαγμένους

288 2045 527 2098 processisse
560 2045 615 2084 ait
651 2045 729 2084 hoc
756 2045 903 2084 modo:
946 2045 1119 2092 Caeteri,
1159 2051 1287 2097 utpote
1298 2041 1467 2093 firiatz‘s
1500 2040 1657 2087 diebus,
1697 2046 1737 2077 et

290 2101 362 2154 qui
397 2101 514 2139 modo
549 2101 599 2141 de
630 2100 765 2155 Papia
794 2102 1008 2148 venissent,
1059 2099 1118 2137 ad
1153 2112 1272 2153 quam
1311 2110 1437 2151 nuper
1477 2095 1656 2134 Venetici
1682 2093 1734 2132 de

291 2156 567 2194 transmarinis
592 2156 779 2210 partibus
805 2169 936 2194 omnes
965 2154 1216 2193 orientalium
1252 2153 1416 2191 divitias
1442 2150 1731 2195 advectassent,

292 2210 538 2250 Phoenicum
563 2211 732 2266 pellibus
770 2211 906 2249 avium
951 2209 1132 2263 [videtur
1174 2216 1334 2262 tergora
1361 2207 1539 2260 plumata
1565 2203 1735 2258 phoeni-

294 2267 466 2318 copteris
494 2280 564 2305 seu
592 2266 769 2320 papagiis
798 2272 868 2304 aut
895 2267 1016 2304 etiam
1045 2264 1175 2303 corvis
1205 2264 1350 2303 Indicis
1379 2263 1556 2301 detracta
1583 2257 1734 2311 signifi-

294 2319 407 2374 care]
437 2330 475 2360 et
496 2336 699 2376 pavonum
725 2322 837 2360 collis
869 2334 956 2359 cum
992 2330 1098 2373 tergo
1134 2328 1172 2357 et
1203 2320 1327 2358 clunis
1366 2317 1428 2372 [id
1455 2323 1514 2355 est
1539 2311 1732 2366 clunibus]

295 2388 394 2413 mox
407 2375 616 2428 florescere
645 2376 743 2431 [hoc
772 2383 832 2415 est
859 2375 1023 2425 ardere,
1053 2375 1265 2427 variosque
1293 2373 1453 2414 vibrare
1480 2367 1650 2421 colores]
1680 2369 1738 2406 in-

294 2430 542 2483 cipientibus,
585 2433 712 2483 Tyria
729 2445 934 2486 purpura,
973 2432 1040 2470 vel
1072 2430 1305 2469 diacedrina
1332 2429 1428 2467 litra
1456 2425 1553 2480 [hoc
1580 2430 1639 2462 est
1669 2422 1735 2485 lu—

296 2490 384 2531 tra,
416 2486 480 2524 vcl
507 2485 610 2538 pelle
637 2487 785 2526 lutrina
801 2517 811 2534 ‚
844 2501 946 2539 quae
966 2486 1108 2525 induta
1137 2492 1236 2524 esset
1255 2497 1389 2537 panno
1409 2481 1534 2521 serico
1549 2479 1734 2517 dicitrm0

295 2552 367 2577 seu
396 2538 615 2595 galbineo]‚
630 2543 705 2580 alii
727 2543 776 2581 de
803 2542 990 2581 lodicibus
1021 2541 1202 2596 [videtur
1227 2540 1392 2593 byssum
1421 2534 1633 2574 candidam
1658 2532 1738 2572 vel-

296 2591 370 2646 l⁰]‚
387 2594 548 2647 quidam
580 2598 630 2635 cle
660 2598 822 2649 gliribus
859 2597 955 2651 [hoc
985 2604 1044 2636 est
1070 2596 1252 2634 muribus
1279 2591 1458 2633 Ponticis
1485 2589 1551 2628 vel
1578 2588 1737 2627 herme-

297 2647 411 2701 linis]
450 2651 730 2690 circumamicti
763 2653 1043 2707 procedebant.
1101 2651 1312 2689 Pavonum
1347 2647 1489 2700 pennis
1516 2643 1612 2683 olim
1640 2657 1737 2682 con-

297 2702 450 2741 fectum
478 2704 600 2743 fuisse
637 2706 821 2746 diadema
851 2708 1047 2761 pontificis
1085 2705 1256 2744 Romani
1299 2703 1355 2741 ait
1382 2700 1601 2741 Guibertus
1627 2697 1736 2752 apud

298 2757 496 2798 Murator.
527 2760 577 2798 T.
610 2760 687 2800 ΙΙΙ.
717 2762 862 2816 Script.
893 2762 986 2801 Rer.
1020 2760 1147 2800 Italic.
1167 2774 1208 2812 p.
1235 2755 1350 2808 648:
