1832 3126
296 138 403 207 1'56
598 171 671 212 10.
713 169 819 212 mc.
857 169 1052 212 nmsxn
1092 168 1472 214 comumrmn

288 274 442 326 origine
468 273 512 312 in
543 278 717 326 utroque
746 272 946 313 Glossario
975 272 1097 312 habet
1173 274 1268 313 item
1293 273 1551 314 casaubonus
1582 270 1637 314 Τ.
1667 272 1727 316 n.

251 336 261 343 ²
286 329 434 381 Script.
464 327 618 369 Histor.
653 328 762 383 Aug.
791 343 834 382 p.
865 343 959 383 770·
1019 303 1137 369 Conf'.
1174 329 1428 370 Constantin.
1465 328 1516 369 de
1552 329 1729 370 Thema-

286 383 396 423 tibus
425 396 468 436 p.
503 397 566 424 10.
624 384 672 423 Id
708 397 836 424 unum
865 385 1144 424 tantummodo
1173 391 1271 424 noto
1307 385 1357 424 de
1390 386 1568 439 ipsorum
1596 387 1730 424 nomi-

286 451 362 487 ne,
391 439 447 478 sic
479 438 607 479 dictos
632 439 753 479 fuisse
779 439 868 480 illos
897 440 1051 480 Gothos
1067 470 1079 490 ,
1108 436 1300 493 quoniam
1329 439 1380 480 de
1411 454 1558 494 magno
1586 454 1731 480 nume-

90 503 112 528 )
287 507 335 532 ro
362 495 612 547 captivorum
639 496 765 549 gentis
794 509 890 535 suae
920 497 1075 548 optati,
1105 496 1146 535 id
1174 502 1233 535 est
1259 494 1425 546 delecti,
1468 503 1509 535 et
1536 509 1611 548 pro
1633 496 1731 550 opti·

286 551 363 589 mis
397 549 549 601 habiti,
578 549 743 589 militiae
767 551 954 604 adscripti
976 558 1016 590 et
1039 550 1174 591 fundis
1194 550 1435 591 militaribus
1457 552 1500 591 in
1522 549 1729 604 Bithynia,-

286 618 391 699 qua}e
418 605 604 661 deinceps
626 606 678 646 de
699 607 794 661 ipsis
820 606 955 647 thema
987 608 1226 662 optimatum
1252 606 1451 663 appellata
1475 613 1535 646 est
1551 636 1564 660 ‚
1601 606 1730 647 dona-

286 662 318 698 ti
365 662 513 701 uerint.
1651 673 1654 679 ”

399 717 446 755 C.
467 717 546 756 ult.
567 716 658 771 [6η
681 715 767 772 19.]
806 711 876 756 τὸν
902 716 1187 770 σακελλάριον.
1243 716 1512 757 Nominantur
1539 715 1608 756 hic
1626 746 1639 767 ‚
1680 723 1730 757 ut

288 769 464 811 distincti
493 771 702 826 homines,
729 773 957 812 sacellarius
989 779 1028 812 et
1050 774 1211 813 sacellio
1238 774 1484 828 praefectus,
1512 778 1553 812 et
1576 771 1728 824 ldie-us,

287 840 359 866 seu
384 829 446 866 rei
471 829 660 883 privatae
683 829 918 884 praefectus.
975 829 1068 879 Qua
1092 842 1191 869 vero
1214 830 1258 868 in
1282 842 1328 868 re
1352 828 1529 868 distincti
1560 826 1726 877 suerint3

287 894 370 921 non
393 882 545 937 liquido
571 883 672 924 mihi
692 889 861 925 constat,
918 883 1047 924 Erant
1068 884 1176 925 enim
1200 887 1340 924 omnes
1364 882 1510 924 sacello
1525 911 1538 935 ‚
1566 881 1633 922 vel
1654 889 1731 936 po*

285 938 368 977 tius
395 939 555 978 sacculo
572 968 585 988 ‚
621 939 662 980 id
688 945 747 979 est
777 939 957 991 aerario,
991 939 1198 993 praefecti.
1254 939 1485 979 Thesaurus
1513 939 1622 977 enim
1642 944 1730 977 sac*

287 1008 353 1031 ens
386 994 677 1048 appellabatur.
736 994 779 1033 Si
797 1001 954 1048 reputo,
986 1009 1173 1048 magnam
1207 993 1330 1035 fuisse
1357 994 1634 1034 auctoritatem
1666 999 1732 1033 sa·‘

286 1047 468 1102 cellarii,
507 1058 554 1089 ut
583 1051 703 1090 etiam
731 1051 998 1103 Logothetarn
1027 1051 1248 1099 Genicum‚
1295 1063 1366 1090 seu
1398 1047 1633 1090 rationalem
1663 1062 1731 1088 ae-

287 1105 384 1144 rarii
420 1105 600 1159 publici,
647 1108 910 1157 Quaestorem
930 1134 941 1156 ‚
988 1106 1170 1158 Idicum‚
1210 1105 1310 1146 alios
1327 1104 1415 1146 ‘'sub
1445 1119 1488 1146 se
1516 1103 1730 1157 habuerit,

287 1160 371 1207 imo
389 1168 428 1199 et
447 1160 576 1200 officia
594 1168 634 1201 et
651 1162 796 1201 scrinia
813 1163 947 1201 omnia
961 1191 973 1212 ,
1004 1168 1051 1200 ut
1070 1175 1116 1201 ex
1141 1162 1269 1200 nostri
1294 1161 1440 1201 codicis
1465 1174 1506 1214 p.
1528 1158 1727 1211 4ι6.Α.ι.

285 1222 421 1269 patet3
449 1217 574 1256 miror
587 1246 604 1268 5.
628 1218 698 1271 qui
719 1217 804 1268 fiat,
833 1224 880 1256 ut
900 1217 968 1256 hic
991 1215 1067 1256 loci
1083 1223 1172 1270 post
1194 1216 1454 1256 domesticum
1475 1215 1730 1269 optimatum,

287 1270 551 1310 domesticum
574 1273 778 1311 moenium
803 1270 869 1311 vel
896 1279 1141 1321 castrorum,
1195 1271 1295 1312 viles
1323 1272 1558 1325 dignitates,
1599 1271 1732 1309 nomi·

285 1333 437 1367 netur-
481 1327 528 1366 ln
560 1328 766 1367 occidente
797 1341 958 1381 quoque
984 1327 1177 1367 sacellarii
1201 1341 1344 1380 magna
1365 1326 1571 1380 pollebant
1597 1331 1729 1366 aucto:

286 1382 432 1430 ritate,
464 1383 694 1422 iudicabant
721 1397 857 1422 causas
877 1384 1127 1436 gravissimas
1143 1413 1156 1432 ‚
1193 1383 1456 1422 mittebantur
1484 1395 1508 1420 a
1538 1382 1730 1435 Strategis

289 1436 342 1475 ad
367 1436 487 1477 urbes
507 1439 550 1478 in
566 1437 687 1479 rebus
705 1439 897 1478 momenti
923 1439 1084 1477 maximi
1125 1438 1408 1491 componendis
1446 1435 1553 1492 (vid.
1589 1436 1728 1490 Sigon.

290 1492 343 1531 de
372 1506 487 1546 regn.
518 1493 609 1533 Ital.
637 1507 729 1548 pag.
751 1494 792 1534 5.
815 1493 884 1545 44.
915 1508 958 1547 p.
981 1493 1048 1545 24.
1081 1493 1150 1545 54.
1184 1508 1224 1546 p.
1256 1494 1322 1548 39.
1354 1493 1444 1533 init.
1502 1492 1654 1531 Murat.
1674 1492 1729 1534 Τ.

288 1546 345 1586 11.
375 1549 470 1589 Rer.
501 1548 591 1588 Ital.
619 1563 662 1603 p.
691 1550 790 1604 99.),
832 1563 976 1603 rogas,
1012 1563 1083 1589 seu
1108 1549 1330 1602 stipendia,
1371 1546 1564 1588 militibus
1589 1560 1730 1600 eroga-t

286 1601 412 1655 hant,
461 1604 644 1657 adeoque
678 1619 759 1644 non
795 1611 954 1644 tantum
990 1618 1083 1644 cum
1124 1605 1280 1659 privato
1318 1603 1475 1658 peculio
1506 1602 1695 1655 principis
1713 1630 1726 1652 ‚

287 1658 358 1697 sed
388 1666 426 1698 et
456 1674 549 1703 cum
572 1661 666 1699 fisco
687 1658 847 1714 publico
874 1661 963 1713 ipsis
988 1668 1073 1700 erat
1098 1674 1176 1699 res.
1233 1660 1337 1699 Sane
1359 1660 1400 1698 in
1425 1658 1567 1698 ordine
1589 1658 1732 1696 Roma-

288 1727 343 1753 no
373 1727 417 1768 p.
448 1715 539 1770 572,
585 1716 691 1755 inter
731 1714 920 1755 officiales
956 1716 1091 1755 curiae
1133 1716 1337 1754 Romanae
1369 1714 1602 1768 praecipuos
1640 1715 1733 1766 post

288 1772 488 1809 arcarium
502 1801 513 1822 ,
544 1772 707 1810 tertium
738 1771 878 1810 ordine
895 1801 906 1822 ‚
937 1773 1007 1827 qui
1024 1780 1183 1826 praeest
1215 1771 1364 1810 tributis
1400 1767 1636 1821 (respondet
1663 1766 1732 1807 ille

291 1825 470 1875 Genico)
501 1834 729 1866 recensetur
753 1834 897 1880 quarto
925 1824 1013 1866 loco
1040 1826 1304 1875 Sacellarz‘us,
1343 1826 1413 1880 qui
1431 1823 1628 1879 stipendia
1649 1836 1732 1862 ero·
1790 1843 1799 1848 -

288 1889 361 1932 gat
387 1882 572 1922 militibus
585 1911 597 1931 ‚
637 1883 732 1922 item
769 1882 848 1921 alio
882 1881 970 1921 loco
988 1904 1008 1912 -
1024 1903 1046 1913 -
1068 1882 1292 1921 osculantur
1314 1879 1435 1934 pedes
1461 1878 1662 1934 pontificis
1694 1887 1736 1918 et

289 1938 487 1991 accipiunt
506 1952 531 1976 a
553 1937 772 1977 sacellario
802 1952 920 1976 unum
944 1937 1190 1989 byzantinwn
1204 1955 1216 1975 .·
1256 1936 1341 1976 vid.
1374 1935 1442 1974 Du
1473 1935 1607 1987 Gange
1624 1940 1732 1972 utro·

290 2004 370 2043 que
396 1990 601 2046 glossario.
658 1993 722 2033 De
747 1991 961 2031 Sacellario
998 1991 1268 2046 patriarchae,
1317 1990 1510 2044 dignitate
1546 1987 1731 2035 ecclesia⁴

288 2046 414 2097 stica,
455 2047 561 2087 idem
591 2047 775 2099 disserit,
813 2054 854 2087 et
891 2048 1049 2086 Goarus
1079 2046 1130 2086 ad
1157 2046 1301 2086 Codin.
1334 2059 1377 2098 p.
1409 2059 1472 2084 ιο.
1529 2045 1731 2083 Memora-

285 2108 357 2140 tur
382 2101 449 2142 hic
480 2103 522 2143 in
553 2104 689 2143 codice
716 2110 855 2142 nostro
882 2117 924 2156 p.
954 2115 1043 2142 101.
1074 2102 1177 2150 fine,
1220 2102 1291 2140 ubi
1322 2101 1471 2140 dicitur
1497 2099 1752 2153 Imperatori·

287 2171 428 2196 cruces
464 2166 670 2212 argenteas
703 2158 804 2198 festo
821 2170 823 2173 ’
842 2158 1066 2212 palmarum
1099 2156 1394 2196 distribuendas
1436 2154 1610 2195 afferre.'
1650 2153 1731 2193 Sed

289 2212 331 2251 id
361 2213 491 2266 ipsum
523 2214 716 2265 Sacellio‚
744 2213 814 2268 qui
841 2213 1057 2253 Sacellario
1084 2212 1248 2252 inferior
1273 2219 1358 2252 erat
1374 2243 1385 2260 ,
1424 2225 1465 2266 p.
1493 2211 1563 2251 68.
1589 2210 1644 2249 D.
1663 2211 1733 2266 tri:

287 2266 445 2308 buitur.
505 2270 553 2309 In
583 2284 630 2309 eo
658 2284 784 2324 paene
815 2270 1069 2308 consentiunt
1095 2269 1334 2322 scriptores,
1372 2265 1542 2306 Sacellio
1572 2271 1732 2304 tantum

290 2336 382 2361 eum
413 2326 569 2377 privata
599 2339 644 2365 re
674 2325 928 2378 Imperatoris
958 2325 1163 2378 negotium
1195 2323 1330 2363 fuisse.
1388 2322 1444 2361 V.
1475 2335 1580 2375 quae
1605 2320 1657 2359 ad
1686 2334 1730 2373 p.

291 2377 388 2417 266.
414 2381 461 2418 B.
489 2379 530 2431 4.
560 2380 610 2420 de
638 2380 805 2420 Sacellio
834 2380 979 2418 dicam.
1038 2380 1170 2418 ldicus
1187 2408 1198 2429 ‚
1239 2393 1310 2418 seu
1337 2377 1541 2433 specialis,
1577 2370 1600 2414 ὅ
1627 2373 1732 2414 εἰδι-

291 2427 366 2478 κὸς
392 2433 454 2472 vel
483 2433 635 2486 ἰδικὸς,
663 2437 759 2475 item
787 2432 809 2474 ὅ
842 2435 918 2474 τοῦ
935 2433 1091 2486 ἰδικοῦ,
1124 2441 1163 2472 et
1188 2429 1209 2471 ὅ
1238 2433 1314 2474 τοῦ
1338 2430 1558 2481 ainamma,
1587 2440 1734 2482 nempe

268 2486 518 2541 ’θησαυροῦ
530 2522 541 2540 ,
580 2490 802 2543 λογοθέτης
832 2497 916 2530 erat
950 2491 1007 2529 rei
1030 2493 1238 2542 privatae,
1281 2502 1393 2528 sacro
1431 2485 1589 2540 peculio
1615 2487 1732 2538 praess

293 2540 421 2581 fectus
438 2572 448 2593 ,
484 2545 533 2583 de
554 2561 635 2599 quo
657 2562 699 2586 v.
723 2546 895 2585 Guther.
919 2545 969 2584 de
986 2545 1070 2584 Off.
1091 2546 1145 2583 D.
1165 2544 1220 2583 A.
1279 2545 1399 2583 Hunc
1416 2541 1604 2603 describit
1622 2539 1733 2602 Aga-

291 2595 398 2636 thias
426 2612 467 2651 p.
491 2599 592 2653 69.:
622 2599 774 2652 ταμίας
805 2602 887 2640 τῶν
921 2599 1125 2651 βασιλέως
1154 2597 1406 2650 χρημάτων,
1455 2594 1510 2634 οὕ·
1533 2608 1620 2647 μην
1649 2606 1733 2632 των

101 2659 168 2698 ΕΔ.
182 2658 221 2697 L.
234 2659 278 2694 50
289 2648 336 2690 ἐκ
360 2651 435 2704 τῆς
463 2653 753 2709 δασμοφορΐας
777 2652 1092 2710 ἕρανιζομένων,
1126 2655 1259 2708 (aurp
1295 2651 1374 2705 γάρ
1402 2665 1459 2706 τῳ
1509 2648 1734 2700 ἐπετέτραει-

292 2719 371 2745 nto
391 2708 538 2758 ταῦτα,
557 2712 568 2759 )
606 2707 711 2749 ἀλλὰ
734 2711 839 2762 τῶν,
875 2701 955 2750 ὅσα
975 2710 1020 2750 ἐκ
1046 2709 1131 2749 τῶν
1151 2709 1376 2758 βασιλείων
1397 2704 1627 2765 θησαυρῶν
1652 2710 1735 2746 etc.

297 2761 415 2802 Conf-
447 2763 512 2805 Du
543 2765 678 2819 Cange
705 2766 835 2806 Gloss.
865 2767 937 2806 Gr.
971 2780 1013 2807 v.
1036 2760 1197 2814 Ἰᾶικόν.
