1884 3132
174 193 249 236 An
291 191 590 234 cousrmr.
633 191 831 234 ponpa.
870 192 941 231 DE
981 190 1170 235 ceam..
1206 191 1303 229 Lm.
1334 192 1384 230 ιι.
1433 169 1541 244 755

99 299 163 337 ius
188 296 348 337 initium
374 310 500 350 usque
527 294 577 335 ad
605 294 726 334 verba
758 308 798 347 p.
814 293 906 348 372.
922 293 1025 347 A.7.
1063 292 1262 342 Θεοδῶρα
1294 288 1316 345 ἦ
1342 290 1443 345 γυνή
1468 292 1545 332 τοῦ

101 349 287 404 μεγάλου
322 349 654 396 Ἰουοτινιανοῦ,
697 363 790 388 cum
819 349 962 387 Latina
1001 350 1323 402 interpretatione
1361 355 1400 386 et
1436 349 1542 387 notis

102 407 210 458 suis,
238 413 285 445 ut
308 406 504 446 haberent
529 404 676 443 eruditi
704 404 925 457 specimen,
956 417 978 442 e
1006 418 1102 456 quo,
1127 403 1225 456 qu1d
1254 404 1305 442 ab
1333 404 1420 453 ipso
1449 410 1486 441 ct
1516 418 1542 441 a

104 461 269 500 librario
286 468 407 514 atque
432 459 684 514 typographo
702 465 862 512 possent
889 465 1135 510 exspectare,
1166 459 1237 510 ipsi
1257 460 1541 496 existimarent.

106 515 228 555 Notas
258 515 343 555 illas
375 529 468 554 cum
494 514 674 567 pauculis
703 515 788 552 eius
817 527 938 551 manu
966 514 1029 551 isti
1059 512 1248 566 singulari
1278 512 1371 551 folio
1398 513 1542 551 adscri-

105 571 185 625 ptis
212 570 278 610 hic
305 570 444 610 reddo.
501 570 734 608 Versionem
764 582 859 607 vero
885 568 968 606 eius
1007 582 1087 606 non
1115 568 1290 616 retinui,
1319 568 1387 606 sed
1415 581 1545 606 meam

107 625 227 676 dedi,
267 639 347 678 quo
376 625 518 663 Latina
546 625 679 663 omnia
706 626 826 662 unius
865 621 920 660 fiti
948 630 1089 661 essent.
1148 622 1339 676 *[Similis
1370 623 1546 675 Impera-

106 687 241 720 torum
282 681 322 719 in
362 679 460 718 aede
489 678 560 717 SS.
593 677 792 731 Apostolis
831 677 960 716 dicata
989 677 1233 730 sepultorum
1273 677 1473 730 catalogus
1500 691 1547 716 ex

110 732 317 788 Anonymi
345 733 579 788 Originibus
594 733 770 774 CPtanis
798 733 926 771 editus
953 740 1011 771 est
1037 746 1061 771 a
1081 733 1147 771 Du
1163 733 1314 785 Cangio
1335 733 1543 770 Constant.

110 789 258 829 Christ.
290 790 339 828 L.
367 789 439 827 IV.
466 802 504 841 p.
539 802 625 841 ¹09·
653 795 692 827 et
719 788 874 841 plenior
909 801 999 826 cum
1029 788 1133 826 notis
1163 787 1341 826 Anselmi
1370 787 1548 825 Banduri

109 845 151 883 in
181 845 352 897 Imperio
380 843 578 882 Orientali
605 844 657 882 T.
687 843 721 882 1.
751 843 801 881 L.
832 843 901 882 Vl.
959 842 1078 880 Hunc
1103 849 1305 881 auctorem
1331 849 1422 894 post
1449 843 1550 880 Con-

111 900 360 950 stantinum,
409 899 522 937 cuius
564 899 710 937 scrinia
748 898 890 950 passim
931 897 1145 950 compilat,
1190 898 1331 935 vixisse
1358 904 1548 950 apparet,

111 953 164 993 de
187 967 267 1007 quo
292 954 371 992 dixi
399 954 440 991 in
453 951 813 1006 Prolegomenis.]*
872 952 1164 991 Intercideruut
1196 967 1240 990 ea
1253 965 1344 990 cum
1365 951 1417 990 cl.
1437 952 1553 1001 Viro,

112 1007 226 1049 nullo
255 1007 394 1048 relicto
424 1008 463 1046 in
492 1008 639 1046 chartis
667 1009 752 1046 eius
782 1006 843 1046 vel
885 1007 1066 1059 vestigio.
1127 1007 1267 1058 Neque
1308 1020 1435 1059 quum
1475 1008 1551 1045 ista

114 1063 321 1114 scriberet,
349 1077 479 1116 neque
506 1070 686 1116 tempore
715 1069 804 1115 post
835 1075 880 1100 ea
908 1061 1194 1114 Prolegomena
1210 1061 1351 1100 habuit
1378 1068 1551 1108 exarata,

113 1118 180 1159 sed
222 1119 260 1157 in
302 1119 494 1157 memoria
532 1124 571 1156 et
614 1117 848 1156 adversariis
887 1117 1106 1170 depositam
1150 1131 1289 1155 eorum
1329 1118 1553 1155 materiam.

115 1172 325 1227 Catalogos
364 1173 454 1212 illos
484 1172 712 1221 conferam,
754 1171 1051 1210 Bandurianum
1086 1170 1226 1210 litteris
1249 1171 1350 1217 AB„
1385 1172 1555 1224 Cangia-

117 1242 216 1267 num
245 1228 386 1267 litteris
413 1227 498 1266 DC.
525 1227 749 1280 compendii
772 1241 888 1265 causa
918 1227 1216 1280 designaturus,
1262 1234 1301 1264 et
1323 1226 1526 1264 annotabo
1543 1255 1555 1272 ‚

119 1296 222 1336 quae
270 1283 459 1321 momenti
501 1282 667 1321 alicuius
709 1282 880 1330 fuerint,
919 1283 1096 1320 minutiis
1135 1281 1301 1319 omissis.
1366 1281 1559 1319 Bandurii

117 1351 279 1391 quoque
299 1344 411 1375 notas
431 1337 600 1376 libenter
628 1337 831 1386 adderem,
861 1337 933 1374 nisi
954 1337 1105 1389 pigeret
1121 1335 1429 1383 transscribere3
1459 1350 1558 1387 par-

121 1392 293 1431 cendum
343 1405 505 1444 quoque
542 1391 704 1430 chartae
747 1398 819 1429 est.
884 1390 1173 1429 Concludimur
1211 1390 1346 1442 spatiis
1384 1391 1559 1441 iniquis,

121 1460 224 1501 quae
254 1453 412 1485 nostras
437 1446 609 1498 copiolas
639 1460 712 1484 nos
742 1446 835 1484 satis
863 1445 1056 1497 explicare
1089 1459 1168 1483 non
1197 1446 1332 1482 sinunt
1353 1473 1365 1493 ,
1410 1445 1559 1482 nedum

121 1509 169 1540 ut
194 1501 332 1540 alienis
358 1499 490 1539 locum
523 1501 684 1539 faciant.
742 1499 948 1538 Constabit
983 1514 1004 1538 e
1035 1499 1246 1538 collatione
1281 1500 1448 1537 istorum
1494 1513 1562 1537 ca·

121 1555 346 1609 talogorum
374 1557 480 1594 inter
512 1569 569 1605 se,
601 1562 782 1593 nostrum
811 1561 850 1592 et
881 1555 1059 1592 omnium
1090 1554 1360 1606 plenissimum
1389 1560 1428 1591 et
1454 1555 1561 1592 scitis

123 1611 275 1650 notitiis
302 1610 601 1650 refertissimum
628 1617 667 1648 et
698 1609 749 1647 ad
767 1609 949 1647 ordinem
969 1617 1192 1662 temporum
1222 1608 1564 1646 adstrictissimum

124 1680 226 1705 esse.

235 1721 288 1758 D.
345 1734 379 1758 1.
426 1718 545 1774 [642,
569 1717 632 1772 2.]
682 1717 727 1757 ἐν
768 1717 824 1772 τῷ
864 1718 952 1772 ναῷ
990 1718 1071 1757 τῶν
1110 1715 1237 1768 ἁγίων
1278 1715 1564 1756 ’Λποστόλωκ

125 1774 386 1828 *[Templum
403 1775 482 1814 hoc
499 1776 644 1813 sanctis
665 1772 866 1825 Apostolis
886 1773 1086 1811 dicaverat
1102 1773 1403 1820 Constantinus,
1429 1772 1564 1810 addito

126 1829 311 1880 decreto,
341 1837 387 1868 ut
404 1829 486 1882 ipse
508 1837 547 1868 et
578 1842 817 1867 successores
844 1829 883 1865 in
915 1842 961 1866 eo
980 1827 1257 1880 sepelirentur,
1282 1835 1379 1873 teste
1393 1827 1566 1876 Zonara,

132 1884 309 1923 Eusebio
337 1884 387 1923 de
419 1885 499 1922 vita
534 1883 787 1922 Constantini
817 1883 863 1920 L.
886 1883 959 1920 IV.
994 1897 1031 1921 c.
1065 1882 1149 1922 58..
1179 1882 1440 1934 Theophane,
1485 1881 1571 1920 aliis
1629 1906 1642 1914 ,

131 1939 261 1977 citatis
299 1937 364 1977 Du
408 1939 558 1992 Cangio
600 1940 640 1976 in
691 1937 814 1976 CPoli
860 1937 1006 1975 Christ.
1042 1938 1091 1976 L.
1135 1937 1206 1975 IV.
1262 1936 1568 1984 Muhammcdi,

135 1994 207 2046 qui
238 1993 379 2031 urbem
411 1993 648 2042 debellavit,
678 1991 797 2030 hodie
825 1991 1000 2030 dicatum
1027 1999 1085 2030 est
1108 1990 1316 2043 templum,
1346 1991 1452 2042 quod
1472 1989 1570 2028 olim

135 2048 349 2086 memoriae
376 2047 659 2100 Apostolorum
693 2047 867 2085 dicatum
895 2046 970 2085 fuit
988 2075 1000 2096 ‚
1035 2054 1074 2084 et
1103 2046 1171 2084 ubi
1206 2046 1320 2084 multi
1351 2046 1571 2098 Imperato-

137 2116 200 2141 res
228 2102 371 2154 sepulti
399 2103 539 2141 iacent.
559 2102 641 2140 Th.
672 2102 815 2142 Smith.
850 2101 976 2139 Notit.
1011 2100 1150 2139 eccles.
1184 2102 1255 2138 Gr.
1290 2115 1331 2153 p.
1353 2099 1468 2154 87.]*
1527 2101 1572 2139 In

137 2156 207 2195 illo
235 2157 401 2210 templo,
444 2157 552 2210 quod
591 2157 875 2196 Constantinus
909 2163 977 2193 aut
1007 2156 1287 2205 Constantius,
1322 2157 1406 2194 eius
1438 2155 1570 2201 filius,

139 2211 359 2250 secundum
388 2210 513 2260 alios,
561 2211 737 2249 condidit
772 2211 902 2262 (patre
930 2210 1030 2248 forte
1063 2211 1274 2262 incipiente
1305 2223 1404 2261 opus
1434 2217 1472 2248 et
1500 2224 1572 2261 pro

140 2267 311 2304 maxima
338 2273 449 2318 parte
479 2266 722 2313 conficiente,
754 2265 834 2303 filio
855 2264 1104 2315 dedicante),
1135 2264 1279 2303 celebri
1310 2272 1348 2303 et
1370 2265 1576 2316 spectabili

143 2328 428 2369 monumento,
473 2324 586 2358 aiunt
619 2327 799 2358 auctores
825 2334 949 2372 paene
978 2333 1114 2358 omnes
1146 2326 1184 2358 et
1212 2321 1341 2372 ipsum
1374 2320 1570 2357 Constan-

142 2376 273 2413 tinum
307 2375 360 2413 M.
392 2375 489 2425 (vid.
522 2375 664 2413 Codin.
695 2374 811 2413 Offie.
839 2388 878 2426 p.
907 2375 992 2415 115.
1014 2389 1053 2412 n.
1079 2375 1152 2423 ιο.)
1179 2382 1218 2412 et
1235 2381 1458 2412 secutorum
1491 2375 1580 2412 Im-

142 2436 369 2482 peratorum
418 2429 625 2482 plerosque
667 2429 861 2481 depositos
903 2427 1036 2467 fuisse.
1126 2428 1216 2466 Non
1260 2431 1393 2480 itaque
1431 2429 1547 2468 video
1565 2459 1577 2478 ,

142 2484 345 2536 quomodo
385 2497 477 2521 cum
511 2483 589 2521 illis
621 2483 823 2521 conciliem
852 2483 1175 2521 Continuatorem
1200 2483 1454 2535 Theophanis
1494 2498 1579 2522 ma-

146 2537 285 2576 nifeste
323 2538 400 2576 illis
439 2539 796 2583 contradicentem,
842 2538 986 2589 Script.
1027 2552 1064 2590 p.
1100 2537 1180 2575 Th.
1214 2552 1253 2590 p.
1290 2552 1376 2576 120.
1409 2538 1477 2588 C.,
1509 2538 1579 2577 ubi

144 2592 204 2629 sic
228 2594 307 2630 ait:
341 2592 566 2644 παρεδίδου
593 2587 664 2629 τᾶν
691 2589 887 2643 Ἰγνιὶτιον
908 2589 930 2629 ὁ
952 2587 1127 2641 Βάρδας
1143 2592 1327 2645 φρουρᾷ,
1355 2589 1428 2630 καί
1445 2606 1579 2644 φρου-

151 2644 206 2697 ρᾷ
236 2645 385 2697 α’πηνεῐ
407 2660 450 2685 τε
478 2646 553 2684 καί
591 2646 767 2700 χαλεπῇ.
809 2643 832 2697 ἢ
875 2646 919 2685 δὲ
948 2640 998 2696 ἦν
1032 2646 1076 2684 ἐν
1101 2646 1157 2698 τῷ
1192 2645 1272 2685 τῶν
1299 2644 1422 2698 ἱερῶν
1459 2645 1583 2687 ’.Απο-

147 2696 310 2760 (ζτόλων
336 2702 490 2749 τεμένει
511 2731 521 2747 ,
562 2700 638 2738 οὐκ
679 2700 725 2739 ἐν
760 2701 814 2754 τεῇ
847 2698 898 2751 δὴ
927 2698 1090 2754 μεγάλῳ
1119 2712 1164 2738 τε
1191 2700 1264 2739 καί
1290 2702 1449 2754 σεμνῷ,
1491 2700 1579 2741 ἀλλ’

152 2752 255 2791 suaa
293 2750 331 2791 οὶ
364 2750 488 2807 τάφοι
521 2752 593 2795 καί
635 2752 822 2806 λέγονται
859 2754 934 2792 καί
977 2755 1079 2793 εἰσιν
1096 2785 1106 2802 ,
1173 2755 1342 2795 traditur
1377 2771 1403 2794 a
1439 2757 1579 2796 Barda
