1884 3132
281 122 355 164 An
394 122 731 166 Arrmmcm
767 124 866 164 Lm.
907 126 940 165 1.
981 125 1052 164 DE
1088 123 1344 166 cmmoN.
1427 103 1536 160 533

112 226 295 266 creuerit.
349 226 503 266 Passim
531 226 708 266 locorum
736 233 1008 266 monstiantur
1034 226 1191 265 indusia
1218 226 1268 265 de
1307 233 1394 265 toto
1430 232 1536 265 texta

113 287 153 320 et
176 282 285 320 omni
314 288 451 320 sutura
477 281 690 331 destituta,
718 296 820 334 quae
850 295 925 334 pro
962 281 1187 319 inconsutili
1223 281 1357 320 tunica
1384 281 1538 319 domini

111 335 383 374 venditantur.
439 337 526 389 Ipse
546 350 617 390 ego
634 350 804 389 quoque
832 336 872 374 in
899 335 996 374 aede
1025 336 1074 374 R
1095 337 1154 373 Μ.
1176 336 1228 374 V.
1258 336 1365 388 apud
1392 335 1533 374 Ultra-

110 389 254 428 iectum
283 389 334 428 ad
361 390 545 429 Rhenum
572 390 692 429 talem
717 390 801 429 vidi
829 398 867 429 et
894 391 1075 428 tractavi.
1132 390 1186 429 Et
1213 391 1436 429 i'nconsutzle
1462 405 1535 444 ap-

108 443 232 496 pellat
258 444 446 484 Matthias
473 460 498 484 a
525 445 726 483 Michovia
753 444 852 484 illud
882 444 986 483 feltri
1013 459 1162 497 genus,
1202 459 1283 497 quo
1311 445 1407 483 olim
1435 445 1533 498 Scy-

107 497 715 548 thae,h0dieTata1-i‚vectiles
740 500 922 538 curribus
950 499 1147 538 aediculas
1175 513 1265 538 suas
1284 506 1436 552 tegunt.
1458 500 1536 538 Est

101 554 272 606 pallium
297 554 429 592 album
458 555 619 608 spissum
647 555 871 593 inconsun'le
900 554 1022 607 [quod
1050 568 1146 592 acus
1164 553 1274 592 nulla
1294 554 1529 606 perfmaxit,

106 607 262 646 nullum
290 608 402 646 filum
428 606 623 661 continet]
637 623 716 662 pro
749 609 932 646 i'mbrzbus
953 617 989 646 et
992 607 1138 663 flzcvn's
1172 609 1265 646 hene
1284 610 1391 647 ul1'.le
1422 609 1529 647 Pau-

105 661 168 700 lus
197 662 329 701 lovius
358 663 398 700 in
426 662 561 702 libello
589 663 640 701 de
666 662 862 716 legatione
889 654 1228 701 Moschovitarum
1254 663 1414 702 eosdem
1439 678 1528 702 cen-

103 725 212 755 tones
235 717 382 756 nobiles
395 718 505 756 nulla
512 717 686 771 filorum
715 726 873 756 textzwa
890 747 903 766 ,
950 717 1021 756 sed
1049 719 1189 756 coactis
1220 732 1275 756 ex
1305 718 1406 756 lanis
1431 732 1528 757 ccm-

100 770 217 810 didos
250 771 435 824 appellat.
491 772 534 811 Si
571 772 883 825 scaramangium
921 771 1019 810 illud
1047 778 1133 819 est,
1163 772 1270 824 quod
1300 772 1380 810 dixi
1407 786 1448 824 p.
1481 773 1522 811 5.

103 830 248 878 (neque
274 826 416 865 dubito
446 826 575 879 esse),
606 802 798 864 refutari⁰
815 841 860 865 ex
898 834 1033 866 nostro
1059 827 1146 866 loco
1156 834 1305 892 potest
1332 828 1525 866 sententia

100 878 296 920 salmasii.
356 881 431 920 Hic
458 883 564 920 enim
589 881 815 920 referuntur
842 883 945 920 inter
972 888 1098 920 vestes
1140 879 1200 933 ἄρ’
1202 877 1364 934 ῥάφους
1391 895 1525 920 scara-

102 937 262 988 mangia
274 966 288 985 ‚
327 950 430 988 quae
458 943 590 975 tamen
620 950 666 974 ex
695 949 784 974 mea
825 938 1018 974 sententia
1045 938 1087 975 in
1115 943 1273 998 pectore
1301 934 1423 974 fibula
1451 937 1523 974 ad-

101 989 412 1052 stringebantur.
465 990 681 1030 Salmasius
724 992 806 1043 ipse
849 1005 1010 1044 quoque
1044 987 1095 1029 τὰ
1129 985 1300 1040 κολόβια
1341 989 1392 1029 ad
1423 987 1523 1036 τούς

100 1040 302 1094 σχιστοὺς
320 1044 450 1111 refert
476 1052 516 1084 et
544 1045 595 1084 ad
623 1045 807 1083 fibulatas
834 1053 978 1085 v.estes
1007 1042 1152 1084 Noster
1180 1051 1314 1083 autem
1342 1047 1522 1084 nominat

98 1095 145 1136 ἐν
178 1101 263 1145 τοῖς
306 1094 528 1152 ἆῤῥάφοις.
586 1100 772 1140 Vicissim
808 1101 911 1139 inter
936 1096 987 1139 τά
1017 1097 1257 1151 ἑόῥαμμένα
1293 1099 1521 1139 referuntur

103 1152 297 1203 quaedam
314 1182 327 1203 ,
357 1168 461 1206 quae
487 1154 617 1193 fibulis
643 1168 743 1207 opus
768 1169 847 1194 non
867 1154 1103 1218 habebant,
1132 1161 1189 1192 at·
1200 1154 1350 1207 absque
1375 1169 1451 1194 acu
1481 1162 1520 1194 et

96 1205 165 1245 filo
191 1215 369 1247 constare
398 1223 480 1247 non
507 1216 715 1262 poterant
753 1217 799 1248 ut
828 1205 879 1248 τὰ
910 1207 1086 1259 τουβιῖι,
1123 1204 1174 1247 τὰ
1204 1205 1514 1262 σφι-γκτούρια,

94 1257 147 1299 τὰ
177 1259 578 1328 υποκαμισοβράκια.
633 1264 686 1302 Et
716 1278 840 1315 quale
867 1264 1029 1302 tandem
1059 1265 1234 1309 tunicas,
1272 1272 1392 1302 vestes
1429 1279 1517 1302 sar-

95 1315 211 1362 cites,
268 1313 436 1366 ἀπτὰς,
472 1325 739 1357 memorarent
776 1326 952 1367 veteres,
991 1319 1024 1357 si
1062 1321 1179 1356 etiam
1214 1331 1292 1356 non
1330 1319 1487 1356 sarciles
1502 1348 1514 1367 ,

98 1366 338 1431 ἆρ’ῥαφιους
363 1385 445 1410 11011
471 1371 716 1411 habuissent.
772 1374 840 1411 Du
869 1373 1001 1424 Gange
1027 1372 1156 1414 Gloss.
1178 1372 1269 1410 Lat.
1299 1385 1339 1409 v.
1366 1372 1518 1410 Sar-mle

95 1423 203 1462 inter
229 1424 305 1463 alia
331 1425 418 1464 loca
444 1427 540 1465 citat
566 1427 700 1465 hunc.
733 1442 811 1482 pro
831 1429 902 1466 isto
922 1427 1102 1480 beneficzo
1126 1426 1212 1464 vult
1225 1455 1237 1475 ,
1259 1426 1367 1479 qaod
1391 1427 1440 1465 Ρ.
1458 1428 1512 1465 F.

94 1477 163 1517 det
186 1477 330 1518 duobus
348 1482 584 1534 pauperibus
606 1483 754 1520 tmu'cas
773 1482 933 1535 singulis
956 1483 1071 1519 annis
1100 1481 1157 1518 ad
1173 1481 1305 1518 natale
1331 1481 1510 1527 dommi,

94 1541 134 1570 et
162 1541 321 1589 unaque
338 1544 466 1573 tumea
495 1545 546 1574 stt
565 1536 616 1574 de
651 1537 797 1575 duabus
836 1536 938 1575 ιιίηι3
965 1536 1015 1574 de
1046 1535 1198 1600 Sarzzlg
1236 1549 1336 1588 quae
1356 1545 1516 1574 currunt

93 1587 138 1625 in
153 1588 259 1638 soro
278 1588 610 1629 Monnkbmsonis.
665 1591 846 1644 Cogitavi
873 1590 1087 1643 aliquando
1114 1584 1291 1641 αρ’ᾇαφα
1320 1603 1403 1628 8338
1430 1604 1510 1628 non

95 1643 316 1681 maniacata
353 1658 422 1682 seu
454 1659 536 1683 non
566 1653 804 1712 segmentata
820 1675 831 1695 ‚
860 1652 1060 1697 praetexta
1088 1643 1152 1682 vel
1181 1658 1252 1682 ora
1285 1645 1408 1682 serica
1447 1644 1513 1683 vel

91 1697 328 1765 paragaude
342 1699 545 1749 destitut33
574 1698 819 1751 ἐρ’ὃαιιμένα
834 1698 1219 1738 contra11umSane
1240 1694 1387 1750 ῥάμμα
1408 1698 1513 1737 idem

91 1757 151 1789 ωε
164 1764 210 1789 ac
226 1749 515 1806 περιβραμμα,
533 1754 691 1801 limbus,
721 1762 935 1807 praetexta,
967 1753 1119 1803 clavus,
1149 1752 1372 1806 periclysis;
1402 1754 1507 1791 conf.

91 1804 256 1844 Salmas.
300 1806 330 1845 l.
359 1822 395 1846 c.
434 1823 476 1860 p.
511 1808 604 1862 57²·
634 1817 673 1847 et
699 1808 794 1863 57'4·
815 1824 827 1859 3
867 1816 906 1847 et
932 1819 1051 1847 vestes
1084 1816 1260 1846 consutae
1291 1807 1340 1845 de
1373 1808 1509 1861 aliqua

90 1872 134 1896 re
187 1859 337 1900 Latinis
374 1865 489 1901 novis
524 1863 711 1902 dicuntur
730 1843 847 1911 illae,
892 1864 1037 1916 quibus
1075 1869 1302 1915 segmenta
1294 1861 1372 1900 vel
1416 1876 1509 1901 orae

89 1918 160 1950 aut
189 1927 311 1953 ornae
335 1916 496 1956 adsutae
517 1925 623 1957 sunt.
693 1918 846 1957 Concil.
890 1919 1099 1971 Andegav.
1132 1918 1226 1955 anni
1262 1916 1403 1955 1365..
1436 1931 1506 1955 nec

88 1968 235 2006 cloccas
256 1971 441 2010 serz'catas
463 1974 546 2011 sive
569 1983 741 2012 consutas
776 1974 825 2012 de
853 1975 975 2011 serico
1010 1974 1167 2011 aleerms
1191 1972 1351 2017 coloris,
1390 1986 1513 2025 quam

70 2022 207 2072 fierit
231 2024 383 2071 clocca,
426 2026 616 2088 defiet-ant.
673 2028 767 2067 Pari
794 2028 913 2066 modo
945 2028 1086 2066 Noster
1114 2026 1235 2064 infia
1260 2040 1301 2077 p.
1333 2025 1424 2064 280.
1456 2026 1503 2064 B.

85 2084 279 2115 memorat
303 2074 449 2128 ἱμάτια
478 2074 722 2133 ἐᾷραμμένα
747 2079 853 2131 μετὰ
881 2083 998 2134 τριβλ
1002 2080 1161 2121 αττίωι.
1218 2081 1371 2118 Verum
1387 2082 1419 2118 si
1450 2082 1507 2118 sic

84 2138 332 2195 &aquare
358 2134 569 2173 addidisset
600 2143 737 2175 auctor
747 2137 894 2175 Noster
919 2136 970 2174 ad
991 2131 1238 2188 ὲρᾷαμμέια
1259 2148 1397 2172 vocem
1419 2147 1501 2183 μα-

83 2181 262 2223 νιακάτα
290 2193 329 2223 et
361 2186 622 2240 α’μφιεσμένα
650 2186 731 2228 απὸ
762 2190 1038 2240 ὁιβλαττάονῖ
1092 2190 1149 2227 Et
1175 2188 1370 2241 quaedam
1399 2189 1504 2226 inter

75 2233 135 2277 τὰ
154 2235 395 2291 ἐρ’ῥαμμένα
410 2242 493 2280 8ἱι13
510 2250 603 2281 sunt
616 2252 791 2292 naturae,
809 2252 854 2283 ut
869 2260 916 2297 pl
917 2251 1107 2282 aetextam
1127 2245 1190 2280 vix
1202 2244 1420 2295 patiantur,
1434 2255 1504 2279 ve-

82 2289 145 2330 lut
160 2292 310 2331 tibialia
316 2293 764 2362 ,11γρξ183111130111-ε18813.
788 2299 914 2337 Immo
925 2298 1039 2337 claris
1057 2297 1188 2335 verbis
1204 2298 1391 2347 Nosterp
1396 2295 1503 2335 ‚280-

82 2343 130 2383 B.
151 2346 194 2386 8.
217 2347 377 2411 8104.
403 2346 484 2386 α’νά
501 2347 786 2398 ἱματίουένὸς
812 2350 1078 2405 ἐρ’ῥαμμένου
1106 2351 1220 2389 λιτοῦ
1247 2310 1391 2388 babetp
1424 2349 1502 2386 At-

82 2401 152 2451 qui
180 2402 213 2439 si
229 2396 490 2464 ἐρραμμένον
516 2409 891 2467 ωῒρναειεκιαιιαη,
920 2419 1004 2441 non
1030 2405 1283 2443 consistentia
1326 2403 1506 2454 loquitur

82 2456 250 2493 auctor
237 2469 404 2508 iungens
421 2450 682 2508 ἐρ’ραμμένα,
694 2466 968 2522 praetextata,
971 2465 1011 2518 et
1026 2452 1131 2504 λιτὰ,
1148 2470 1267 2509 pura,
1287 2470 1363 2494 non
1377 2470 1501 2510 prae-

83 2515 244 2548 textata.
298 2511 509 2549 Caeterum
534 2524 558 2548 a
584 2524 685 2548 voce
703 2512 853 2549 Glaeca
875 2507 990 2561 (impr)
1014 2517 1111 2562 puto
1141 2510 1352 2551 formatum
1380 2510 1503 2550 fuisse

85 2560 273 2601 Latinum
294 2565 413 2603 medii
441 2565 530 2603 aevi
556 2565 995 2627 rafi1r1enta.Vid.Du
1022 2564 1154 2616 Gange
1182 2564 1309 2604 Gloss.
1337 2566 1427 2604 Lat.
1454 2564 1506 2603 h..

84 2626 128 2651 v·
143 2643 155 2661 ,
194 2617 263 2655 ubi
304 2633 327 2658 8
353 2619 504 2658 Glossis
531 2626 614 2657 vet.
641 2620 761 2658 citat:
792 2619 1018 2674 rqfi'menta,
1050 2619 1349 2673 interr-amenta,
1374 2619 1416 2659 id
1443 2626 1504 2659 aet

87 2666 263 2723 ἐντάφια
300 2670 468 2726 (faura,
496 2672 642 2713 lodices
668 2680 707 2713 et
733 2681 859 2713 vestes
887 2671 1137 2727 sepulcrales.
