1884 3132
297 142 406 199 228
568 160 642 201 10.
685 158 793 201 mc.
832 160 1029 201 musxn
1069 158 1452 204 commum

298 262 569 303 Grammatica
608 261 761 315 flagitat
800 259 874 301 καὶ
914 257 1013 308 τούς
1049 260 1124 300 τοῦ
1153 260 1463 313 κουβουκλείου.
1507 261 1597 309 Sed
1622 276 1744 318 supra

298 319 378 358 iam
406 317 621 357 habuimus
652 317 831 370 exempla
860 318 994 356 omissi
1023 316 1198 356 articuli.
1256 316 1354 355 Vid.
1384 331 1426 370 p.
1453 316 1524 357 61.
1554 317 1602 357 C.
1640 333 1703 359 10.

315 422 317 424 ¹
409 371 477 424 84.
496 371 599 410 Β.8.
622 371 738 426 [142,
768 370 852 426 ¹9·]
882 369 1004 419 ὖξέος.
1061 373 1121 411 Μ.
1154 368 1289 420 ὄξέου.
1347 371 1597 413 Formarunt
1623 373 1747 427 igitur

298 425 435 477 ὄξέος,
465 428 528 477 εἀ,
558 424 648 477 εὀν,
677 427 768 478 έου,
799 426 854 481 έῳ
883 434 959 466 etc.
997 426 1160 478 Ταβλιά
1190 423 1271 465 a'nd
1303 421 1447 477 ὄξέου,
1477 428 1633 467 tabulae
1661 431 1752 468 νει-ἰ

297 483 480 532 heminis,
514 482 558 521 id
586 489 644 522 est
666 496 884 538 purpurea.
943 481 1053 521 Solet
1081 483 1187 521 enim
1206 478 1307 530 ὅξὺς
1327 481 1565 536 plerumque
1584 484 1635 523 de
1653 497 1751 536 pur-

297 552 425 592 pureo
469 537 603 577 colore
641 538 718 576 dici
732 567 743 584 ,
779 539 964 590 quamvis
995 545 1034 576 et
1061 537 1112 576 de
1140 535 1227 576 aliis
1255 537 1458 577 coloribus
1484 536 1748 587 adhibeatur,

299 600 347 633 ut
375 593 483 633 clare
511 599 621 646 patet
649 606 671 632 e
702 593 836 632 Nostri
873 608 913 646 p.
931 593 1025 656 520.
1058 593 1106 631 C.
1145 607 1197 643 1.‚
1225 592 1297 631 uhi
1323 590 1421 640 ὀξέα
1446 589 1614 644 χροακὰ
1652 608 1751 642 0011-

299 650 538 703 iunguntur,
568 657 684 687 acuta
705 648 816 687 varii
842 649 999 687 color-ts,
1063 643 1119 687 Τὸ
1141 643 1214 696 6ξύ
1238 655 1278 687 et
1296 661 1519 701 purpuram
1543 649 1650 688 idem
1668 663 1753 690 esse

298 712 408 759 patet
435 718 458 742 e
488 704 651 743 Contin.
681 703 921 757 Theophan.
943 717 983 756 p.
1001 716 1069 758 91.
1093 702 1141 742 C.
1159 718 1194 742 1.
1253 702 1393 742 Solent
1416 710 1552 742 tamen
1581 703 1650 744 alii
1677 718 1751 744 au-

299 768 429 800 ctores
457 756 660 811 πορφύρα
687 756 798 806 ὀξεῖα
826 759 960 797 dicere
979 788 991 808 ‚
1014 772 1197 813 purpura
1225 767 1367 807 αειιια,
1405 758 1578 809 ardens,
1606 759 1753 799 feriens

300 815 455 855 oculos.
513 815 647 853 Dictio
676 813 775 853 haec
805 814 934 867 proba
961 821 1001 852 et
1038 815 1205 866 antiqua
1232 820 1306 853 est.
1362 813 1503 853 Exstat
1535 814 1616 853 iam
1642 814 1753 868 apud

299 869 614 923 Aristophanem
640 871 683 908 in
705 870 837 916 Pace,
871 875 910 908 et
926 869 1035 922 apud
1050 868 1258 908 Plutarch.
1288 870 1332 908 in
1358 870 1453 909 vitis
1480 883 1520 922 p.
1546 868 1664 924 1598.
1686 869 1748 921 14.

300 933 362 965 est
388 923 413 978 ἦ
443 920 683 976 κατακόρως
722 921 890 977 ἐρυθρὰ
930 922 1003 963 καί
1039 921 1157 972 ὀξεῖα
1197 917 1414 977 πορφύρα.
1467 925 1603 964 Latini
1629 923 1753 964 talem

297 994 519 1036 purpuram
536 980 797 1018 clarissimam
820 987 860 1018 et
880 981 970 1018 veri
984 980 1143 1019 luminis
1163 979 1376 1032 appellant.
1408 978 1504 1019 Vid.
1536 979 1624 1019 Scr.
1642 980 1752 1020 Hist.

299 1037 409 1090 Aug.
440 1036 493 1074 T.
524 1036 556 1073 I.
588 1049 630 1087 p.
651 1034 746 1089 87⁰·
805 1035 874 1073 Du
902 1035 1035 1088 Cange
1063 1035 1114 1074 ad
1142 1034 1329 1074 Alexiad.
1367 1048 1408 1087 p.
1446 1032 1542 1089 275.
1575 1029 1755 1086 ὄξύβλα-

297 1105 371 1131 τον
400 1093 521 1131 vertit
548 1091 693 1129 intense
715 1104 957 1145 purpurewn
971 1120 983 1139 ,
1016 1097 1056 1128 et
1075 1091 1279 1129 diversum
1298 1090 1397 1128 facit
1423 1103 1447 1128 a
1474 1089 1654 1130 violaceo
1681 1104 1752 1130 co-

299 1146 411 1196 lore,
444 1160 565 1200 quem
602 1144 844 1199 hyantinum
879 1145 935 1184 ait
970 1160 1068 1184 esse.
1129 1146 1178 1184 In
1207 1145 1411 1184 Glossario
1447 1159 1591 1200 graeco
1615 1152 1755 1189 tamen

300 1198 399 1250 ὀξύς
435 1201 567 1240 reddit
604 1215 676 1254 per
714 1201 925 1239 violaceum
986 1201 1040 1239 Et
1077 1214 1150 1254 ego
1175 1215 1270 1239 sane
1303 1199 1449 1250 fateor,
1479 1214 1597 1254 saepe
1621 1200 1753 1240 videri

298 1271 523 1310 purpuram
541 1271 632 1295 cum
652 1255 832 1294 violaceo
849 1255 1021 1294 eundem
1039 1271 1122 1295 esse
1150 1255 1324 1294 colorem
1344 1269 1355 1305 3
1386 1255 1590 1294 interdum
1615 1263 1753 1301 tamen

299 1311 407 1351 clare
434 1319 544 1365 patet
571 1325 653 1350 esse
682 1311 858 1350 colorem
887 1310 1056 1350 rubrum
1084 1311 1377 1350 subobscurum
1404 1318 1445 1348 et
1471 1312 1749 1364 nigricantem.

297 1367 441 1422 Neque
471 1367 565 1406 satis
592 1366 770 1405 decernit
798 1365 903 1405 hanc
931 1381 1017 1406 rem
1034 1366 1316 1406 Artemidorus
1342 1380 1383 1419 p.
1402 1365 1473 1405 66.
1501 1366 1565 1406 16.
1596 1366 1751 1406 dicens:

299 1418 389 1473 ἔχει
417 1418 461 1461 τὸ
494 1422 743 1474 πορφυροῦν
767 1417 923 1474 χρῶμά
969 1436 1062 1462 τινα
1094 1417 1363 1472 συμπάθειαν
1391 1417 1495 1472 πρὸς
1522 1417 1589 1460 τὸν
1616 1418 1754 1460 θοίνα-
1797 1450 1802 1454 -

298 1490 386 1516 τον.
442 1477 625 1516 Dubium
654 1477 763 1515 enim
793 1475 995 1529 reliquum
1025 1484 1106 1525 est,
1155 1476 1420 1515 intenderitne
1447 1475 1676 1515 caeruleum
1703 1475 1754 1515 li-

300 1533 440 1572 vidum
481 1539 735 1571 mortuorum
775 1531 950 1571 colorem
969 1562 980 1581 ‚
1022 1547 1074 1571 311
1109 1533 1310 1585 sanguinis
1348 1532 1525 1571 concreti
1557 1538 1597 1571 et
1633 1531 1752 1577 aridi.

298 1586 499 1627 Videatur
527 1596 664 1627 tamen
692 1589 824 1641 potius
850 1589 959 1653 prius
989 1588 1028 1626 in
1058 1595 1191 1626 mente
1214 1587 1418 1626 habuisse.
1737 1621 1741 1626 .

410 1644 456 1683 B.
487 1658 546 1682 10.
569 1642 688 1698 [ι42,
703 1658 747 1681 21
761 1643 794 1697 .]
815 1659 866 1682 τα
883 1639 1167 1695 παραγάβδια.
1195 1642 1274 1682 Vel
1296 1638 1580 1694 παραγάυδια.
1609 1640 1754 1688 Graeci

301 1700 408 1738 enim
437 1699 532 1739 novi
564 1701 592 1749 β
621 1706 660 1738 et
692 1713 717 1736 v
747 1707 793 1738 ut
820 1698 841 1737 f
863 1700 1148 1752 pronunciant.
1206 1697 1467 1750 Paragaudae
1503 1703 1598 1736 sunt
1623 1703 1755 1739 vestes

300 1756 449 1793 sericae
475 1768 574 1793 auro
604 1754 836 1793 inter-textae
865 1768 984 1807 opere
1012 1754 1184 1808 phrygio
1212 1753 1277 1792 vel
1305 1753 1575 1791 barban-icario
1589 1766 1603 1802 ·,
1648 1765 1752 1804 qua-

300 1822 394 1847 rum
422 1825 516 1849 orae
545 1817 585 1849 et
615 1809 795 1848 manicae
824 1809 1029 1849 revolutae
1046 1810 1123 1861 (die
1151 1809 1510 1861 Azficlzliige)sunt
1537 1806 1588 1846 de
1615 1819 1753 1860 panno

301 1878 425 1904 aureo
453 1872 522 1904 aut
553 1865 684 1904 aurcis
713 1864 788 1904 filis
824 1866 1053 1904 intertexto.
1112 1864 1208 1903 Vid.
1238 1865 1304 1902 Du
1331 1865 1466 1915 Gange
1494 1860 1625 1902 Gloss.
1657 1862 1750 1900 Lat.

300 1919 344 1958 h.
374 1935 415 1959 v.
450 1919 622 1959 Guther.
656 1919 739 1959 Off.
771 1920 826 1959 D.
855 1920 907 1961 A.
938 1935 980 1973 p.
1004 1933 1098 1973 720.
1128 1919 1295 1958 Salmas.
1325 1918 1378 1957 T.
1408 1918 1465 1956 ll.
1495 1917 1602 1956 Hist.
1639 1916 1749 1970 Aug.

298 1988 392 2029 pag.
426 1977 521 2015 232.
553 1982 592 2014 et
620 1974 714 2027 406.
750 1989 808 2024 3.,
838 1976 934 2015 item
961 1974 1055 2014 562.

410 2031 459 2070 B.
486 2044 549 2070 12.
577 2029 802 2085 [142‚22.]
833 2025 1208 2084 πρωτοσπαθάριοι
1234 2025 1445 2079 εὖνοῦχοι.
1497 2028 1558 2066 Μ.
1586 2037 1754 2081 nonno-n

303 2083 538 2137 σπαθάριοι
569 2083 607 2126 οἱ
635 2083 856 2136 εὕνοῦχοι,
877 2093 923 2124 ut
949 2100 991 2138 p.
1020 2084 1090 2124 83.
1121 2084 1168 2122 C.
1201 2082 1242 2134 4.

412 2141 466 2179 D.
485 2139 655 2194 5.[143‚
682 2139 767 2194 10.]
799 2134 1040 2191 ἀπέρχεται.
1095 2140 1155 2178 Μ.
1189 2138 1457 2192 ἀπέρχονται.

414 2195 524 2235 1).6.
546 2195 662 2250 [145,
689 2194 774 2248 13.]
804 2195 983 2245 βασιλεῖ’.
1038 2195 1100 2233 Μ.
1128 2193 1186 2247 τῷ
1212 2195 1389 2246 βασιλεῖ.

388 2249 527 2291 85.Α.
551 2265 612 2289 10.
634 2248 751 2305 [144.,
770 2249 835 2304 4.]
877 2246 1084 2301 στιχάριν.
1138 2249 1202 2288 810
1231 2257 1290 2289 est
1317 2251 1359 2288 in
1388 2248 1538 2288 codice.
1594 2246 1753 2287 Stichu-

304 2306 427 2351 rium,
460 2307 694 2345 strictorium
715 2336 725 2353 ‚
771 2313 831 2345 est
858 2306 993 2344 tunica
1021 2319 1165 2358 corpus
1193 2313 1301 2345 arcte
1329 2304 1593 2357 adstringens.
1622 2343 1626 2346 ,
1650 2301 1749 2342 Vid-

305 2360 372 2398 Du
399 2361 532 2414 Cange
570 2369 662 2405 utro
691 2375 741 2400 ue
780 2361 998 2400 Glossario.
1054 2361 1156 2400 Erat
1183 2375 1278 2414 ergo
1316 2359 1495 2413 magistri
1521 2356 1753 2412 symbolum

307 2415 540 2455 sticharium
569 2424 607 2455 et
626 2417 678 2456 ba
695 2417 826 2456 theus.
884 2415 980 2455 Vid.
1001 2415 1052 2454 ad
1070 2430 1115 2469 p.
1133 2414 1228 2455 256.
1249 2416 1296 2454 C.
1316 2416 1356 2454 3.
1382 2433 1388 2437 ·
1432 2463 1434 2465 ,

418 2470 462 2508 B.
501 2470 540 2510 5.
577 2469 694 2525 [ι44,
740 2470 825 2526 11.]
868 2466 914 2510 τὸ
946 2467 1065 2509 ἔνδον
1102 2465 1408 2522 κονσιστώριον.
1464 2468 1558 2508 Non
1585 2467 1663 2508 hoc
1691 2474 1753 2508 est

307 2525 512 2563 seczmdzmz
542 2528 672 2566 velum
687 2556 697 2574 ‚
734 2534 803 2566 aut
831 2527 996 2565 interius
1023 2525 1311 2565 Consistorium
1329 2555 1340 2572 ‚
1370 2525 1420 2564 de
1446 2535 1527 2577 quo
1555 2529 1752 2564 memorat

310 2577 560 2619 Alemannus
601 2582 651 2620 ad
690 2582 863 2635 Procop.
899 2581 1096 2621 Anecdot.
1135 2595 1224 2634 pag.
1275 2581 1362 2619 103.
1395 2580 1489 2618 fine.
1547 2577 1596 2616 Id
1621 2578 1754 2630 ipsum

309 2633 416 2670 enim
446 2634 759 2686 Consistorium‚
799 2639 840 2675 in
881 2649 962 2690 quo
993 2637 1186 2690 Magistro
1227 2635 1399 2688 dignitas
1438 2632 1719 2672 conferebatur
1737 2661 1753 2684 ‚

309 2695 398 2726 erat
427 2688 610 2728 interius.
640 2692 719 2730 Sed
747 2706 851 2745 pone
880 2692 982 2730 illud
1009 2699 1095 2731 erat
1122 2689 1374 2736 cubiculum,
1403 2687 1470 2727 vel
1497 2687 1631 2740 potius
1658 2701 1754 2729 ora-
1817 2719 1822 2724 -

307 2742 480 2796 toi-ium,
519 2743 563 2784 S.
605 2745 821 2786 Theodoro
860 2759 1018 2786 sacrum
1040 2775 1053 2800 ,
1084 2745 1127 2793 in*
1152 2758 1233 2799 quo
1270 2757 1408 2783 recens
1436 2742 1634 2785 honorati,
1658 2738 1753 2782 suae
