1884 3132
264 144 340 186 An
379 144 724 187 APPENDICEM
766 147 864 186 Lm.
907 146 940 184 1.
973 147 1045 186 nr,
1089 145 1349 187 OERIMON.
1453 126 1556 182 561

110 247 219 304 apud
254 249 428 302 eundem
460 248 555 288 Abu
579 249 770 288 Oseibam
825 248 960 298 locus,
989 251 1059 302 qui
1097 251 1223 302 magis
1275 250 1471 302 stringere
1525 255 1567 288 et

111 306 243 358 aptius
271 305 330 343 rei
369 306 569 357 praesenti
615 318 835 355 congruere
871 304 1048 343 videtur.
1119 304 1249 343 Paulo
1295 312 1389 357 post
1421 318 1566 358 nempe

110 359 216 399 infra
244 362 495 412 superiorem
523 358 870 398 deAbulFadhlo
900 358 1007 408 filio,
1028 358 1160 398 Abdel
1189 359 1337 398 Carimi
1357 389 1369 409 ,
1405 359 1458 397 Al
1476 361 1566 397 Mo-

112 413 292 453 handeso
319 427 390 453 seu
418 415 634 453 Geometra
660 413 766 452 dicto
786 443 796 463 ,
826 414 1076 452 Damasceno
1094 444 1105 463 ,
1145 416 1215 467 qui
1246 415 1380 453 medio
1408 414 1569 453 saeculo

112 470 233 508 an.
262 469 304 507 in
333 468 452 522 Syria
481 476 520 507 et
548 469 736 522 Aegypto
766 469 888 518 vixit,
918 470 1021 507 iuter
1050 469 1126 507 alia
1153 470 1252 508 haec
1281 477 1418 507 narrat
1435 499 1445 517 ,
1474 484 1568 508 cuin

114 522 303 563 subtilem
349 531 390 562 et
428 523 611 562 dextrum
660 524 780 562 fuisse
818 523 1145 562 mathematicum
1186 531 1224 563 et
1261 524 1565 572 mechanicum,

115 579 232 618 initio
258 577 421 632 quidem
464 578 750 617 dexterrimum
795 578 954 616 fabrum
983 578 1198 632 lignarium
1217 608 1227 627 ‚
1260 579 1403 618 deinde
1431 580 1482 617 ad
1509 580 1568 618 al-

116 635 220 672 tiora
258 633 485 673 litterarum
532 647 692 686 quoque
718 633 1002 672 humaniorum
1032 641 1070 672 et
1089 634 1312 686 theologiae
1339 648 1450 673 sacra
1474 648 1571 687 pro-

116 699 289 738 cessisse.
345 694 525 758 W
559 689 722 757 Cal-5125
746 690 890 755 k5..le
926 691 1153 733 nutet-..dl
1293 692 1303 731 l
1339 685 1459 756 ύὰᾶἱ
1481 699 1569 749 39,

119 754 286 808 Rufini>
320 754 494 812 Ψὰίῢ,
532 757 694 817 Le-‘il-cljo
726 757 821 820 ὁδὶ-Ω
841 755 878 797 &5
900 757 1048 820 (ji-fi>
1086 767 1147 803 laic
1182 774 1239 804 esc
1271 765 1368 812 ille,
1408 767 1479 820 qui
1507 781 1573 804 re-

112 820 279 874 paravit
309 819 528 874 [servandis
557 821 599 858 in
627 820 733 858 bono
764 827 871 858 statu
901 828 941 859 et
970 820 1218 874 reparandis,
1246 823 1278 859 si
1311 820 1412 859 forte
1442 820 1572 859 labem

120 873 423 924 contraherent,
456 874 678 928 invigilavit
695 874 729 928 ,]
769 876 973 928 horologia
1029 876 1170 930 templi
1216 877 1380 914 maioris
1415 875 1574 915 Dama-

121 930 228 968 soem*
238 958 250 976 ,
288 943 451 984 quorum
481 931 529 968 ob
563 932 835 984 inspectionem
869 939 906 969 ct
924 932 1187 970 visitationem
1207 945 1228 968 e
1258 930 1355 982 fisco
1380 931 1574 970 salarium

102 983 247 1039 finan
275 985 507 1040 accipiebat.
567 986 698 1023 Maius
737 985 833 1038 quid
865 993 903 1024 et
935 986 1139 1025 diversum
1168 1000 1191 1024 a
1221 978 1403 1024 sciaterio
1431 985 1575 1039 procul

124 1038 249 1078 dubio
276 1038 342 1078 hic
369 1039 612 1092 designatur.
673 1040 772 1079 Nam
801 1041 922 1079 semel
951 1041 1026 1079 fixo
1054 1043 1096 1080 in
1131 1041 1342 1080 commodo
1369 1041 1457 1080 loco
1475 1055 1576 1094 gno-

125 1107 246 1133 mone
272 1093 416 1143 solari,
446 1109 524 1133 non
554 1094 725 1148 amplius
753 1110 853 1148 opus
882 1110 973 1134 eum
994 1097 1219 1142 custodire,
1250 1110 1321 1149 per
1348 1103 1578 1149 temporum

124 1147 334 1188 intervalla
361 1150 520 1188 visitare
547 1158 586 1189 et
616 1165 802 1203 reparare
823 1152 1048 1190 ruinosum.
1105 1152 1259 1190 Verum
1288 1152 1488 1190 continuis
1515 1153 1580 1191 vi-

127 1203 232 1256 giliis
258 1218 358 1257 opus
384 1204 533 1243 habere
562 1205 768 1258 horologia
798 1214 936 1245 nostra
964 1207 1115 1245 maiora
1135 1208 1338 1260 campanis
1366 1208 1575 1254 instructa,

126 1273 246 1298 nemo
273 1266 332 1298 est
360 1260 430 1312 qui
457 1261 627 1312 ignoret.
703 1261 839 1314 Neque
866 1261 916 1300 de
951 1260 1176 1316 σημάντρῳ
1205 1261 1338 1314 ligneo
1369 1262 1580 1301 commode

128 1313 207 1352 dici
234 1321 363 1366 potest
377 1317 595 1367 reparatio,
626 1316 688 1355 cui
712 1330 793 1354 non
812 1316 1136 1354 mathematicum
1162 1316 1367 1355 hominem
1387 1330 1488 1369 opus
1503 1325 1578 1367 est,

133 1368 206 1407 sed
235 1375 392 1406 tantum
433 1369 639 1423 vulgarem
682 1371 845 1409 fabrum
886 1370 1078 1409 adhibere
1107 1370 1284 1421 sufficit;
1318 1374 1503 1424 quamvis
1531 1371 1583 1410 de

131 1422 205 1462 tali
233 1422 364 1477 ligneo
387 1423 500 1476 signo
529 1427 690 1474 rectius,
722 1439 842 1478 quam
874 1425 923 1463 de
953 1427 1159 1475 sciaterio,
1190 1426 1348 1464 dicatur
1375 1426 1417 1464 id
1444 1426 1582 1465 obser-

133 1477 235 1517 vari.
293 1479 398 1516 Nam
426 1478 527 1517 illud
554 1481 707 1532 saepius
737 1494 809 1532 per
836 1480 942 1518 diem
970 1480 1119 1533 pulsari
1149 1480 1345 1527 debebat,
1376 1487 1416 1519 et
1444 1488 1584 1519 narrat

133 1532 387 1572 Brochardus
415 1536 456 1571 in
485 1534 670 1588 descript.
700 1542 829 1573 terrae
859 1542 1039 1582 sanctae,
1079 1535 1336 1574 Nestorianos
1364 1535 1413 1573 ad
1445 1547 1584 1574 omnes

134 1587 254 1626 horas
282 1589 440 1641 signum
468 1589 596 1628 facere
626 1589 763 1629 tabula
792 1588 938 1643 lignea,
970 1589 1125 1628 defectu
1154 1603 1439 1643 campanarum
1456 1621 1468 1641 ,
1496 1591 1582 1629 vid.

135 1656 178 1696 p.
210 1641 305 1682 535.
338 1643 432 1681 edit.
461 1645 651 1698 Grynaei.
707 1644 809 1683 Mihi
837 1645 999 1698 quidem
1036 1645 1130 1683 satis
1155 1652 1238 1684 esto
1266 1659 1351 1683 rem
1380 1647 1423 1683 in
1452 1646 1585 1684 medio

136 1711 286 1750 ponere
313 1697 495 1737 ulteriori
523 1701 693 1738 examini
720 1699 945 1738 doctorum.
1009 1699 1176 1738 Praeter
1205 1699 1303 1739 alios
1319 1699 1485 1750 multos,
1515 1702 1587 1753 qui

139 1753 191 1791 de
217 1759 397 1791 veterum
435 1753 651 1808 horologiis
695 1755 977 1808 disputarunt,
1018 1769 1117 1807 quos
1163 1756 1514 1794 Zimmermannus
1545 1756 1587 1794 in

61 1818 70 1824 '
139 1806 356 1860 Florilegio
393 1807 641 1863 Philologico
671 1824 708 1848 v.
778 1810 1064 1862 Horologium,
1110 1816 1149 1848 et
1175 1810 1402 1849 Fabricius?
1433 1811 1474 1848 in
1519 1812 1590 1848 Bi·-

139 1861 388 1914 bliographia
408 1863 647 1917 Antiquaria
666 1873 886 1910 recensent,
906 1871 1185 1918 argumentum
1214 1865 1291 1904 hoc
1318 1866 1591 1904 recentissima

142 1918 335 1955 memoria
380 1920 596 1971 attigerunt
636 1921 720 1958 Dn.
764 1920 813 1958 de
853 1921 1015 1958 Burette
1048 1920 1148 1958 dans
1189 1919 1243 1958 les
1280 1921 1494 1958 Memoires
1539 1919 1590 1958 de

143 1970 388 2010 l'Academie
414 1973 564 2027 Royale
591 1974 660 2013 des
691 1976 948 2027 Inscriptions
976 1982 1015 2012 et
1043 1975 1092 2013 de
1114 1973 1238 2013 belles
1266 1973 1422 2024 lettres,
1453 1981 1491 2012 et
1520 1974 1588 2013 Cl.

145 2027 393 2065 Muratorius
434 2028 482 2066 T.
504 2029 556 2067 ΙΙ.
588 2030 754 2082 Ηυῐίεμι.
799 2029 889 2068 Ital.
920 2044 961 2082 p.
981 2029 1077 2083 389.
1103 2058 1114 2078 ‚
1148 2029 1218 2067 ubi
1266 2031 1371 2068 inter
1399 2029 1477 2067 alia
1512 2029 1589 2067 mi-

143 2087 278 2126 ratur,
310 2095 435 2133 quare
462 2083 502 2120 in
530 2087 653 2122 veteri
682 2085 834 2132 charta,
865 2099 985 2137 quam
1013 2084 1213 2137 producit,
1243 2091 1487 2122 memoretur
1516 2098 1590 2123 no-

145 2145 323 2174 cturnum
354 2137 611 2189 horologium.
669 2139 755 2177 Non
783 2140 1028 2192 recogitabat
1067 2139 1216 2177 scilicet
1243 2139 1297 2177 V.
1332 2140 1404 2186 D.‚
1436 2146 1591 2177 veteres

147 2204 222 2243 per
249 2190 354 2228 diem
393 2191 444 2228 ad
470 2191 615 2231 solaria
652 2193 857 2246 horologia
894 2195 1128 2247 respexisse,
1168 2194 1217 2232 de
1256 2201 1373 2231 nocte
1405 2193 1455 2231 ad
1510 2191 1593 2232 cle-

149 2245 317 2298 psydras
334 2275 345 2292 ,
377 2252 446 2283 aut
472 2248 592 2285 etiam
621 2249 671 2286 ad
699 2248 962 2300 campanalia,
987 2249 1018 2286 si
1050 2262 1152 2301 quae
1180 2248 1283 2286 forte
1310 2248 1500 2286 habuere.
1538 2247 1595 2286 Et

151 2313 199 2339 eo
229 2314 393 2352 prorsus
430 2301 549 2340 modo
578 2303 700 2355 accipi
742 2303 861 2342 debet
905 2304 1164 2341 Aristoxenus
1202 2302 1306 2355 apud
1336 2302 1593 2341 Athenaeum

151 2370 196 2408 p.
221 2353 310 2408 ¹74·
331 2355 378 2392 C.
394 2369 562 2395 narrans
583 2357 793 2395 Platonem
805 2358 881 2396 sibi
910 2358 1044 2396 fecisse
1085 2353 1323 2407 νυκτερινὸν
1352 2353 1589 2408 ὡρολόγιον.

155 2410 272 2459 Quae
301 2410 462 2461 quidem
492 2412 532 2449 in
556 2418 693 2450 nostro
722 2411 809 2450 loco
837 2419 1111 2450 memorantur
1137 2411 1345 2463 horologia
1374 2425 1500 2449 unum
1527 2426 1595 2450 ar—

156 2471 344 2516 genteum
361 2495 373 2514 ‚
404 2464 573 2504 alterum
617 2480 783 2505 aeneum
801 2497 812 2513 ‚
842 2467 1032 2506 videntur
1059 2466 1159 2504 mihi
1186 2466 1347 2519 quidem
1391 2474 1477 2504 arte
1509 2479 1594 2505 me·-

156 2518 322 2556 chanica
364 2521 462 2558 rotis
489 2528 529 2559 et
572 2521 813 2573 ponderibus
841 2529 928 2559 acta
969 2522 1085 2560 filisse
1123 2528 1168 2559 ut
1203 2527 1338 2559 nostra
1359 2549 1370 2570 ,
1399 2521 1497 2559 illud
1522 2535 1595 2560 au—

158 2578 261 2619 tem,
288 2574 396 2625 quod
424 2575 603 2614 tabulam
635 2576 827 2614 horarum
855 2576 1026 2614 indicem
1054 2582 1281 2628 argenteam
1309 2575 1501 2626 haberet,
1532 2590 1595 2614 ar-

161 2634 372 2678 genteum,
403 2631 512 2681 quod
541 2645 637 2669 vero
665 2631 843 2669 tabulam
871 2645 1034 2669 aeneam
1059 2630 1226 2669 haberet
1243 2660 1254 2679 ,
1285 2642 1451 2669 aeneum
1471 2646 1495 2669 a
1511 2631 1596 2670 No·—

162 2687 245 2719 stro
269 2681 362 2720 dici.
398 2684 516 2723 Conf.
548 2686 615 2724 Du
638 2686 773 2738 Cange
807 2700 848 2724 v.
894 2686 1180 2737 Horologium,
1219 2685 1289 2723 ubi
1330 2699 1455 2738 quum
1494 2688 1598 2725 inter

164 2734 242 2774 alia
278 2738 455 2788 posuerit
474 2739 578 2778 hanc
605 2754 744 2779 vocem
775 2740 927 2794 absque
962 2742 1286 2794 interpretatione
1301 2770 1311 2788 ,
1344 2749 1390 2780 ut
1421 2741 1520 2781 solet
1539 2741 1609 2780 fa·'

213 2811 478 2848 Constantinus
502 2815 678 2862 Porphyr.
709 2817 787 2852 Vol.
813 2817 860 2851 ll.
1289 2818 1337 2852 36
