1884 3132
174 187 251 230 An
291 185 588 229 corisum.
640 183 837 225 ponpa.
871 183 942 222 DE
987 180 1167 222 cmm.
1206 178 1303 218 Lm.
1345 178 1379 217 1.
1419 155 1523 213 331

99 290 364 344 subintelligi3
393 292 472 329 tria
490 289 759 343 exemplaria,
784 293 864 325 tres
887 286 1036 339 copias,
1066 291 1111 322 ut
1130 281 1367 336 loquuntur,
1395 279 1530 319 bullae

97 348 270 400 petimus
303 359 471 394 aureae,
510 358 588 397 qua
634 342 888 381 factionarius
925 346 1209 392 nuncupatur,
1246 350 1367 376 unam
1400 335 1527 385 forte,

98 415 202 455 quae
221 403 261 440 in
282 401 489 439 archivum
515 400 667 452 regium
695 398 932 446 inferretur,
962 396 1147 441 alteram,
1178 407 1281 446 quae
1305 393 1347 430 in
1365 391 1530 430 archivo

97 457 280 495 factionis
303 455 580 507 deponeretur,
611 455 785 501 tertiam,
810 466 931 503 quam
963 450 1219 488 factionarius
1244 450 1326 500 ipse
1348 447 1423 486 sibi
1449 460 1532 484 ser-

99 518 227 550 varet.
281 509 398 548 Couf.
440 525 481 563 p.
507 508 601 547 255.
623 508 677 546 D.
700 507 768 556 8.‚
800 505 870 544 ubi
907 502 982 544 δύο
1010 503 1190 556 χαρτία,
1231 503 1308 541 duo
1350 501 1534 556 exempla

101 566 278 605 eiusdem
299 563 494 604 formulae
511 593 522 611 ‚
549 569 834 603 memorantur.

208 620 254 659 C.
279 618 449 674 7.[528,
471 616 558 671 αἱ]
588 618 735 655 σῶσον.
795 615 892 654 Post
916 614 959 652 h.
979 627 1022 651 v.
1053 613 1119 652 hic
1144 620 1183 652 et
1199 612 1319 666 paulo
1343 619 1432 666 post
1455 626 1531 665 po-

97 675 276 714 nendum
291 681 498 728 punctum.
554 672 728 711 Domine
760 686 873 709 set-va
884 685 899 718 ,·
948 668 1207 722 (flagitamus)
1237 682 1372 706 munus
1403 668 1449 705 V
1443 683 1533 706 ene-

97 739 245 779 torum,
276 729 546 769 conchiarium
581 728 747 766 Venetis
775 727 860 764 dari
889 724 1066 763 solitum.
1125 724 1242 762 Notat
1277 724 1383 762 enim
1419 721 1535 762 α’ντί-

99 786 123 823 λ
154 794 227 834 ψις
246 785 361 823 novis
386 784 547 822 Graecis
569 782 675 820 idem
702 789 821 835 atque
846 779 992 831 δῶρον,
1021 786 1059 818 et
1089 781 1253 831 proprie
1280 778 1441 831 quidem
1459 777 1533 816 α’ν-

98 839 298 892 τιδωρον,
329 834 353 876 ὃ
377 835 474 876 ἀντὶ
497 831 626 876 ἄλλον
656 832 795 888 δώρου
825 831 1204 884 ἀντιλαμβάνουσιν
1233 830 1268 871 οἱ
1300 828 1537 883 λαμβάνον-

97 906 177 940 τες.
231 893 347 934 Conf.
362 894 507 946 script.
530 899 616 945 post
635 891 871 945 Theophan.
895 905 938 944 p.
972 889 1067 928 268.
1094 890 1141 927 B.
1172 896 1211 927 et
1231 888 1363 927 Nostri
1383 887 1534 941 p.218.

99 947 154 988 A.
170 948 340 1003 penult„
368 948 606 1000 Theophan.
627 961 667 1000 p.
691 946 785 998 422.
806 946 853 984 C.
884 960 917 984 1.

167 1028 169 1031 -
206 1003 252 1042 C.
273 1003 428 1057 penult.
451 1003 569 1057 [329‚
592 1001 651 1056 4.]
698 998 829 1053 ἅρμα.
885 1000 1008 1052 Quod
1047 999 1112 1038 hic
1142 993 1260 1050 ἅρμα
1303 997 1369 1038 vel
1406 1001 1537 1053 potius

99 1050 242 1110 ἅρμα,
270 1059 314 1098 id
345 1057 470 1112 paulo
507 1065 595 1111 post
623 1059 675 1096 D.
702 1071 792 1110 pen.
833 1055 980 1101 σκεῦος
1007 1055 1243 1108 appellatur.
1297 1054 1372 1094 Est
1402 1063 1536 1094 autem

98 1127 188 1152 mea
221 1113 383 1167 quidem
406 1115 625 1156 sententia,
658 1111 768 1151 locus
787 1111 851 1150 vel
872 1110 1122 1160 aedificium,
1154 1109 1225 1148 ubi
1256 1123 1336 1147 non
1377 1116 1536 1149 tantum

98 1182 210 1207 anna
242 1169 480 1223 agitatorum
503 1168 761 1214 circensium,
786 1174 832 1205 ut
853 1165 1044 1212 cassides,
1071 1165 1157 1204 lora
1175 1195 1187 1214 ‚
1221 1165 1394 1204 senticae
1410 1195 1422 1215 ,
1465 1167 1536 1204 sti-

98 1222 199 1262 muli
221 1231 298 1263 etc.
329 1223 540 1274 iacebant,
562 1222 631 1262 sed
662 1225 782 1262 etiam
811 1222 881 1260 ubi
914 1235 998 1260 sese
1021 1223 1063 1259 in
1093 1220 1321 1274 pyrrhichis
1358 1222 1440 1259 suis
1468 1235 1534 1259 ex-

100 1277 312 1328 ercebant3
340 1278 449 1332 quod
481 1279 664 1331 deinceps
686 1292 725 1331 p.
742 1276 830 1331 194.
851 1276 899 1315 C.
920 1291 1014 1330 pen.
1035 1283 1074 1315 et
1093 1291 1136 1329 p.
1160 1289 1250 1314 200.
1270 1276 1323 1313 D.
1341 1290 1435 1328 pen.
1458 1273 1538 1327 a‘9-

96 1331 328 1385 ματοόριον
351 1341 391 1372 et
414 1335 455 1372 in
483 1333 615 1372 medio
643 1335 748 1372 circo
784 1334 903 1371 situm
944 1332 1106 1370 dicitur.
1165 1331 1389 1369 Ascendwzt
1414 1332 1536 1383 igitur

99 1389 143 1426 in
159 1387 287 1427 Arma
317 1403 387 1428 seu
413 1388 547 1427 locum
567 1418 578 1436 ,
609 1387 680 1426 ubi
709 1402 819 1426 arma
844 1389 974 1425 iacent
991 1395 1030 1425 et
1056 1386 1281 1425 induuntur
1297 1415 1307 1432 ,
1342 1393 1382 1423 et
1405 1400 1536 1424 arma-

99 1449 215 1482 turae
242 1457 311 1482 seu
340 1442 604 1497 pyrrhichae,
646 1438 697 1480 τὰ
726 1440 911 1491 σάξιμα,
951 1441 1068 1480 fiunt.
1125 1442 1266 1494 quue
1301 1441 1421 1479 modo
1458 1454 1535 1494 pu-

99 1504 182 1536 tem
208 1498 401 1536 Nostrum
426 1512 464 1550 p.
490 1511 577 1551 192.
594 1498 639 1535 Β.
664 1511 758 1549 pen.
781 1496 1125 1562 interpretandum
1152 1509 1248 1534 esse.

209 1552 257 1591 C.
278 1551 433 1605 penult.
453 1551 569 1606 [5²9⁹
592 1550 652 1604 4.]
692 1547 840 1590 σάσσει
882 1563 974 1603 ητοι
1009 1544 1193 1601 χορεύει.
1248 1550 1355 1588 Bene
1386 1548 1535 1588 factum

99 1608 143 1646 in
170 1620 241 1656 en,
273 1607 382 1660 quod
405 1608 679 1659 interpretatio
703 1607 794 1645 voci
818 1606 1009 1644 obscurae
1034 1605 1211 1643 additur.
1265 1604 1431 1657 Saepius
1454 1605 1531 1643 hoc

100 1663 270 1702 recurrit
292 1664 334 1701 in
368 1662 518 1711 codice,
553 1657 722 1701 σάσσειν
748 1675 822 1714 pro
842 1661 988 1700 saltare
1018 1668 1058 1699 et
1085 1655 1260 1710 σάξιμον
1287 1668 1365 1712 pro·
1390 1653 1532 1709 σάξει,

99 1717 319 1756 saltatione.
377 1717 419 1756 Si
438 1724 544 1756 recte
563 1715 686 1754 habet
710 1716 893 1755 Salmasii
909 1716 1148 1769 etymologia
1171 1715 1354 1761 danaen,
1373 1714 1534 1762 dancer,

100 1786 126 1811 a
148 1773 291 1811 Latino
319 1773 483 1811 densat-e
509 1771 724 1810 derivantis
763 1771 928 1824 (Script.
957 1772 1062 1810 Hist.
1091 1770 1196 1823 Aug.
1230 1770 1279 1812 Τ.
1304 1770 1359 1807 ΙΙ.
1389 1783 1430 1821 p.
1457 1772 1538 1820 12.)

99 1841 148 1866 eo
165 1855 178 1876 ‚
197 1827 306 1880 quod
331 1829 433 1866 ictus
472 1828 619 1880 pedum
653 1827 693 1864 in
725 1825 933 1865 saltatione
969 1826 1209 1874 densentur,
1243 1825 1372 1863 crebri
1408 1825 1506 1863 fiant
1521 1855 1531 1872 ,

99 1896 222 1934 quam
241 1881 518 1936 etymologiam
534 1881 782 1935 probabilem
798 1881 971 1920 reddunt
981 1880 1145 1920 Glossae
1169 1879 1511 1927 Graeco5Latinae
1523 1894 1536 1917 ε

101 1935 303 1983 ὀξυπόδια
318 1965 331 1988 ,
369 1938 597 1992 acupedizmz
612 1967 622 1985 ‚
662 1937 862 1976 adensatio
875 1967 886 1985 ‚
920 1936 981 1988 (id
1001 1944 1059 1976 est
1076 1935 1305 1974 addematio
1320 1933 1356 1990 ,)
1389 1932 1537 1980 ὅξυπο-

100 1990 163 2030 δῶ
174 2021 187 2042 ,
224 1992 366 2030 adenso
386 2022 398 2041 ‚
441 1993 559 2031 denso
578 2022 590 2042 ,
625 1992 863 2047 acupedius-
877 2006 1010 2031 cursor
1028 2023 1038 2039 ‚
1069 1991 1181 2044 quasi
1215 1991 1343 2029 acutis
1371 1990 1538 2042 pedibus

101 2052 293 2086 currens:
323 2061 405 2086 non
428 2047 699 2101 improbabilis
726 2048 903 2086 nascitur
932 2049 1182 2094 coniectura,
1210 2045 1371 2084 Graecis
1396 2045 1536 2083 eodem

102 2116 148 2141 ex
185 2101 294 2140 fonte
328 2115 508 2142 manasse
541 2098 712 2142 σάσσειν
745 2116 820 2155 pro
850 2103 1021 2150 saltare,·
1065 2096 1258 2149 σάσσειν,
1300 2114 1442 2152 nempe
1484 2096 1536 2138 τὰ

99 2153 322 2211 κρούματα
348 2157 431 2196 τῶν
457 2156 596 2196 ποδῶν
609 2186 620 2206 ,
649 2157 826 2210 offer-cire
839 2188 849 2204 ‚
888 2159 1040 2196 crebros
1063 2157 1208 2207 facere
1234 2156 1328 2193 ictus
1360 2155 1505 2208 pedmn
1517 2168 1533 2202 ,-

99 2209 168 2250 vel
201 2213 320 2250 etiam
361 2207 544 2251 ἀπὸτοῦ
571 2210 767 2259 σοίσσειν,
814 2212 854 2251 id
884 2220 942 2251 est
981 2211 1257 2263 γονυκλινεῖν,
1297 2210 1391 2262 quia
1429 2211 1535 2248 iuter

102 2265 328 2305 saltandum
359 2267 512 2319 saepius
547 2280 675 2318 genua
713 2265 953 2315 flectuntur,
996 2273 1035 2305 et
1067 2267 1109 2303 in
1137 2263 1262 2303 latera
1298 2278 1442 2317 corpus
1471 2267 1535 2314 in-

100 2320 284 2360 clinatur.
313 2321 493 2359 Verbum
511 2319 680 2360 σάσσειν
698 2335 772 2374 pro
799 2322 1069 2377 genuflectere
1094 2320 1250 2372 reperio
1276 2320 1318 2357 in
1342 2319 1533 2358 Alexiade

101 2390 142 2430 p.
159 2376 256 2415 511.
276 2375 353 2415 C.:
399 2375 476 2414 τοῦ
503 2373 686 2421 πλείονος
713 2378 869 2428 μέρους
895 2376 969 2415 τοῦ
995 2371 1156 2426 πύργου
1185 2372 1536 2426 ποδοκοπηθέντος

102 2426 288 2469 κάτωθϊν
319 2430 473 2482 συνέβη
501 2427 626 2479 σάξαι
651 2426 722 2469 τὸν
749 2426 906 2483 πύργον
944 2427 1001 2477 ὥς
1039 2429 1110 2468 ἐπὶ
1153 2424 1253 2479 γόνυ
1283 2427 1417 2467 δοκεῖν
1444 2428 1536 2469 ἐπι-

103 2485 311 2536 κλιθῆναι.
368 2485 501 2523 Habet
521 2485 598 2524 hoc
625 2499 743 2524 sensu
766 2493 805 2524 et
836 2486 969 2538 quoad
993 2483 1322 2537 significationem
1347 2497 1533 2538 magnam

101 2539 417 2579 convenientiam
447 2554 538 2578 cum
571 2539 727 2592 Belgico
760 2540 911 2578 sar-ken.
971 2539 1110 2578 Potest
1134 2545 1269 2577 tamen
1296 2538 1339 2577 in
1368 2538 1530 2578 Alexia-

103 2593 164 2632 dis
184 2607 344 2646 quoque
374 2594 463 2633 loco
491 2591 662 2634 σάσσειν
688 2609 762 2647 pro
789 2590 993 2633 ἅλλεσθαι
1031 2594 1182 2646 accipi,
1220 2593 1379 2648 qualem
1407 2595 1533 2649 signi-

103 2640 263 2686 Beatum
288 2650 443 2702 reperio
475 2651 595 2688 etiam
627 2649 668 2688 in
708 2651 925 2701 composito
961 2649 1142 2688 derivato
1176 2645 1418 2700 ἀνασεισμὸς
1425 2681 1439 2701 ,
1467 2664 1529 2688 re-

101 2701 285 2755 spis-atio,
311 2705 424 2756 quasi
445 2705 647 2744 subsultus
671 2704 886 2757 pulmonis.
1303 2717 1312 2726 ·

209 2756 261 2794 D.
279 2766 409 2811 antep.
433 2758 550 2813 [529,
576 2758 661 2813 11.]
691 2759 766 2799 τοῦ
794 2756 1004 2812 δευτέρου.
1059 2759 1119 2798 Μ.
1140 2755 1191 2798 τὰ
1217 2759 1292 2798 τοῦ
1319 2757 1530 2813 δευτέρου.
