<?xml version="1.0" encoding="UTF-8"?>
<!DOCTYPE html PUBLIC "-//W3C//DTD XHTML 1.0 Transitional//EN"
    "http://www.w3.org/TR/xhtml1/DTD/xhtml1-transitional.dtd">
<html xmlns="http://www.w3.org/1999/xhtml" xml:lang="en" lang="en">
 <head>
  <title>
</title>
<meta http-equiv="Content-Type" content="text/html;charset=utf-8" />
  <meta name='ocr-system' content='tesseract 3.04.00' />
  <meta name='ocr-capabilities' content='ocr_page ocr_carea ocr_par ocr_line ocrx_word'/>
</head>
<body>
  <div class='ocr_page' id='page_1' title='image "./corpusscriptorum08niebuoft/corpusscriptorum08niebuoft_0934.png"; bbox 0 0 1884 3132; ppageno 0'>
   <div class='ocr_carea' id='block_1_1' title="bbox 344 193 458 266">
    <p class='ocr_par' dir='ltr' id='par_1_1' title="bbox 344 193 458 266">
     <span class='ocr_line' id='line_1_1' title="bbox 344 193 458 266; baseline -0.07 0"><span class='ocrx_word' id='word_1_1' title='bbox 344 193 458 266; x_wconf 71' lang='lat'><strong>9²4</strong></span> 
     </span>
    </p>
   </div>
   <div class='ocr_carea' id='block_1_2' title="bbox 336 312 1038 2842">
    <p class='ocr_par' dir='ltr' id='par_1_2' title="bbox 345 312 1005 360">
     <span class='ocr_line' id='line_1_2' title="bbox 345 312 1005 360; baseline -0.006 -11"><span class='ocrx_word' id='word_1_2' title='bbox 345 312 516 360; x_wconf 72' lang='grc' dir='ltr'>νόμισμα</span> <span class='ocrx_word' id='word_1_3' title='bbox 539 317 674 357; x_wconf 80' lang='lat' dir='ltr'><strong>quanto</strong></span> <span class='ocrx_word' id='word_1_4' title='bbox 702 312 819 357; x_wconf 80' lang='lat' dir='ltr'><strong>pretio</strong></span> <span class='ocrx_word' id='word_1_5' title='bbox 844 313 923 355; x_wconf 69' lang='lat'><strong>496,</strong></span> <span class='ocrx_word' id='word_1_6' title='bbox 952 315 1005 350; x_wconf 84' lang='grc'><strong>18.</strong></span> 
     </span>
    </p>

    <p class='ocr_par' dir='ltr' id='par_1_3' title="bbox 345 360 1031 455">
     <span class='ocr_line' id='line_1_3' title="bbox 345 360 1031 406; baseline 0 -12"><span class='ocrx_word' id='word_1_7' title='bbox 345 360 511 406; x_wconf 77' lang='grc' dir='ltr'><em>νούμερα</em></span> <span class='ocrx_word' id='word_1_8' title='bbox 544 371 663 392; x_wconf 74' lang='lat' dir='ltr'><strong>carcer</strong></span> <span class='ocrx_word' id='word_1_9' title='bbox 695 361 763 400; x_wconf 80' lang='lat'><strong>36,</strong></span> <span class='ocrx_word' id='word_1_10' title='bbox 801 363 855 396; x_wconf 84' lang='lat'>15.</span> <span class='ocrx_word' id='word_1_11' title='bbox 925 362 1031 395; x_wconf 82' lang='lat' dir='ltr'><strong>etiam</strong></span> 
     </span>
     <span class='ocr_line' id='line_1_4' title="bbox 393 403 929 455; baseline -0.002 -15"><span class='ocrx_word' id='word_1_12' title='bbox 393 407 530 440; x_wconf 83' lang='lat' dir='ltr'><strong>numeri</strong></span> <span class='ocrx_word' id='word_1_13' title='bbox 552 406 665 439; x_wconf 80' lang='lat' dir='ltr'><strong>dictus</strong></span> <span class='ocrx_word' id='word_1_14' title='bbox 693 412 729 440; x_wconf 82' lang='lat' dir='ltr'><strong>et</strong></span> <span class='ocrx_word' id='word_1_15' title='bbox 757 403 929 455; x_wconf 73' lang='grc' dir='ltr'><strong>τῖριθ-μος.</strong></span> 
     </span>
    </p>

    <p class='ocr_par' dir='ltr' id='par_1_4' title="bbox 347 453 1028 546">
     <span class='ocr_line' id='line_1_5' title="bbox 347 453 1028 500; baseline -0.007 -10"><span class='ocrx_word' id='word_1_16' title='bbox 347 453 594 500; x_wconf 76' lang='grc' dir='ltr'><em>ιὀυμεράριοι</em></span> <span class='ocrx_word' id='word_1_17' title='bbox 627 456 820 488; x_wconf 82' lang='lat' dir='ltr'><strong>numerarii</strong></span> <span class='ocrx_word' id='word_1_18' title='bbox 857 458 944 496; x_wconf 76' lang='lat'><strong>272,</strong></span> <span class='ocrx_word' id='word_1_19' title='bbox 970 457 1028 492; x_wconf 83' lang='lat'><strong>37.</strong></span> 
     </span>
     <span class='ocr_line' id='line_1_6' title="bbox 394 502 573 546; baseline -0.022 -9"><span class='ocrx_word' id='word_1_20' title='bbox 394 502 463 537; x_wconf 76' lang='lat'><strong>822</strong></span> <span class='ocrx_word' id='word_1_21' title='bbox 490 513 573 546; x_wconf 82' lang='lat' dir='ltr'>pen.</span> 
     </span>
    </p>

    <p class='ocr_par' dir='ltr' id='par_1_5' title="bbox 344 547 1030 640">
     <span class='ocr_line' id='line_1_7' title="bbox 344 547 1030 593; baseline 0 -11"><span class='ocrx_word' id='word_1_22' title='bbox 344 548 593 582; x_wconf 88' lang='lat' dir='ltr'><strong>Nominativus</strong></span> <span class='ocrx_word' id='word_1_23' title='bbox 618 547 803 581; x_wconf 79' lang='lat' dir='ltr'><strong>absolutus</strong></span> <span class='ocrx_word' id='word_1_24' title='bbox 830 559 894 593; x_wconf 82' lang='lat' dir='ltr'><strong>pro</strong></span> <span class='ocrx_word' id='word_1_25' title='bbox 916 547 1030 582; x_wconf 83' lang='lat' dir='ltr'><strong>Geni-</strong></span> 
     </span>
     <span class='ocr_line' id='line_1_8' title="bbox 391 595 888 640; baseline -0.004 -12"><span class='ocrx_word' id='word_1_26' title='bbox 391 596 464 628; x_wconf 91' lang='lat' dir='ltr'><strong>tivo</strong></span> <span class='ocrx_word' id='word_1_27' title='bbox 489 595 768 640; x_wconf 82' lang='lat' dir='ltr'>consequentiae</span> <span class='ocrx_word' id='word_1_28' title='bbox 794 596 827 636; x_wconf 82' lang='grc'><strong>8,</strong></span> <span class='ocrx_word' id='word_1_29' title='bbox 856 598 888 631; x_wconf 87' lang='grc'><strong>5.</strong></span> 
     </span>
    </p>

    <p class='ocr_par' dir='ltr' id='par_1_6' title="bbox 341 641 1029 731">
     <span class='ocr_line' id='line_1_9' title="bbox 341 641 1029 689; baseline 0 -13"><span class='ocrx_word' id='word_1_30' title='bbox 341 642 622 689; x_wconf 74' lang='grc' dir='ltr'><em>νυμφαγώγιον</em></span> <span class='ocrx_word' id='word_1_31' title='bbox 665 653 815 688; x_wconf 83' lang='lat' dir='ltr'>sponsae</span> <span class='ocrx_word' id='word_1_32' title='bbox 859 641 1029 676; x_wconf 85' lang='lat' dir='ltr'><strong>deductio</strong></span> 
     </span>
     <span class='ocr_line' id='line_1_10' title="bbox 387 690 555 731; baseline -0.018 -6"><span class='ocrx_word' id='word_1_33' title='bbox 387 690 469 731; x_wconf 79' lang='lat'><strong>354,</strong></span> <span class='ocrx_word' id='word_1_34' title='bbox 498 691 555 723; x_wconf 86' lang='grc'><strong>22.</strong></span> 
     </span>
    </p>

    <p class='ocr_par' dir='ltr' id='par_1_7' title="bbox 344 736 796 784">
     <span class='ocr_line' id='line_1_11' title="bbox 344 736 796 784; baseline -0.007 -14"><span class='ocrx_word' id='word_1_35' title='bbox 344 736 475 784; x_wconf 72' lang='grc' dir='ltr'><em>νύμφη</em></span> <span class='ocrx_word' id='word_1_36' title='bbox 501 748 611 770; x_wconf 87' lang='lat' dir='ltr'><strong>nurus</strong></span> <span class='ocrx_word' id='word_1_37' title='bbox 633 738 711 776; x_wconf 88' lang='lat'><strong>700,</strong></span> <span class='ocrx_word' id='word_1_38' title='bbox 739 737 796 771; x_wconf 84' lang='grc'><strong>26.</strong></span> 
     </span>
    </p>

    <p class='ocr_par' dir='ltr' id='par_1_8' title="bbox 340 782 1029 877">
     <span class='ocr_line' id='line_1_12' title="bbox 340 782 1029 830; baseline 0.001 -11"><span class='ocrx_word' id='word_1_39' title='bbox 340 783 601 830; x_wconf 73' lang='grc' dir='ltr'><em>νωτοφύλακες</em></span> <span class='ocrx_word' id='word_1_40' title='bbox 656 782 905 816; x_wconf 81' lang='lat' dir='ltr'><strong>subsecutores</strong></span> <span class='ocrx_word' id='word_1_41' title='bbox 934 783 1029 826; x_wconf 71' lang='lat'>1491,</span> 
     </span>
     <span class='ocr_line' id='line_1_13' title="bbox 389 833 533 877; baseline -0.028 -10"><span class='ocrx_word' id='word_1_42' title='bbox 389 833 433 867; x_wconf 84' lang='lat'><strong>19</strong></span> <span class='ocrx_word' id='word_1_43' title='bbox 457 843 533 877; x_wconf 87' lang='lat' dir='ltr'>sqq.</span> 
     </span>
    </p>

    <p class='ocr_par' dir='ltr' id='par_1_9' title="bbox 340 876 1026 924">
     <span class='ocr_line' id='line_1_14' title="bbox 340 876 1026 924; baseline -0.004 -12"><span class='ocrx_word' id='word_1_44' title='bbox 340 878 536 924; x_wconf 59' lang='lat' dir='ltr'><strong>§euoddxof</strong></span> <span class='ocrx_word' id='word_1_45' title='bbox 557 878 674 910; x_wconf 84' lang='lat' dir='ltr'><strong>minor</strong></span> <span class='ocrx_word' id='word_1_46' title='bbox 700 876 854 921; x_wconf 74' lang='lat' dir='ltr'>dignitas</span> <span class='ocrx_word' id='word_1_47' title='bbox 873 876 953 918; x_wconf 83' lang='grc'><strong>240,</strong></span> <span class='ocrx_word' id='word_1_48' title='bbox 973 878 1026 909; x_wconf 93' lang='grc'><strong>11.</strong></span> 
     </span>
    </p>

    <p class='ocr_par' dir='ltr' id='par_1_10' title="bbox 340 923 1027 1017">
     <span class='ocr_line' id='line_1_15' title="bbox 340 923 1027 972; baseline -0.01 -11"><span class='ocrx_word' id='word_1_49' title='bbox 340 926 449 972; x_wconf 70' lang='grc' dir='ltr'><strong><em>ξηρός</em></strong></span> <span class='ocrx_word' id='word_1_50' title='bbox 482 924 644 964; x_wconf 70' lang='lat' dir='ltr'><strong>troc-ken,</strong></span> <span class='ocrx_word' id='word_1_51' title='bbox 673 925 776 964; x_wconf 78' lang='lat' dir='ltr'><strong>baar,</strong></span> <span class='ocrx_word' id='word_1_52' title='bbox 801 923 918 956; x_wconf 81' lang='lat' dir='ltr'><strong>nudus</strong></span> <span class='ocrx_word' id='word_1_53' title='bbox 944 926 1027 965; x_wconf 80' lang='lat'><strong>615,</strong></span> 
     </span>
     <span class='ocr_line' id='line_1_16' title="bbox 389 971 1024 1017; baseline -0.009 -8"><span class='ocrx_word' id='word_1_54' title='bbox 389 977 444 1009; x_wconf 78' lang='lat'><strong>25.</strong></span> <span class='ocrx_word' id='word_1_55' title='bbox 496 972 556 1005; x_wconf 87' lang='lat' dir='ltr'><strong>ubi</strong></span> <span class='ocrx_word' id='word_1_56' title='bbox 582 983 726 1017; x_wconf 84' lang='lat' dir='ltr'><strong>quoque</strong></span> <span class='ocrx_word' id='word_1_57' title='bbox 754 971 798 1003; x_wconf 75' lang='lat' dir='ltr'><strong>de</strong></span> <span class='ocrx_word' id='word_1_58' title='bbox 813 971 1024 1016; x_wconf 73' lang='lat' dir='ltr'><strong>Xerocepio.</strong></span> 
     </span>
    </p>

    <p class='ocr_par' dir='ltr' id='par_1_11' title="bbox 339 1016 1026 1147">
     <span class='ocr_line' id='line_1_17' title="bbox 339 1016 1026 1067; baseline -0.004 -13"><span class='ocrx_word' id='word_1_59' title='bbox 339 1016 385 1054; x_wconf 74' lang='grc' dir='ltr'><strong>τὰ</strong></span> <span class='ocrx_word' id='word_1_60' title='bbox 412 1023 515 1067; x_wconf 81' lang='grc' dir='ltr'><strong><em>τίμια</em></strong></span> <span class='ocrx_word' id='word_1_61' title='bbox 549 1020 637 1059; x_wconf 76' lang='grc' dir='ltr'><strong><em>ξύλα</em></strong></span> <span class='ocrx_word' id='word_1_62' title='bbox 669 1021 747 1051; x_wconf 82' lang='lat' dir='ltr'><strong>Iesu</strong></span> <span class='ocrx_word' id='word_1_63' title='bbox 774 1018 903 1051; x_wconf 80' lang='lat' dir='ltr'>Christi</span> <span class='ocrx_word' id='word_1_64' title='bbox 933 1018 1026 1051; x_wconf 82' lang='lat' dir='ltr'>Crux</span> 
     </span>
     <span class='ocr_line' id='line_1_18' title="bbox 385 1064 1026 1110; baseline -0.003 -11"><span class='ocrx_word' id='word_1_65' title='bbox 385 1072 466 1107; x_wconf 77' lang='lat'>217,</span> <span class='ocrx_word' id='word_1_66' title='bbox 491 1068 548 1102; x_wconf 88' lang='lat'><strong>38.</strong></span> <span class='ocrx_word' id='word_1_67' title='bbox 610 1066 708 1098; x_wconf 86' lang='lat' dir='ltr'><strong>cuius</strong></span> <span class='ocrx_word' id='word_1_68' title='bbox 735 1064 881 1110; x_wconf 80' lang='grc' dir='ltr'>ὑψώσει</span> <span class='ocrx_word' id='word_1_69' title='bbox 909 1076 1026 1110; x_wconf 81' lang='lat' dir='ltr'><strong>popu-</strong></span> 
     </span>
     <span class='ocr_line' id='line_1_19' title="bbox 385 1112 846 1147; baseline -0.009 0"><span class='ocrx_word' id='word_1_70' title='bbox 385 1115 420 1147; x_wconf 87' lang='lat' dir='ltr'><strong>lo</strong></span> <span class='ocrx_word' id='word_1_71' title='bbox 451 1113 734 1147; x_wconf 80' lang='lat' dir='ltr'>benedicebatur</span> <span class='ocrx_word' id='word_1_72' title='bbox 759 1112 846 1144; x_wconf 85' lang='lat' dir='ltr'>ibid.</span> 
     </span>
    </p>

    <p class='ocr_par' dir='ltr' id='par_1_12' title="bbox 339 1160 871 1206">
     <span class='ocr_line' id='line_1_20' title="bbox 339 1160 871 1206; baseline -0.008 -12"><span class='ocrx_word' id='word_1_73' title='bbox 339 1162 365 1197; x_wconf 76' lang='grc' dir='ltr'><strong>’ὅ</strong></span> <span class='ocrx_word' id='word_1_74' title='bbox 387 1173 449 1206; x_wconf 79' lang='lat' dir='ltr'><strong>pro</strong></span> <span class='ocrx_word' id='word_1_75' title='bbox 476 1162 504 1194; x_wconf 83' lang='grc' dir='ltr'><em>ἲῖ</em></span> <span class='ocrx_word' id='word_1_76' title='bbox 527 1161 681 1206; x_wconf 67' lang='lat' dir='ltr'><strong>posituip</strong></span> <span class='ocrx_word' id='word_1_77' title='bbox 708 1161 787 1198; x_wconf 85' lang='lat'><strong>695,</strong></span> <span class='ocrx_word' id='word_1_78' title='bbox 813 1160 871 1195; x_wconf 85' lang='lat'><strong>39.</strong></span> 
     </span>
    </p>

    <p class='ocr_par' dir='ltr' id='par_1_13' title="bbox 338 1207 893 1252">
     <span class='ocr_line' id='line_1_21' title="bbox 338 1207 893 1252; baseline -0.009 -9"><span class='ocrx_word' id='word_1_79' title='bbox 338 1208 372 1250; x_wconf 85' lang='grc' dir='ltr'><strong>ὃ,</strong></span> <span class='ocrx_word' id='word_1_80' title='bbox 399 1209 431 1251; x_wconf 79' lang='grc' dir='ltr'><strong>ἧ,</strong></span> <span class='ocrx_word' id='word_1_81' title='bbox 459 1208 500 1242; x_wconf 72' lang='grc' dir='ltr'><strong>τό</strong></span> <span class='ocrx_word' id='word_1_82' title='bbox 525 1219 588 1252; x_wconf 80' lang='lat' dir='ltr'><strong>pro</strong></span> <span class='ocrx_word' id='word_1_83' title='bbox 626 1208 733 1245; x_wconf 80' lang='grc' dir='ltr'><em>οὗτος</em></span> <span class='ocrx_word' id='word_1_84' title='bbox 755 1208 835 1244; x_wconf 88' lang='grc'><strong>305,</strong></span> <span class='ocrx_word' id='word_1_85' title='bbox 860 1207 893 1241; x_wconf 87' lang='grc'><strong>6.</strong></span> 
     </span>
    </p>

    <p class='ocr_par' dir='ltr' id='par_1_14' title="bbox 336 1252 1026 1341">
     <span class='ocr_line' id='line_1_22' title="bbox 336 1252 1026 1300; baseline -0.009 -9"><span class='ocrx_word' id='word_1_86' title='bbox 336 1256 424 1294; x_wconf 79' lang='grc' dir='ltr'><strong>ὅδός</strong></span> <span class='ocrx_word' id='word_1_87' title='bbox 450 1266 511 1300; x_wconf 83' lang='lat' dir='ltr'><strong>per</strong></span> <span class='ocrx_word' id='word_1_88' title='bbox 529 1254 714 1287; x_wconf 74' lang='lat' dir='ltr'><strong>itineraria</strong></span> <span class='ocrx_word' id='word_1_89' title='bbox 739 1258 922 1298; x_wconf 80' lang='lat' dir='ltr'><strong>comperta</strong></span> <span class='ocrx_word' id='word_1_90' title='bbox 949 1252 1026 1285; x_wconf 82' lang='lat' dir='ltr'><strong>fieri</strong></span> 
     </span>
     <span class='ocr_line' id='line_1_23' title="bbox 385 1301 644 1341; baseline 0 -6"><span class='ocrx_word' id='word_1_91' title='bbox 385 1303 479 1335; x_wconf 83' lang='lat' dir='ltr'><strong>solet</strong></span> <span class='ocrx_word' id='word_1_92' title='bbox 503 1301 584 1341; x_wconf 81' lang='lat'>481,</span> <span class='ocrx_word' id='word_1_93' title='bbox 610 1304 644 1336; x_wconf 83' lang='lat'><strong>3.</strong></span> 
     </span>
    </p>

    <p class='ocr_par' dir='ltr' id='par_1_15' title="bbox 338 1348 788 1394">
     <span class='ocr_line' id='line_1_24' title="bbox 338 1348 788 1394; baseline -0.002 -10"><span class='ocrx_word' id='word_1_94' title='bbox 338 1350 419 1384; x_wconf 72' lang='grc' dir='ltr'><strong>οἶδε</strong></span> <span class='ocrx_word' id='word_1_95' title='bbox 443 1361 508 1394; x_wconf 84' lang='lat' dir='ltr'><strong>pro</strong></span> <span class='ocrx_word' id='word_1_96' title='bbox 538 1351 650 1383; x_wconf 72' lang='grc' dir='ltr'><em>εἴωθε</em></span> <span class='ocrx_word' id='word_1_97' title='bbox 677 1350 710 1388; x_wconf 89' lang='lat'><strong>5,</strong></span> <span class='ocrx_word' id='word_1_98' title='bbox 737 1348 788 1383; x_wconf 89' lang='lat'><strong>19.</strong></span> 
     </span>
    </p>

    <p class='ocr_par' dir='ltr' id='par_1_16' title="bbox 337 1393 1024 1486">
     <span class='ocr_line' id='line_1_25' title="bbox 337 1393 1024 1435; baseline -0.007 -4"><span class='ocrx_word' id='word_1_99' title='bbox 337 1399 520 1432; x_wconf 78' lang='grc' dir='ltr'><em>οῖκειακοί</em></span> <span class='ocrx_word' id='word_1_100' title='bbox 560 1396 623 1428; x_wconf 72' lang='lat' dir='ltr'>cfr.</span> <span class='ocrx_word' id='word_1_101' title='bbox 664 1394 734 1427; x_wconf 92' lang='lat' dir='ltr'><strong>DC.</strong></span> <span class='ocrx_word' id='word_1_102' title='bbox 781 1405 813 1427; x_wconf 79' lang='lat' dir='ltr'>v.</span> <span class='ocrx_word' id='word_1_103' title='bbox 854 1393 1024 1435; x_wconf 83' lang='lat' dir='ltr'><strong>Huscarli,</strong></span> 
     </span>
     <span class='ocr_line' id='line_1_26' title="bbox 386 1441 916 1486; baseline -0.009 -8"><span class='ocrx_word' id='word_1_104' title='bbox 386 1443 587 1478; x_wconf 72' lang='lat' dir='ltr'><strong>Hauskerle</strong></span> <span class='ocrx_word' id='word_1_105' title='bbox 611 1441 682 1475; x_wconf 88' lang='lat' dir='ltr'>vid.</span> <span class='ocrx_word' id='word_1_106' title='bbox 711 1441 916 1486; x_wconf 73' lang='lat' dir='ltr'><strong>Domestici.</strong></span> 
     </span>
    </p>

    <p class='ocr_par' dir='ltr' id='par_1_17' title="bbox 337 1489 871 1529">
     <span class='ocr_line' id='line_1_27' title="bbox 337 1489 871 1529; baseline -0.011 -2"><span class='ocrx_word' id='word_1_107' title='bbox 337 1494 471 1529; x_wconf 70' lang='grc' dir='ltr'><em>οἰκεῖος</em></span> <span class='ocrx_word' id='word_1_108' title='bbox 500 1490 682 1522; x_wconf 79' lang='lat' dir='ltr'><strong>familiaris</strong></span> <span class='ocrx_word' id='word_1_109' title='bbox 706 1489 787 1527; x_wconf 77' lang='lat'>804,</span> <span class='ocrx_word' id='word_1_110' title='bbox 814 1491 871 1524; x_wconf 86' lang='grc'><strong>22.</strong></span> 
     </span>
    </p>

    <p class='ocr_par' dir='ltr' id='par_1_18' title="bbox 338 1533 1027 1624">
     <span class='ocr_line' id='line_1_28' title="bbox 338 1533 1027 1584; baseline -0.013 -9"><span class='ocrx_word' id='word_1_111' title='bbox 338 1541 375 1575; x_wconf 82' lang='grc' dir='ltr'><strong>οἱ</strong></span> <span class='ocrx_word' id='word_1_112' title='bbox 408 1538 591 1584; x_wconf 75' lang='grc' dir='ltr'><em>βασιλικοὶ</em></span> <span class='ocrx_word' id='word_1_113' title='bbox 630 1536 726 1571; x_wconf 83' lang='grc' dir='ltr'><em>οἶκοι</em></span> <span class='ocrx_word' id='word_1_114' title='bbox 762 1540 860 1568; x_wconf 80' lang='lat' dir='ltr'><strong>extra</strong></span> <span class='ocrx_word' id='word_1_115' title='bbox 904 1533 1027 1567; x_wconf 88' lang='lat' dir='ltr'><strong>urbem</strong></span> 
     </span>
     <span class='ocr_line' id='line_1_29' title="bbox 383 1587 550 1624; baseline -0.024 -3"><span class='ocrx_word' id='word_1_116' title='bbox 383 1588 467 1624; x_wconf 81' lang='lat'><strong>863,</strong></span> <span class='ocrx_word' id='word_1_117' title='bbox 498 1587 550 1620; x_wconf 88' lang='lat'>12.</span> 
     </span>
    </p>

    <p class='ocr_par' dir='ltr' id='par_1_19' title="bbox 337 1627 1026 1719">
     <span class='ocr_line' id='line_1_30' title="bbox 337 1627 1026 1678; baseline -0.012 -10"><span class='ocrx_word' id='word_1_118' title='bbox 337 1636 574 1678; x_wconf 78' lang='grc' dir='ltr'><em>οἰκονομεῖον</em></span> <span class='ocrx_word' id='word_1_119' title='bbox 608 1641 693 1663; x_wconf 89' lang='lat' dir='ltr'><strong>num</strong></span> <span class='ocrx_word' id='word_1_120' title='bbox 720 1628 813 1662; x_wconf 88' lang='lat' dir='ltr'><strong>idem</strong></span> <span class='ocrx_word' id='word_1_121' title='bbox 840 1627 938 1674; x_wconf 88' lang='lat' dir='ltr'><strong>quod</strong></span> <span class='ocrx_word' id='word_1_122' title='bbox 963 1638 1026 1661; x_wconf 84' lang='lat' dir='ltr'><strong>ve-</strong></span> 
     </span>
     <span class='ocr_line' id='line_1_31' title="bbox 387 1678 761 1719; baseline -0.008 -6"><span class='ocrx_word' id='word_1_123' title='bbox 387 1678 569 1713; x_wconf 70' lang='lat' dir='ltr'><strong>stim-ium?</strong></span> <span class='ocrx_word' id='word_1_124' title='bbox 595 1680 676 1719; x_wconf 84' lang='grc'><strong>233,</strong></span> <span class='ocrx_word' id='word_1_125' title='bbox 705 1680 761 1712; x_wconf 87' lang='grc'><strong>22.</strong></span> 
     </span>
    </p>

    <p class='ocr_par' dir='ltr' id='par_1_20' title="bbox 340 1722 981 1773">
     <span class='ocr_line' id='line_1_32' title="bbox 340 1722 981 1773; baseline -0.009 -12"><span class='ocrx_word' id='word_1_126' title='bbox 340 1729 535 1773; x_wconf 82' lang='grc' dir='ltr'><strong><em>οἰκονομία</em></strong></span> <span class='ocrx_word' id='word_1_127' title='bbox 561 1723 650 1757; x_wconf 88' lang='lat' dir='ltr'><strong>ordo</strong></span> <span class='ocrx_word' id='word_1_128' title='bbox 680 1724 803 1757; x_wconf 77' lang='lat' dir='ltr'><strong>salutis</strong></span> <span class='ocrx_word' id='word_1_129' title='bbox 835 1723 896 1756; x_wconf 87' lang='lat'><strong>151</strong></span> <span class='ocrx_word' id='word_1_130' title='bbox 928 1722 981 1756; x_wconf 90' lang='grc'><strong>17.</strong></span> 
     </span>
    </p>

    <p class='ocr_par' dir='ltr' id='par_1_21' title="bbox 338 1770 849 1810">
     <span class='ocr_line' id='line_1_33' title="bbox 338 1770 849 1810; baseline -0.004 -3"><span class='ocrx_word' id='word_1_131' title='bbox 338 1780 455 1808; x_wconf 71' lang='lat' dir='ltr'><strong>vestes</strong></span> <span class='ocrx_word' id='word_1_132' title='bbox 478 1774 556 1807; x_wconf 74' lang='grc' dir='ltr'><strong>κατ’</strong></span> <span class='ocrx_word' id='word_1_133' title='bbox 581 1772 686 1807; x_wconf 82' lang='grc' dir='ltr'><em>οἷκον</em></span> <span class='ocrx_word' id='word_1_134' title='bbox 711 1773 791 1810; x_wconf 85' lang='grc'><strong>539,</strong></span> <span class='ocrx_word' id='word_1_135' title='bbox 815 1770 849 1805; x_wconf 72' lang='grc'><strong>4.</strong></span> 
     </span>
    </p>

    <p class='ocr_par' dir='ltr' id='par_1_22' title="bbox 341 1815 1030 1865">
     <span class='ocr_line' id='line_1_34' title="bbox 341 1815 1030 1865; baseline -0.013 -8"><span class='ocrx_word' id='word_1_136' title='bbox 341 1822 444 1858; x_wconf 83' lang='grc' dir='ltr'><em>οἶκος</em></span> <span class='ocrx_word' id='word_1_137' title='bbox 468 1821 504 1853; x_wconf 87' lang='lat' dir='ltr'><strong>in</strong></span> <span class='ocrx_word' id='word_1_138' title='bbox 529 1819 649 1865; x_wconf 82' lang='lat' dir='ltr'><strong>specie</strong></span> <span class='ocrx_word' id='word_1_139' title='bbox 669 1818 923 1852; x_wconf 79' lang='lat' dir='ltr'><strong>monasterium</strong></span> <span class='ocrx_word' id='word_1_140' title='bbox 947 1815 1030 1856; x_wconf 69' lang='grc'><strong>846,</strong></span> 
     </span>
    </p>

    <p class='ocr_par' dir='ltr' id='par_1_23' title="bbox 341 1911 1031 1999">
     <span class='ocr_line' id='line_1_35' title="bbox 341 1911 1031 1960; baseline -0.012 -9"><span class='ocrx_word' id='word_1_141' title='bbox 341 1911 385 1950; x_wconf 67' lang='grc' dir='ltr'><strong>τά</strong></span> <span class='ocrx_word' id='word_1_142' title='bbox 412 1914 612 1960; x_wconf 76' lang='grc' dir='ltr'><em>οἰκούμενα</em></span> <span class='ocrx_word' id='word_1_143' title='bbox 629 1912 725 1945; x_wconf 82' lang='lat' dir='ltr'><strong>orbis</strong></span> <span class='ocrx_word' id='word_1_144' title='bbox 741 1911 895 1945; x_wconf 82' lang='lat' dir='ltr'><strong>Graecus</strong></span> <span class='ocrx_word' id='word_1_145' title='bbox 920 1923 946 1944; x_wconf 84' lang='lat' dir='ltr'>s.</span> <span class='ocrx_word' id='word_1_146' title='bbox 964 1912 1031 1944; x_wconf 77' lang='lat' dir='ltr'><strong>Ro-</strong></span> 
     </span>
     <span class='ocr_line' id='line_1_36' title="bbox 390 1961 701 1999; baseline 0.003 -4"><span class='ocrx_word' id='word_1_147' title='bbox 390 1973 514 1995; x_wconf 76' lang='lat' dir='ltr'><strong>manus</strong></span> <span class='ocrx_word' id='word_1_148' title='bbox 540 1961 621 1999; x_wconf 70' lang='lat'><strong>481,</strong></span> <span class='ocrx_word' id='word_1_149' title='bbox 645 1963 701 1995; x_wconf 84' lang='grc'><strong>21-</strong></span> 
     </span>
    </p>

    <p class='ocr_par' dir='ltr' id='par_1_24' title="bbox 345 2002 1030 2056">
     <span class='ocr_line' id='line_1_37' title="bbox 345 2002 1030 2056; baseline -0.01 -11"><span class='ocrx_word' id='word_1_150' title='bbox 345 2002 599 2056; x_wconf 80' lang='grc' dir='ltr'><em>οῑκουμενικὸς</em></span> <span class='ocrx_word' id='word_1_151' title='bbox 626 2003 856 2051; x_wconf 74' lang='grc' dir='ltr'><em>πατριάρχης</em></span> <span class='ocrx_word' id='word_1_152' title='bbox 881 2006 1030 2045; x_wconf 77' lang='lat'>800‚23.</span> 
     </span>
    </p>

    <p class='ocr_par' dir='ltr' id='par_1_25' title="bbox 346 2051 1031 2148">
     <span class='ocr_line' id='line_1_38' title="bbox 346 2051 1031 2097; baseline -0.004 -8"><span class='ocrx_word' id='word_1_153' title='bbox 346 2064 406 2092; x_wconf 79' lang='grc' dir='ltr'><strong>οῖν</strong></span> <span class='ocrx_word' id='word_1_154' title='bbox 430 2055 636 2089; x_wconf 78' lang='lat' dir='ltr'><strong>terminatio</strong></span> <span class='ocrx_word' id='word_1_155' title='bbox 663 2054 837 2086; x_wconf 86' lang='lat' dir='ltr'><strong>invinitivi</strong></span> <span class='ocrx_word' id='word_1_156' title='bbox 867 2064 930 2097; x_wconf 80' lang='lat' dir='ltr'><strong>pro</strong></span> <span class='ocrx_word' id='word_1_157' title='bbox 952 2051 1031 2091; x_wconf 86' lang='grc' dir='ltr'><strong>οὖν,</strong></span> 
     </span>
     <span class='ocr_line' id='line_1_39' title="bbox 392 2101 983 2148; baseline -0.012 -10"><span class='ocrx_word' id='word_1_158' title='bbox 392 2105 551 2148; x_wconf 81' lang='grc' dir='ltr'><em>πληροῒν</em></span> <span class='ocrx_word' id='word_1_159' title='bbox 576 2113 638 2146; x_wconf 86' lang='lat' dir='ltr'><strong>pro</strong></span> <span class='ocrx_word' id='word_1_160' title='bbox 659 2101 823 2144; x_wconf 78' lang='grc' dir='ltr'><em>πληροῦν</em></span> <span class='ocrx_word' id='word_1_161' title='bbox 845 2101 925 2139; x_wconf 86' lang='grc'><strong>379,</strong></span> <span class='ocrx_word' id='word_1_162' title='bbox 953 2102 983 2134; x_wconf 88' lang='grc'><strong>5.</strong></span> 
     </span>
    </p>

    <p class='ocr_par' dir='ltr' id='par_1_26' title="bbox 348 2148 1031 2234">
     <span class='ocr_line' id='line_1_40' title="bbox 348 2148 1031 2192; baseline -0.015 -6"><span class='ocrx_word' id='word_1_163' title='bbox 348 2151 507 2192; x_wconf 72' lang='grc' dir='ltr'><em>οἰνάνθη</em></span> <span class='ocrx_word' id='word_1_164' title='bbox 543 2149 606 2182; x_wconf 87' lang='lat' dir='ltr'><strong>flos</strong></span> <span class='ocrx_word' id='word_1_165' title='bbox 642 2148 717 2181; x_wconf 89' lang='lat' dir='ltr'><strong>vini</strong></span> <span class='ocrx_word' id='word_1_166' title='bbox 743 2153 779 2180; x_wconf 84' lang='lat' dir='ltr'><strong>et</strong></span> <span class='ocrx_word' id='word_1_167' title='bbox 812 2151 1031 2190; x_wconf 79' lang='lat' dir='ltr'><strong>unguentum</strong></span> 
     </span>
     <span class='ocr_line' id='line_1_41' title="bbox 396 2196 557 2234; baseline -0.043 0"><span class='ocrx_word' id='word_1_168' title='bbox 396 2201 463 2234; x_wconf 84' lang='grc'><strong>521</strong></span> <span class='ocrx_word' id='word_1_169' title='bbox 492 2196 557 2229; x_wconf 84' lang='lat' dir='ltr'>ult.</span> 
     </span>
    </p>

    <p class='ocr_par' dir='ltr' id='par_1_27' title="bbox 349 2239 1032 2332">
     <span class='ocr_line' id='line_1_42' title="bbox 349 2239 1032 2290; baseline -0.015 -11"><span class='ocrx_word' id='word_1_170' title='bbox 349 2243 566 2290; x_wconf 74' lang='grc' dir='ltr'><em>ὂκτοὲγωνον</em></span> <span class='ocrx_word' id='word_1_171' title='bbox 585 2241 781 2287; x_wconf 71' lang='grc' dir='ltr'><em>χλανίδιον</em></span> <span class='ocrx_word' id='word_1_172' title='bbox 807 2239 914 2272; x_wconf 82' lang='lat' dir='ltr'><strong>vestis</strong></span> <span class='ocrx_word' id='word_1_173' title='bbox 942 2249 1032 2282; x_wconf 85' lang='lat' dir='ltr'>qua-</span> 
     </span>
     <span class='ocr_line' id='line_1_43' title="bbox 395 2291 821 2332; baseline -0.007 -7"><span class='ocrx_word' id='word_1_174' title='bbox 395 2297 451 2325; x_wconf 84' lang='lat' dir='ltr'><strong>ter</strong></span> <span class='ocrx_word' id='word_1_175' title='bbox 474 2291 578 2324; x_wconf 74' lang='lat' dir='ltr'><strong>scissa</strong></span> <span class='ocrx_word' id='word_1_176' title='bbox 606 2291 674 2324; x_wconf 79' lang='lat'><strong>692</strong></span> <span class='ocrx_word' id='word_1_177' title='bbox 701 2294 821 2332; x_wconf 70' lang='lat' dir='ltr'><strong>antep-</strong></span> 
     </span>
    </p>

    <p class='ocr_par' dir='ltr' id='par_1_28' title="bbox 351 2333 1033 2384">
     <span class='ocr_line' id='line_1_44' title="bbox 351 2333 1033 2384; baseline -0.016 -10"><span class='ocrx_word' id='word_1_178' title='bbox 351 2337 527 2384; x_wconf 82' lang='grc' dir='ltr'><em>ὂλόφωτα</em></span> <span class='ocrx_word' id='word_1_179' title='bbox 556 2337 785 2369; x_wconf 77' lang='lat' dir='ltr'><strong>luminarium</strong></span> <span class='ocrx_word' id='word_1_180' title='bbox 816 2344 926 2378; x_wconf 83' lang='lat' dir='ltr'><strong>genus</strong></span> <span class='ocrx_word' id='word_1_181' title='bbox 953 2333 1033 2372; x_wconf 78' lang='lat'><strong>68¹2,</strong></span> 
     </span>
    </p>

    <p class='ocr_par' dir='ltr' id='par_1_29' title="bbox 354 2425 1036 2518">
     <span class='ocr_line' id='line_1_45' title="bbox 354 2425 1035 2471; baseline -0.015 -5"><span class='ocrx_word' id='word_1_182' title='bbox 354 2432 536 2468; x_wconf 76' lang='grc' dir='ltr'><em>ὁλόκανον</em></span> <span class='ocrx_word' id='word_1_183' title='bbox 562 2430 650 2462; x_wconf 84' lang='lat' dir='ltr'><strong>sella</strong></span> <span class='ocrx_word' id='word_1_184' title='bbox 676 2440 753 2461; x_wconf 85' lang='lat' dir='ltr'><strong>cum</strong></span> <span class='ocrx_word' id='word_1_185' title='bbox 781 2439 887 2460; x_wconf 82' lang='lat' dir='ltr'><strong>aureo</strong></span> <span class='ocrx_word' id='word_1_186' title='bbox 912 2425 1035 2471; x_wconf 76' lang='lat' dir='ltr'><strong>pomo?</strong></span> 
     </span>
     <span class='ocr_line' id='line_1_46' title="bbox 401 2477 1036 2518; baseline -0.017 -4"><span class='ocrx_word' id='word_1_187' title='bbox 401 2480 480 2518; x_wconf 80' lang='lat'><strong>526.</strong></span> <span class='ocrx_word' id='word_1_188' title='bbox 506 2480 562 2514; x_wconf 83' lang='lat'>23.</span> <span class='ocrx_word' id='word_1_189' title='bbox 583 2477 628 2508; x_wconf 86' lang='lat' dir='ltr'><strong>de</strong></span> <span class='ocrx_word' id='word_1_190' title='bbox 657 2477 798 2508; x_wconf 81' lang='lat' dir='ltr'>ensibus</span> <span class='ocrx_word' id='word_1_191' title='bbox 825 2477 890 2510; x_wconf 78' lang='grc'><strong>752</strong></span> <span class='ocrx_word' id='word_1_192' title='bbox 916 2479 1036 2517; x_wconf 80' lang='lat' dir='ltr'>antep.</span> 
     </span>
    </p>

    <p class='ocr_par' dir='ltr' id='par_1_30' title="bbox 354 2520 1038 2614">
     <span class='ocr_line' id='line_1_47' title="bbox 354 2520 1038 2572; baseline -0.013 -12"><span class='ocrx_word' id='word_1_193' title='bbox 354 2525 475 2572; x_wconf 79' lang='grc' dir='ltr'><strong><em>ὄμμα]</em></strong></span> <span class='ocrx_word' id='word_1_194' title='bbox 494 2524 606 2567; x_wconf 79' lang='lat' dir='ltr'><strong>oculis</strong></span> <span class='ocrx_word' id='word_1_195' title='bbox 628 2523 875 2567; x_wconf 80' lang='lat' dir='ltr'><strong>apprimebant</strong></span> <span class='ocrx_word' id='word_1_196' title='bbox 901 2520 1038 2552; x_wconf 84' lang='lat' dir='ltr'>bullam</span> 
     </span>
     <span class='ocr_line' id='line_1_48' title="bbox 401 2570 989 2614; baseline -0.002 -11"><span class='ocrx_word' id='word_1_197' title='bbox 401 2582 544 2604; x_wconf 84' lang='lat' dir='ltr'>auream</span> <span class='ocrx_word' id='word_1_198' title='bbox 569 2570 788 2614; x_wconf 82' lang='lat' dir='ltr'><strong>accipientes</strong></span> <span class='ocrx_word' id='word_1_199' title='bbox 815 2571 896 2607; x_wconf 87' lang='grc'><strong>329,</strong></span> <span class='ocrx_word' id='word_1_200' title='bbox 932 2570 989 2602; x_wconf 86' lang='grc'><strong>32.</strong></span> 
     </span>
    </p>

    <p class='ocr_par' dir='ltr' id='par_1_31' title="bbox 356 2614 1038 2708">
     <span class='ocr_line' id='line_1_49' title="bbox 356 2614 1038 2664; baseline -0.01 -12"><span class='ocrx_word' id='word_1_201' title='bbox 356 2617 529 2664; x_wconf 75' lang='grc' dir='ltr'><strong><em>ὄμφάλια</em></strong></span> <span class='ocrx_word' id='word_1_202' title='bbox 565 2617 710 2650; x_wconf 82' lang='lat' dir='ltr'><strong>rotundi</strong></span> <span class='ocrx_word' id='word_1_203' title='bbox 746 2617 784 2648; x_wconf 84' lang='lat' dir='ltr'><strong>in</strong></span> <span class='ocrx_word' id='word_1_204' title='bbox 816 2616 962 2648; x_wconf 84' lang='lat' dir='ltr'><strong>ecclesia</strong></span> <span class='ocrx_word' id='word_1_205' title='bbox 986 2614 1038 2645; x_wconf 82' lang='lat' dir='ltr'><strong>la-</strong></span> 
     </span>
     <span class='ocr_line' id='line_1_50' title="bbox 404 2664 690 2708; baseline 0 -12"><span class='ocrx_word' id='word_1_206' title='bbox 404 2665 504 2708; x_wconf 79' lang='lat' dir='ltr'><strong>pides</strong></span> <span class='ocrx_word' id='word_1_207' title='bbox 529 2666 598 2700; x_wconf 83' lang='lat'><strong>606</strong></span> <span class='ocrx_word' id='word_1_208' title='bbox 627 2664 690 2696; x_wconf 83' lang='lat' dir='ltr'>ult.</span> 
     </span>
    </p>

    <p class='ocr_par' dir='ltr' id='par_1_32' title="bbox 358 2709 1038 2756">
     <span class='ocr_line' id='line_1_51' title="bbox 358 2709 1038 2756; baseline -0.01 -11"><span class='ocrx_word' id='word_1_209' title='bbox 358 2711 377 2745; x_wconf 85' lang='grc' dir='ltr'><em>ὃ</em></span> <span class='ocrx_word' id='word_1_210' title='bbox 394 2709 890 2756; x_wconf 70' lang='grc' dir='ltr'><strong>ὀνειροκρίτηςΑπῑθῐηῐιίοηιε</strong></span> <span class='ocrx_word' id='word_1_211' title='bbox 901 2709 1038 2746; x_wconf 50' lang='lat' dir='ltr'><strong>5233ss-</strong></span> 
     </span>
    </p>

    <p class='ocr_par' dir='ltr' id='par_1_33' title="bbox 358 2754 1038 2842">
     <span class='ocr_line' id='line_1_52' title="bbox 358 2754 1038 2803; baseline -0.012 -10"><span class='ocrx_word' id='word_1_212' title='bbox 358 2757 555 2803; x_wconf 70' lang='grc' dir='ltr'><em>ὀνομάζειν</em></span> <span class='ocrx_word' id='word_1_213' title='bbox 573 2758 664 2789; x_wconf 77' lang='lat' dir='ltr'><strong>clara</strong></span> <span class='ocrx_word' id='word_1_214' title='bbox 681 2768 764 2789; x_wconf 78' lang='lat' dir='ltr'><strong>voce</strong></span> <span class='ocrx_word' id='word_1_215' title='bbox 791 2754 1038 2800; x_wconf 81' lang='lat' dir='ltr'>pronunciare,</span> 
     </span>
     <span class='ocr_line' id='line_1_53' title="bbox 404 2805 874 2842; baseline -0.009 -5"><span class='ocrx_word' id='word_1_216' title='bbox 404 2805 490 2837; x_wconf 73' lang='lat' dir='ltr'><strong>item</strong></span> <span class='ocrx_word' id='word_1_217' title='bbox 519 2805 685 2837; x_wconf 80' lang='lat' dir='ltr'><strong>invocare</strong></span> <span class='ocrx_word' id='word_1_218' title='bbox 712 2805 790 2842; x_wconf 82' lang='lat'>708,</span> <span class='ocrx_word' id='word_1_219' title='bbox 822 2806 874 2838; x_wconf 84' lang='grc'><strong>18.</strong></span> 
     </span>
    </p>
   </div>
   <div class='ocr_carea' id='block_1_3' title="bbox 876 213 1073 258">
    <p class='ocr_par' dir='ltr' id='par_1_34' title="bbox 876 213 1073 258">
     <span class='ocr_line' id='line_1_54' title="bbox 876 213 1073 258; baseline -0.005 -5"><span class='ocrx_word' id='word_1_220' title='bbox 876 213 1073 258; x_wconf 53' lang='lat' dir='ltr'><strong>REISKn,</strong></span> 
     </span>
    </p>
   </div>
   <div class='ocr_carea' id='block_1_4' title="bbox 1115 212 1277 254">
    <p class='ocr_par' dir='ltr' id='par_1_35' title="bbox 1115 212 1277 254">
     <span class='ocr_line' id='line_1_55' title="bbox 1115 212 1277 254; baseline 0.006 -2"><span class='ocrx_word' id='word_1_221' title='bbox 1115 212 1277 254; x_wconf 86' lang='lat' dir='ltr'>INDEX</span> 
     </span>
    </p>
   </div>
   <div class='ocr_carea' id='block_1_5' title="bbox 1107 312 1797 1296">
    <p class='ocr_par' dir='ltr' id='par_1_36' title="bbox 1114 312 1794 360">
     <span class='ocr_line' id='line_1_56' title="bbox 1114 312 1794 360; baseline 0.001 -13"><span class='ocrx_word' id='word_1_222' title='bbox 1114 312 1383 360; x_wconf 77' lang='grc' dir='ltr'><strong>ὄνομαστῆρια,</strong></span> <span class='ocrx_word' id='word_1_223' title='bbox 1397 314 1619 359; x_wconf 75' lang='lat' dir='ltr'><strong>Numenstag</strong></span> <span class='ocrx_word' id='word_1_224' title='bbox 1648 318 1727 356; x_wconf 85' lang='lat'><strong>707,</strong></span> <span class='ocrx_word' id='word_1_225' title='bbox 1739 317 1794 351; x_wconf 77' lang='grc'><strong>22.</strong></span> 
     </span>
    </p>

    <p class='ocr_par' dir='ltr' id='par_1_37' title="bbox 1114 359 1795 403">
     <span class='ocr_line' id='line_1_57' title="bbox 1114 359 1795 403; baseline -0.001 -8"><span class='ocrx_word' id='word_1_226' title='bbox 1114 359 1319 396; x_wconf 61' lang='lat' dir='ltr'><strong>duo-admont</strong></span> <span class='ocrx_word' id='word_1_227' title='bbox 1349 362 1381 402; x_wconf 86' lang='lat'><strong>7,</strong></span> <span class='ocrx_word' id='word_1_228' title='bbox 1410 362 1461 394; x_wconf 90' lang='grc'><strong>11.</strong></span> <span class='ocrx_word' id='word_1_229' title='bbox 1490 361 1544 398; x_wconf 79' lang='grc'><strong>10,</strong></span> <span class='ocrx_word' id='word_1_230' title='bbox 1575 363 1628 394; x_wconf 93' lang='grc'><strong>11.</strong></span> <span class='ocrx_word' id='word_1_231' title='bbox 1653 362 1711 403; x_wconf 89' lang='grc'><strong>20,</strong></span> <span class='ocrx_word' id='word_1_232' title='bbox 1741 363 1795 396; x_wconf 90' lang='grc'><strong>19.</strong></span> 
     </span>
    </p>

    <p class='ocr_par' dir='ltr' id='par_1_38' title="bbox 1113 407 1797 542">
     <span class='ocr_line' id='line_1_58' title="bbox 1113 407 1797 455; baseline -0.001 -12"><span class='ocrx_word' id='word_1_233' title='bbox 1113 407 1208 449; x_wconf 81' lang='grc' dir='ltr'><strong>ὀξύς,</strong></span> <span class='ocrx_word' id='word_1_234' title='bbox 1237 407 1450 453; x_wconf 81' lang='grc' dir='ltr'><em>ὂξύβλατῐος</em></span> <span class='ocrx_word' id='word_1_235' title='bbox 1471 419 1682 454; x_wconf 83' lang='lat' dir='ltr'><strong>purpureus,</strong></span> <span class='ocrx_word' id='word_1_236' title='bbox 1709 421 1797 455; x_wconf 87' lang='lat' dir='ltr'><strong>pur-</strong></span> 
     </span>
     <span class='ocr_line' id='line_1_59' title="bbox 1158 454 1793 500; baseline 0.009 -13"><span class='ocrx_word' id='word_1_237' title='bbox 1158 466 1245 500; x_wconf 81' lang='lat' dir='ltr'><strong>pura</strong></span> <span class='ocrx_word' id='word_1_238' title='bbox 1281 456 1413 489; x_wconf 87' lang='lat' dir='ltr'><strong>tinctus</strong></span> <span class='ocrx_word' id='word_1_239' title='bbox 1448 458 1529 496; x_wconf 87' lang='grc'><strong>228,</strong></span> <span class='ocrx_word' id='word_1_240' title='bbox 1557 454 1591 491; x_wconf 83' lang='lat'><strong>4-</strong></span> <span class='ocrx_word' id='word_1_241' title='bbox 1631 459 1712 497; x_wconf 83' lang='lat'><strong>555,</strong></span> <span class='ocrx_word' id='word_1_242' title='bbox 1737 461 1793 493; x_wconf 82' lang='lat'><strong>25·</strong></span> 
     </span>
     <span class='ocr_line' id='line_1_60' title="bbox 1159 501 1411 542; baseline -0.004 -4"><span class='ocrx_word' id='word_1_243' title='bbox 1159 501 1223 534; x_wconf 86' lang='lat' dir='ltr'><strong>cfr·</strong></span> <span class='ocrx_word' id='word_1_244' title='bbox 1246 505 1326 542; x_wconf 84' lang='grc'><strong>753,</strong></span> <span class='ocrx_word' id='word_1_245' title='bbox 1353 504 1411 538; x_wconf 88' lang='grc'><strong>29.</strong></span> 
     </span>
    </p>

    <p class='ocr_par' dir='ltr' id='par_1_39' title="bbox 1112 547 1796 636">
     <span class='ocr_line' id='line_1_61' title="bbox 1112 547 1796 585; baseline 0 -1"><span class='ocrx_word' id='word_1_246' title='bbox 1112 547 1388 584; x_wconf 74' lang='grc' dir='ltr'><em>ὀπισθοποδεῖν</em></span> <span class='ocrx_word' id='word_1_247' title='bbox 1413 549 1582 583; x_wconf 81' lang='lat' dir='ltr'><strong>solebant</strong></span> <span class='ocrx_word' id='word_1_248' title='bbox 1599 549 1726 584; x_wconf 86' lang='lat' dir='ltr'><strong>Graeci</strong></span> <span class='ocrx_word' id='word_1_249' title='bbox 1752 563 1796 585; x_wconf 82' lang='lat' dir='ltr'><strong>ex</strong></span> 
     </span>
     <span class='ocr_line' id='line_1_62' title="bbox 1158 596 1596 636; baseline 0.011 -8"><span class='ocrx_word' id='word_1_250' title='bbox 1158 596 1318 629; x_wconf 87' lang='lat' dir='ltr'><strong>ecclesiis</strong></span> <span class='ocrx_word' id='word_1_251' title='bbox 1343 602 1410 629; x_wconf 83' lang='lat' dir='ltr'><strong>etc.</strong></span> <span class='ocrx_word' id='word_1_252' title='bbox 1436 596 1515 636; x_wconf 79' lang='lat'><strong>640,</strong></span> <span class='ocrx_word' id='word_1_253' title='bbox 1539 599 1596 632; x_wconf 80' lang='lat'><strong>21.</strong></span> 
     </span>
    </p>

    <p class='ocr_par' dir='ltr' id='par_1_40' title="bbox 1109 640 1580 688">
     <span class='ocr_line' id='line_1_63' title="bbox 1109 640 1580 688; baseline -0.006 -10"><span class='ocrx_word' id='word_1_254' title='bbox 1109 640 1226 678; x_wconf 81' lang='grc' dir='ltr'><em>ὅπλον</em></span> <span class='ocrx_word' id='word_1_255' title='bbox 1253 655 1316 688; x_wconf 86' lang='lat' dir='ltr'><strong>pro</strong></span> <span class='ocrx_word' id='word_1_256' title='bbox 1340 649 1440 677; x_wconf 88' lang='lat' dir='ltr'><strong>scuto</strong></span> <span class='ocrx_word' id='word_1_257' title='bbox 1463 643 1522 683; x_wconf 83' lang='lat'><strong>48,</strong></span> <span class='ocrx_word' id='word_1_258' title='bbox 1549 644 1580 675; x_wconf 90' lang='lat'>1.</span> 
     </span>
    </p>

    <p class='ocr_par' dir='ltr' id='par_1_41' title="bbox 1110 689 1794 735">
     <span class='ocr_line' id='line_1_64' title="bbox 1110 689 1794 735; baseline 0.001 -13"><span class='ocrx_word' id='word_1_259' title='bbox 1110 690 1208 735; x_wconf 87' lang='lat' dir='ltr'><strong>Opus</strong></span> <span class='ocrx_word' id='word_1_260' title='bbox 1233 690 1277 723; x_wconf 82' lang='lat' dir='ltr'><strong>de</strong></span> <span class='ocrx_word' id='word_1_261' title='bbox 1300 690 1434 735; x_wconf 83' lang='lat' dir='ltr'><strong>nigello</strong></span> <span class='ocrx_word' id='word_1_262' title='bbox 1458 689 1548 735; x_wconf 86' lang='lat' dir='ltr'><strong>quid</strong></span> <span class='ocrx_word' id='word_1_263' title='bbox 1574 691 1622 724; x_wconf 85' lang='lat' dir='ltr'><strong>sit</strong></span> <span class='ocrx_word' id='word_1_264' title='bbox 1645 692 1794 732; x_wconf 85' lang='grc'><strong>208,10.</strong></span> 
     </span>
    </p>

    <p class='ocr_par' dir='ltr' id='par_1_42' title="bbox 1109 737 1795 829">
     <span class='ocr_line' id='line_1_65' title="bbox 1109 737 1795 783; baseline 0.001 -13"><span class='ocrx_word' id='word_1_265' title='bbox 1109 737 1300 783; x_wconf 83' lang='lat' dir='ltr'>optimates</span> <span class='ocrx_word' id='word_1_266' title='bbox 1339 738 1546 782; x_wconf 85' lang='lat' dir='ltr'><strong>despectum</strong></span> <span class='ocrx_word' id='word_1_267' title='bbox 1582 743 1691 783; x_wconf 82' lang='lat' dir='ltr'><strong>atque</strong></span> <span class='ocrx_word' id='word_1_268' title='bbox 1723 738 1795 772; x_wconf 78' lang='lat' dir='ltr'><strong>vile</strong></span> 
     </span>
     <span class='ocr_line' id='line_1_66' title="bbox 1155 785 1636 829; baseline 0.002 -13"><span class='ocrx_word' id='word_1_269' title='bbox 1155 785 1308 817; x_wconf 83' lang='lat' dir='ltr'><strong>militiae</strong></span> <span class='ocrx_word' id='word_1_270' title='bbox 1336 795 1448 829; x_wconf 82' lang='lat' dir='ltr'><strong>genus</strong></span> <span class='ocrx_word' id='word_1_271' title='bbox 1477 785 1553 824; x_wconf 85' lang='lat'>155,</span> <span class='ocrx_word' id='word_1_272' title='bbox 1578 786 1636 820; x_wconf 88' lang='lat'><strong>36.</strong></span> 
     </span>
    </p>

    <p class='ocr_par' dir='ltr' id='par_1_43' title="bbox 1108 830 1793 919">
     <span class='ocr_line' id='line_1_67' title="bbox 1108 830 1793 877; baseline 0.001 -14"><span class='ocrx_word' id='word_1_273' title='bbox 1108 832 1208 876; x_wconf 86' lang='lat' dir='ltr'><strong>optio</strong></span> <span class='ocrx_word' id='word_1_274' title='bbox 1236 830 1395 864; x_wconf 85' lang='lat' dir='ltr'><strong>delectus</strong></span> <span class='ocrx_word' id='word_1_275' title='bbox 1421 831 1521 864; x_wconf 85' lang='lat' dir='ltr'><strong>miles</strong></span> <span class='ocrx_word' id='word_1_276' title='bbox 1534 833 1684 871; x_wconf 82' lang='lat'><strong>396,18.</strong></span> <span class='ocrx_word' id='word_1_277' title='bbox 1710 843 1793 877; x_wconf 82' lang='lat' dir='ltr'><strong>pro—</strong></span> 
     </span>
     <span class='ocr_line' id='line_1_68' title="bbox 1154 879 1641 919; baseline 0 -8"><span class='ocrx_word' id='word_1_278' title='bbox 1154 883 1296 911; x_wconf 78' lang='lat' dir='ltr'><strong>curator</strong></span> <span class='ocrx_word' id='word_1_279' title='bbox 1315 889 1479 911; x_wconf 83' lang='lat' dir='ltr'><strong>annonae</strong></span> <span class='ocrx_word' id='word_1_280' title='bbox 1502 879 1584 919; x_wconf 73' lang='lat'><strong>846,</strong></span> <span class='ocrx_word' id='word_1_281' title='bbox 1606 880 1641 914; x_wconf 83' lang='lat'>6.</span> 
     </span>
    </p>

    <p class='ocr_par' dir='ltr' id='par_1_44' title="bbox 1108 922 1793 1012">
     <span class='ocr_line' id='line_1_69' title="bbox 1108 922 1793 972; baseline -0.004 -12"><span class='ocrx_word' id='word_1_282' title='bbox 1108 922 1425 972; x_wconf 72' lang='grc' dir='ltr'><strong>ὄπτόμινσος304,</strong></span> <span class='ocrx_word' id='word_1_283' title='bbox 1443 928 1477 962; x_wconf 92' lang='grc'><strong>9.</strong></span> <span class='ocrx_word' id='word_1_284' title='bbox 1506 925 1683 958; x_wconf 81' lang='lat' dir='ltr'><strong>secundus</strong></span> <span class='ocrx_word' id='word_1_285' title='bbox 1708 925 1793 958; x_wconf 83' lang='lat' dir='ltr'><strong>mis-</strong></span> 
     </span>
     <span class='ocr_line' id='line_1_70' title="bbox 1154 973 1792 1012; baseline -0.002 -7"><span class='ocrx_word' id='word_1_286' title='bbox 1154 984 1213 1005; x_wconf 89' lang='lat' dir='ltr'><strong>sus</strong></span> <span class='ocrx_word' id='word_1_287' title='bbox 1238 973 1275 1005; x_wconf 90' lang='lat' dir='ltr'><strong>in</strong></span> <span class='ocrx_word' id='word_1_288' title='bbox 1300 973 1463 1006; x_wconf 85' lang='lat' dir='ltr'><strong>convivio</strong></span> <span class='ocrx_word' id='word_1_289' title='bbox 1478 973 1558 1012; x_wconf 88' lang='grc'>865,</span> <span class='ocrx_word' id='word_1_290' title='bbox 1578 975 1609 1008; x_wconf 91' lang='grc'><strong>7.</strong></span> <span class='ocrx_word' id='word_1_291' title='bbox 1628 974 1710 1012; x_wconf 86' lang='grc'><strong>878,</strong></span> <span class='ocrx_word' id='word_1_292' title='bbox 1740 974 1792 1007; x_wconf 90' lang='grc'><strong>13.</strong></span> 
     </span>
    </p>

    <p class='ocr_par' dir='ltr' id='par_1_45' title="bbox 1107 1018 1795 1106">
     <span class='ocr_line' id='line_1_71' title="bbox 1107 1018 1795 1066; baseline -0.004 -11"><span class='ocrx_word' id='word_1_293' title='bbox 1107 1018 1253 1066; x_wconf 76' lang='grc' dir='ltr'><em>ὄργανα</em></span> <span class='ocrx_word' id='word_1_294' title='bbox 1288 1031 1373 1053; x_wconf 86' lang='lat' dir='ltr'><strong>num</strong></span> <span class='ocrx_word' id='word_1_295' title='bbox 1399 1020 1436 1052; x_wconf 89' lang='lat' dir='ltr'><strong>in</strong></span> <span class='ocrx_word' id='word_1_296' title='bbox 1473 1019 1634 1052; x_wconf 87' lang='lat' dir='ltr'><strong>ecclesiis</strong></span> <span class='ocrx_word' id='word_1_297' title='bbox 1659 1019 1795 1052; x_wconf 81' lang='lat' dir='ltr'><strong>fuerint</strong></span> 
     </span>
     <span class='ocr_line' id='line_1_72' title="bbox 1155 1066 1792 1106; baseline -0.003 -6"><span class='ocrx_word' id='word_1_298' title='bbox 1155 1069 1234 1106; x_wconf 89' lang='grc'><strong>137,</strong></span> <span class='ocrx_word' id='word_1_299' title='bbox 1253 1069 1306 1102; x_wconf 87' lang='grc'><strong>17.</strong></span> <span class='ocrx_word' id='word_1_300' title='bbox 1357 1067 1393 1099; x_wconf 91' lang='lat' dir='ltr'><strong>in</strong></span> <span class='ocrx_word' id='word_1_301' title='bbox 1407 1066 1510 1100; x_wconf 90' lang='lat' dir='ltr'><strong>Circo</strong></span> <span class='ocrx_word' id='word_1_302' title='bbox 1531 1068 1720 1106; x_wconf 80' lang='lat' dir='ltr'><strong>erant302,</strong></span> <span class='ocrx_word' id='word_1_303' title='bbox 1735 1068 1792 1102; x_wconf 81' lang='lat'>25.</span> 
     </span>
    </p>

    <p class='ocr_par' dir='ltr' id='par_1_46' title="bbox 1107 1111 1793 1159">
     <span class='ocr_line' id='line_1_73' title="bbox 1107 1111 1793 1159; baseline 0 -13"><span class='ocrx_word' id='word_1_304' title='bbox 1107 1111 1334 1159; x_wconf 78' lang='grc' dir='ltr'><em>ὀργανάριοι</em></span> <span class='ocrx_word' id='word_1_305' title='bbox 1349 1113 1410 1159; x_wconf 90' lang='lat' dir='ltr'><strong>qui</strong></span> <span class='ocrx_word' id='word_1_306' title='bbox 1425 1113 1566 1158; x_wconf 79' lang='lat' dir='ltr'><strong>organis</strong></span> <span class='ocrx_word' id='word_1_307' title='bbox 1591 1117 1723 1146; x_wconf 82' lang='lat' dir='ltr'><strong>canunt</strong></span> <span class='ocrx_word' id='word_1_308' title='bbox 1735 1114 1793 1153; x_wconf 87' lang='lat'><strong>92,</strong></span> 
     </span>
    </p>

    <p class='ocr_par' dir='ltr' id='par_1_47' title="bbox 1107 1204 1793 1296">
     <span class='ocr_line' id='line_1_74' title="bbox 1107 1204 1793 1252; baseline -0.001 -13"><span class='ocrx_word' id='word_1_309' title='bbox 1107 1206 1260 1239; x_wconf 85' lang='lat' dir='ltr'><strong>Ordines</strong></span> <span class='ocrx_word' id='word_1_310' title='bbox 1277 1217 1305 1238; x_wconf 89' lang='lat' dir='ltr'>s.</span> <span class='ocrx_word' id='word_1_311' title='bbox 1333 1205 1418 1238; x_wconf 81' lang='lat' dir='ltr'><strong>libri</strong></span> <span class='ocrx_word' id='word_1_312' title='bbox 1444 1204 1638 1246; x_wconf 84' lang='lat' dir='ltr'><strong>ordinales,</strong></span> <span class='ocrx_word' id='word_1_313' title='bbox 1654 1205 1717 1252; x_wconf 90' lang='lat' dir='ltr'><strong>qui</strong></span> <span class='ocrx_word' id='word_1_314' title='bbox 1746 1205 1793 1238; x_wconf 81' lang='lat' dir='ltr'><strong>de</strong></span> 
     </span>
     <span class='ocr_line' id='line_1_75' title="bbox 1153 1253 1645 1296; baseline 0 -10"><span class='ocrx_word' id='word_1_315' title='bbox 1153 1253 1362 1286; x_wconf 81' lang='lat' dir='ltr'><strong>ceremoniis</strong></span> <span class='ocrx_word' id='word_1_316' title='bbox 1390 1257 1503 1296; x_wconf 78' lang='lat' dir='ltr'><strong>agunt</strong></span> <span class='ocrx_word' id='word_1_317' title='bbox 1529 1254 1563 1292; x_wconf 88' lang='lat'><strong>6,</strong></span> <span class='ocrx_word' id='word_1_318' title='bbox 1588 1255 1645 1289; x_wconf 84' lang='lat'>28.</span> 
     </span>
    </p>
   </div>
   <div class='ocr_carea' id='block_1_6' title="bbox 1107 1299 1793 1382">
    <p class='ocr_par' dir='ltr' id='par_1_48' title="bbox 1107 1299 1793 1382">
     <span class='ocr_line' id='line_1_76' title="bbox 1107 1299 1793 1382; baseline -0.003 -48"><span class='ocrx_word' id='word_1_319' title='bbox 1107 1299 1329 1382; x_wconf 55' lang='lat' dir='ltr'><strong>69=¹9260¹iloe5</strong></span> <span class='ocrx_word' id='word_1_320' title='bbox 1363 1299 1493 1333; x_wconf 83' lang='lat' dir='ltr'><strong>festum</strong></span> <span class='ocrx_word' id='word_1_321' title='bbox 1517 1300 1675 1340; x_wconf 78' lang='grc'><strong>232,“42.</strong></span> <span class='ocrx_word' id='word_1_322' title='bbox 1711 1299 1793 1339; x_wconf 88' lang='grc'><strong>886,</strong></span> 
     </span>
    </p>
   </div>
   <div class='ocr_carea' id='block_1_7' title="bbox 1107 1390 1798 2423">
    <p class='ocr_par' dir='ltr' id='par_1_49' title="bbox 1107 1390 1793 1484">
     <span class='ocr_line' id='line_1_77' title="bbox 1107 1390 1793 1440; baseline -0.007 -11"><span class='ocrx_word' id='word_1_323' title='bbox 1107 1392 1313 1440; x_wconf 72' lang='grc' dir='ltr'><strong>ὀρθόδοξος</strong></span> <span class='ocrx_word' id='word_1_324' title='bbox 1341 1393 1427 1437; x_wconf 90' lang='lat' dir='ltr'>Imp.</span> <span class='ocrx_word' id='word_1_325' title='bbox 1450 1392 1567 1425; x_wconf 83' lang='lat' dir='ltr'><strong>Deum</strong></span> <span class='ocrx_word' id='word_1_326' title='bbox 1595 1390 1793 1438; x_wconf 84' lang='lat' dir='ltr'><strong>precaban-</strong></span> 
     </span>
     <span class='ocr_line' id='line_1_78' title="bbox 1153 1440 1563 1484; baseline -0.007 -10"><span class='ocrx_word' id='word_1_327' title='bbox 1153 1447 1212 1474; x_wconf 86' lang='lat' dir='ltr'><strong>tur</strong></span> <span class='ocrx_word' id='word_1_328' title='bbox 1235 1440 1361 1473; x_wconf 85' lang='lat' dir='ltr'><strong>Graeci</strong></span> <span class='ocrx_word' id='word_1_329' title='bbox 1386 1442 1456 1475; x_wconf 83' lang='grc'><strong>433</strong></span> <span class='ocrx_word' id='word_1_330' title='bbox 1480 1450 1563 1484; x_wconf 87' lang='lat' dir='ltr'>pen.</span> 
     </span>
    </p>

    <p class='ocr_par' dir='ltr' id='par_1_50' title="bbox 1108 1487 1585 1535">
     <span class='ocr_line' id='line_1_79' title="bbox 1108 1487 1585 1535; baseline -0.002 -12"><span class='ocrx_word' id='word_1_331' title='bbox 1108 1487 1309 1535; x_wconf 74' lang='grc' dir='ltr'><em>ὄρθομίλια</em></span> <span class='ocrx_word' id='word_1_332' title='bbox 1332 1497 1416 1519; x_wconf 81' lang='lat' dir='ltr'><strong>vasa</strong></span> <span class='ocrx_word' id='word_1_333' title='bbox 1441 1488 1521 1526; x_wconf 84' lang='lat'><strong>562,</strong></span> <span class='ocrx_word' id='word_1_334' title='bbox 1551 1487 1585 1522; x_wconf 85' lang='lat'><strong>5·</strong></span> 
     </span>
    </p>

    <p class='ocr_par' dir='ltr' id='par_1_51' title="bbox 1108 1530 1747 1581">
     <span class='ocr_line' id='line_1_80' title="bbox 1108 1530 1747 1581; baseline -0.006 -14"><span class='ocrx_word' id='word_1_335' title='bbox 1108 1535 1219 1581; x_wconf 78' lang='grc' dir='ltr'><em>ὅρκος</em></span> <span class='ocrx_word' id='word_1_336' title='bbox 1242 1544 1349 1579; x_wconf 87' lang='lat' dir='ltr'><strong>super</strong></span> <span class='ocrx_word' id='word_1_337' title='bbox 1375 1533 1560 1576; x_wconf 83' lang='lat' dir='ltr'><strong>evangelio</strong></span> <span class='ocrx_word' id='word_1_338' title='bbox 1582 1532 1663 1572; x_wconf 81' lang='lat'><strong>436,</strong></span> <span class='ocrx_word' id='word_1_339' title='bbox 1689 1530 1747 1566; x_wconf 79' lang='grc'><strong>41.</strong></span> 
     </span>
    </p>

    <p class='ocr_par' dir='ltr' id='par_1_52' title="bbox 1109 1578 1795 1669">
     <span class='ocr_line' id='line_1_81' title="bbox 1109 1578 1795 1629; baseline -0.013 -11"><span class='ocrx_word' id='word_1_340' title='bbox 1109 1580 1360 1629; x_wconf 79' lang='grc' dir='ltr'><em>ὃρκοσκόπιον</em></span> <span class='ocrx_word' id='word_1_341' title='bbox 1370 1579 1561 1613; x_wconf 78' lang='lat' dir='ltr'><strong>iuramenti</strong></span> <span class='ocrx_word' id='word_1_342' title='bbox 1592 1578 1795 1623; x_wconf 81' lang='lat' dir='ltr'><strong>exemplum</strong></span> 
     </span>
     <span class='ocr_line' id='line_1_82' title="bbox 1153 1630 1294 1669; baseline -0.028 -5"><span class='ocrx_word' id='word_1_343' title='bbox 1153 1630 1235 1669; x_wconf 84' lang='lat'><strong>430,</strong></span> <span class='ocrx_word' id='word_1_344' title='bbox 1262 1631 1294 1664; x_wconf 90' lang='grc'><strong>7.</strong></span> 
     </span>
    </p>

    <p class='ocr_par' dir='ltr' id='par_1_53' title="bbox 1108 1671 1792 1761">
     <span class='ocr_line' id='line_1_83' title="bbox 1108 1671 1792 1723; baseline -0.007 -15"><span class='ocrx_word' id='word_1_345' title='bbox 1108 1675 1204 1723; x_wconf 75' lang='grc' dir='ltr'><em>ὄργα</em></span> <span class='ocrx_word' id='word_1_346' title='bbox 1230 1686 1290 1708; x_wconf 84' lang='lat' dir='ltr'><strong>ora</strong></span> <span class='ocrx_word' id='word_1_347' title='bbox 1317 1673 1426 1706; x_wconf 83' lang='lat' dir='ltr'><strong>vestis</strong></span> <span class='ocrx_word' id='word_1_348' title='bbox 1441 1696 1451 1714; x_wconf 93' lang='lat'><strong>,</strong></span> <span class='ocrx_word' id='word_1_349' title='bbox 1475 1671 1607 1705; x_wconf 85' lang='lat' dir='ltr'><strong>limbus</strong></span> <span class='ocrx_word' id='word_1_350' title='bbox 1633 1673 1714 1712; x_wconf 85' lang='lat'><strong>280,</strong></span> <span class='ocrx_word' id='word_1_351' title='bbox 1736 1671 1792 1706; x_wconf 83' lang='lat'><strong>35.</strong></span> 
     </span>
     <span class='ocr_line' id='line_1_84' title="bbox 1154 1719 1433 1761; baseline -0.018 -5"><span class='ocrx_word' id='word_1_352' title='bbox 1154 1733 1243 1756; x_wconf 84' lang='lat' dir='ltr'><strong>urna</strong></span> <span class='ocrx_word' id='word_1_353' title='bbox 1270 1723 1351 1761; x_wconf 88' lang='grc'><strong>320,</strong></span> <span class='ocrx_word' id='word_1_354' title='bbox 1375 1719 1433 1756; x_wconf 84' lang='grc'><strong>24.</strong></span> 
     </span>
    </p>

    <p class='ocr_par' dir='ltr' id='par_1_54' title="bbox 1109 1765 1794 1857">
     <span class='ocr_line' id='line_1_85' title="bbox 1109 1765 1794 1817; baseline -0.012 -13"><span class='ocrx_word' id='word_1_355' title='bbox 1109 1768 1335 1817; x_wconf 77' lang='grc' dir='ltr'><em>ὂρνατόριον</em></span> <span class='ocrx_word' id='word_1_356' title='bbox 1359 1765 1579 1799; x_wconf 79' lang='lat' dir='ltr'><strong>umatorium</strong></span> <span class='ocrx_word' id='word_1_357' title='bbox 1617 1765 1686 1800; x_wconf 85' lang='lat'><strong>318</strong></span> <span class='ocrx_word' id='word_1_358' title='bbox 1712 1775 1794 1809; x_wconf 84' lang='lat' dir='ltr'>pen.</span> 
     </span>
     <span class='ocr_line' id='line_1_86' title="bbox 1154 1810 1767 1857; baseline -0.011 -7"><span class='ocrx_word' id='word_1_359' title='bbox 1154 1827 1264 1849; x_wconf 78' lang='lat' dir='ltr'><strong>urnae</strong></span> <span class='ocrx_word' id='word_1_360' title='bbox 1286 1815 1459 1848; x_wconf 82' lang='lat' dir='ltr'><strong>victorum</strong></span> <span class='ocrx_word' id='word_1_361' title='bbox 1491 1811 1649 1857; x_wconf 77' lang='lat' dir='ltr'><strong>praemia</strong></span> <span class='ocrx_word' id='word_1_362' title='bbox 1680 1810 1767 1844; x_wconf 87' lang='lat' dir='ltr'><strong>ibid.</strong></span> 
     </span>
    </p>

    <p class='ocr_par' dir='ltr' id='par_1_55' title="bbox 1108 1858 1793 1910">
     <span class='ocr_line' id='line_1_87' title="bbox 1108 1858 1793 1910; baseline -0.012 -12"><span class='ocrx_word' id='word_1_363' title='bbox 1108 1863 1220 1910; x_wconf 82' lang='grc' dir='ltr'><em>ὃρρία</em></span> <span class='ocrx_word' id='word_1_364' title='bbox 1231 1864 1318 1907; x_wconf 86' lang='lat' dir='ltr'>Imp.</span> <span class='ocrx_word' id='word_1_365' title='bbox 1330 1871 1394 1906; x_wconf 84' lang='lat' dir='ltr'><strong>pei·</strong></span> <span class='ocrx_word' id='word_1_366' title='bbox 1406 1859 1533 1894; x_wconf 84' lang='lat' dir='ltr'><strong>horrea</strong></span> <span class='ocrx_word' id='word_1_367' title='bbox 1545 1858 1747 1897; x_wconf 77' lang='lat' dir='ltr'><strong>obiti0822‚</strong></span> <span class='ocrx_word' id='word_1_368' title='bbox 1760 1860 1793 1894; x_wconf 91' lang='grc'><strong>7.</strong></span> 
     </span>
    </p>

    <p class='ocr_par' dir='ltr' id='par_1_56' title="bbox 1111 1904 1796 1995">
     <span class='ocr_line' id='line_1_88' title="bbox 1111 1904 1796 1957; baseline -0.013 -11"><span class='ocrx_word' id='word_1_369' title='bbox 1111 1909 1409 1957; x_wconf 71' lang='grc' dir='ltr'><strong>ὄρᾳ-,ανοτρόφος</strong></span> <span class='ocrx_word' id='word_1_370' title='bbox 1455 1915 1590 1940; x_wconf 77' lang='lat' dir='ltr'><strong>summa</strong></span> <span class='ocrx_word' id='word_1_371' title='bbox 1640 1904 1796 1949; x_wconf 82' lang='lat' dir='ltr'><strong>dignitas</strong></span> 
     </span>
     <span class='ocr_line' id='line_1_89' title="bbox 1161 1955 1319 1995; baseline -0.025 -2"><span class='ocrx_word' id='word_1_372' title='bbox 1161 1959 1237 1995; x_wconf 83' lang='lat'><strong>195,</strong></span> <span class='ocrx_word' id='word_1_373' title='bbox 1261 1955 1319 1991; x_wconf 81' lang='lat'>42.</span> 
     </span>
    </p>

    <p class='ocr_par' dir='ltr' id='par_1_57' title="bbox 1111 1998 1798 2084">
     <span class='ocr_line' id='line_1_90' title="bbox 1111 1998 1798 2050; baseline -0.015 -11"><span class='ocrx_word' id='word_1_374' title='bbox 1111 2004 1305 2050; x_wconf 74' lang='grc' dir='ltr'><em>ὄστιάριος</em></span> <span class='ocrx_word' id='word_1_375' title='bbox 1329 2001 1494 2035; x_wconf 82' lang='lat' dir='ltr'><strong>ostiarius</strong></span> <span class='ocrx_word' id='word_1_376' title='bbox 1535 1998 1714 2046; x_wconf 84' lang='lat' dir='ltr'><strong>palatinus</strong></span> <span class='ocrx_word' id='word_1_377' title='bbox 1738 1998 1798 2038; x_wconf 86' lang='lat'><strong>66,</strong></span> 
     </span>
     <span class='ocr_line' id='line_1_91' title="bbox 1160 2047 1617 2084; baseline -0.013 0"><span class='ocrx_word' id='word_1_378' title='bbox 1160 2051 1213 2084; x_wconf 88' lang='lat'>16.</span> <span class='ocrx_word' id='word_1_379' title='bbox 1265 2049 1432 2082; x_wconf 85' lang='lat' dir='ltr'><strong>ecclesiae</strong></span> <span class='ocrx_word' id='word_1_380' title='bbox 1460 2049 1523 2083; x_wconf 90' lang='grc'><strong>117</strong></span> <span class='ocrx_word' id='word_1_381' title='bbox 1552 2047 1617 2079; x_wconf 77' lang='lat' dir='ltr'>ult.</span> 
     </span>
    </p>

    <p class='ocr_par' dir='ltr' id='par_1_58' title="bbox 1109 2091 1796 2224">
     <span class='ocr_line' id='line_1_92' title="bbox 1109 2091 1796 2144; baseline -0.017 -11"><span class='ocrx_word' id='word_1_382' title='bbox 1109 2097 1304 2144; x_wconf 73' lang='grc' dir='ltr'><em>ὂσᾳράὸια</em></span> <span class='ocrx_word' id='word_1_383' title='bbox 1328 2108 1355 2128; x_wconf 90' lang='lat' dir='ltr'>s.</span> <span class='ocrx_word' id='word_1_384' title='bbox 1384 2095 1518 2128; x_wconf 64' lang='lat' dir='ltr'><strong>florum&#39;</strong></span> <span class='ocrx_word' id='word_1_385' title='bbox 1534 2091 1693 2127; x_wconf 80' lang='lat' dir='ltr'><strong>fasciculi</strong></span> <span class='ocrx_word' id='word_1_386' title='bbox 1709 2092 1796 2136; x_wconf 82' lang='lat' dir='ltr'>Imp.</span> 
     </span>
     <span class='ocr_line' id='line_1_93' title="bbox 1158 2138 1796 2182; baseline -0.011 -5"><span class='ocrx_word' id='word_1_387' title='bbox 1158 2144 1400 2177; x_wconf 61' lang='lat' dir='ltr'><strong>offerebantur</strong></span> <span class='ocrx_word' id='word_1_388' title='bbox 1424 2145 1505 2182; x_wconf 84' lang='grc'><strong>211,</strong></span> <span class='ocrx_word' id='word_1_389' title='bbox 1538 2145 1569 2176; x_wconf 89' lang='lat'>1.</span> <span class='ocrx_word' id='word_1_390' title='bbox 1622 2138 1666 2172; x_wconf 89' lang='lat' dir='ltr'><strong>de</strong></span> <span class='ocrx_word' id='word_1_391' title='bbox 1699 2138 1796 2170; x_wconf 75' lang='lat' dir='ltr'><strong>olfa-</strong></span> 
     </span>
     <span class='ocr_line' id='line_1_94' title="bbox 1158 2187 1572 2224; baseline -0.01 0"><span class='ocrx_word' id='word_1_392' title='bbox 1158 2192 1278 2224; x_wconf 82' lang='lat' dir='ltr'><strong>ctoriis</strong></span> <span class='ocrx_word' id='word_1_393' title='bbox 1306 2188 1376 2222; x_wconf 87' lang='lat' dir='ltr'>vid.</span> <span class='ocrx_word' id='word_1_394' title='bbox 1404 2187 1572 2223; x_wconf 76' lang='grc' dir='ltr'><strong>ἄλειπτά.</strong></span> 
     </span>
    </p>

    <p class='ocr_par' dir='ltr' id='par_1_59' title="bbox 1112 2231 1732 2272">
     <span class='ocr_line' id='line_1_95' title="bbox 1112 2231 1732 2272; baseline -0.013 -1"><span class='ocrx_word' id='word_1_395' title='bbox 1112 2252 1133 2272; x_wconf 92' lang='lat' dir='ltr'><strong>u</strong></span> <span class='ocrx_word' id='word_1_396' title='bbox 1163 2239 1334 2271; x_wconf 84' lang='lat' dir='ltr'><strong>insertum</strong></span> <span class='ocrx_word' id='word_1_397' title='bbox 1359 2235 1544 2268; x_wconf 80' lang='lat' dir='ltr'><strong>abundans</strong></span> <span class='ocrx_word' id='word_1_398' title='bbox 1570 2235 1651 2272; x_wconf 83' lang='lat'><strong>652,</strong></span> <span class='ocrx_word' id='word_1_399' title='bbox 1674 2231 1732 2267; x_wconf 82' lang='grc'><strong>41.</strong></span> 
     </span>
    </p>

    <p class='ocr_par' dir='ltr' id='par_1_60' title="bbox 1114 2281 1796 2370">
     <span class='ocr_line' id='line_1_96' title="bbox 1114 2281 1796 2330; baseline -0.016 -10"><span class='ocrx_word' id='word_1_400' title='bbox 1114 2283 1301 2330; x_wconf 76' lang='grc' dir='ltr'><em>Οὗράνιος</em></span> <span class='ocrx_word' id='word_1_401' title='bbox 1330 2283 1387 2316; x_wconf 88' lang='lat' dir='ltr'><strong>vel</strong></span> <span class='ocrx_word' id='word_1_402' title='bbox 1415 2281 1583 2329; x_wconf 78' lang='grc' dir='ltr'><em>Οὔρανος</em></span> <span class='ocrx_word' id='word_1_403' title='bbox 1617 2290 1702 2324; x_wconf 79' lang='lat' dir='ltr'><strong>gens</strong></span> <span class='ocrx_word' id='word_1_404' title='bbox 1727 2288 1796 2310; x_wconf 90' lang='lat' dir='ltr'><strong>no-</strong></span> 
     </span>
     <span class='ocr_line' id='line_1_97' title="bbox 1158 2332 1438 2370; baseline -0.011 -5"><span class='ocrx_word' id='word_1_405' title='bbox 1158 2332 1240 2365; x_wconf 84' lang='lat' dir='ltr'><strong>bilis</strong></span> <span class='ocrx_word' id='word_1_406' title='bbox 1279 2332 1357 2370; x_wconf 82' lang='lat'><strong>789,</strong></span> <span class='ocrx_word' id='word_1_407' title='bbox 1385 2332 1438 2364; x_wconf 88' lang='grc'><strong>11.</strong></span> 
     </span>
    </p>

    <p class='ocr_par' dir='ltr' id='par_1_61' title="bbox 1112 2372 1795 2423">
     <span class='ocr_line' id='line_1_98' title="bbox 1112 2372 1795 2423; baseline -0.012 -11"><span class='ocrx_word' id='word_1_408' title='bbox 1112 2378 1317 2412; x_wconf 81' lang='lat' dir='ltr'><strong>terminatio</strong></span> <span class='ocrx_word' id='word_1_409' title='bbox 1343 2376 1474 2423; x_wconf 83' lang='grc' dir='ltr'><em>οὐριον</em></span> <span class='ocrx_word' id='word_1_410' title='bbox 1496 2385 1559 2421; x_wconf 85' lang='lat' dir='ltr'><strong>pro</strong></span> <span class='ocrx_word' id='word_1_411' title='bbox 1585 2372 1702 2418; x_wconf 81' lang='grc' dir='ltr'><em>ώριον</em></span> <span class='ocrx_word' id='word_1_412' title='bbox 1713 2372 1795 2409; x_wconf 88' lang='grc'><strong>321,</strong></span> 
     </span>
    </p>
   </div>
   <div class='ocr_carea' id='block_1_8' title="bbox 1115 2462 1800 2832">
    <p class='ocr_par' dir='ltr' id='par_1_62' title="bbox 1115 2462 1796 2554">
     <span class='ocr_line' id='line_1_99' title="bbox 1115 2462 1796 2516; baseline -0.018 -10"><span class='ocrx_word' id='word_1_413' title='bbox 1115 2485 1156 2506; x_wconf 84' lang='lat' dir='ltr'><strong>us</strong></span> <span class='ocrx_word' id='word_1_414' title='bbox 1182 2484 1245 2516; x_wconf 80' lang='lat' dir='ltr'><strong>pro</strong></span> <span class='ocrx_word' id='word_1_415' title='bbox 1271 2482 1319 2511; x_wconf 90' lang='lat' dir='ltr'><strong>os,</strong></span> <span class='ocrx_word' id='word_1_416' title='bbox 1343 2474 1383 2502; x_wconf 81' lang='lat' dir='ltr'><strong>ut</strong></span> <span class='ocrx_word' id='word_1_417' title='bbox 1398 2480 1511 2502; x_wconf 81' lang='lat' dir='ltr'><strong>annus</strong></span> <span class='ocrx_word' id='word_1_418' title='bbox 1536 2466 1589 2512; x_wconf 84' lang='lat' dir='ltr'><strong>(in</strong></span> <span class='ocrx_word' id='word_1_419' title='bbox 1603 2475 1674 2498; x_wconf 90' lang='lat' dir='ltr'>acc.</span> <span class='ocrx_word' id='word_1_420' title='bbox 1687 2462 1796 2509; x_wconf 82' lang='lat' dir='ltr'>plur.)</span> 
     </span>
     <span class='ocr_line' id='line_1_100' title="bbox 1162 2515 1618 2554; baseline -0.013 -2"><span class='ocrx_word' id='word_1_421' title='bbox 1162 2520 1296 2552; x_wconf 79' lang='lat' dir='ltr'><strong>Graeca</strong></span> <span class='ocrx_word' id='word_1_422' title='bbox 1322 2517 1433 2549; x_wconf 83' lang='lat' dir='ltr'><strong>forma</strong></span> <span class='ocrx_word' id='word_1_423' title='bbox 1455 2516 1537 2554; x_wconf 80' lang='lat'>401,</span> <span class='ocrx_word' id='word_1_424' title='bbox 1560 2515 1618 2548; x_wconf 86' lang='lat'>31.</span> 
     </span>
    </p>

    <p class='ocr_par' dir='ltr' id='par_1_63' title="bbox 1117 2554 1797 2654">
     <span class='ocr_line' id='line_1_101' title="bbox 1117 2554 1797 2601; baseline -0.019 -1"><span class='ocrx_word' id='word_1_425' title='bbox 1117 2565 1227 2601; x_wconf 77' lang='grc' dir='ltr'><em>οὐσία</em></span> <span class='ocrx_word' id='word_1_426' title='bbox 1251 2563 1452 2597; x_wconf 84' lang='lat' dir='ltr'><strong>vehiculum</strong></span> <span class='ocrx_word' id='word_1_427' title='bbox 1476 2563 1534 2600; x_wconf 84' lang='lat'><strong>36,</strong></span> <span class='ocrx_word' id='word_1_428' title='bbox 1557 2559 1614 2595; x_wconf 81' lang='lat'><strong>40.</strong></span> <span class='ocrx_word' id='word_1_429' title='bbox 1664 2554 1797 2590; x_wconf 79' lang='lat' dir='ltr'><strong>familia</strong></span> 
     </span>
     <span class='ocr_line' id='line_1_102' title="bbox 1162 2605 1690 2654; baseline -0.025 -6"><span class='ocrx_word' id='word_1_430' title='bbox 1162 2615 1242 2652; x_wconf 89' lang='grc'><strong>681,</strong></span> <span class='ocrx_word' id='word_1_431' title='bbox 1268 2614 1326 2647; x_wconf 86' lang='grc'><strong>37.</strong></span> <span class='ocrx_word' id='word_1_432' title='bbox 1376 2619 1527 2654; x_wconf 81' lang='lat' dir='ltr'><strong>persona</strong></span> <span class='ocrx_word' id='word_1_433' title='bbox 1555 2607 1633 2644; x_wconf 82' lang='lat'><strong>727,</strong></span> <span class='ocrx_word' id='word_1_434' title='bbox 1656 2605 1690 2639; x_wconf 81' lang='lat'>4.</span> 
     </span>
    </p>

    <p class='ocr_par' dir='ltr' id='par_1_64' title="bbox 1118 2652 1751 2700">
     <span class='ocr_line' id='line_1_103' title="bbox 1118 2652 1751 2700; baseline -0.017 -7"><span class='ocrx_word' id='word_1_435' title='bbox 1118 2660 1200 2699; x_wconf 86' lang='lat' dir='ltr'><strong>usis,</strong></span> <span class='ocrx_word' id='word_1_436' title='bbox 1223 2658 1331 2691; x_wconf 87' lang='lat' dir='ltr'><strong>vestis</strong></span> <span class='ocrx_word' id='word_1_437' title='bbox 1363 2667 1471 2700; x_wconf 83' lang='lat' dir='ltr'><strong>genus</strong></span> <span class='ocrx_word' id='word_1_438' title='bbox 1500 2654 1577 2692; x_wconf 88' lang='grc'><strong>716,</strong></span> <span class='ocrx_word' id='word_1_439' title='bbox 1602 2652 1647 2686; x_wconf 89' lang='grc'><strong>23</strong></span> <span class='ocrx_word' id='word_1_440' title='bbox 1672 2659 1751 2694; x_wconf 84' lang='lat' dir='ltr'>sqq.</span> 
     </span>
    </p>

    <p class='ocr_par' dir='ltr' id='par_1_65' title="bbox 1118 2697 1728 2752">
     <span class='ocr_line' id='line_1_104' title="bbox 1118 2697 1728 2752; baseline -0.015 -13"><span class='ocrx_word' id='word_1_441' title='bbox 1118 2706 1285 2752; x_wconf 70' lang='grc' dir='ltr'><strong><em>ὀφείλειν</em></strong></span> <span class='ocrx_word' id='word_1_442' title='bbox 1309 2715 1372 2748; x_wconf 83' lang='lat' dir='ltr'><strong>pro</strong></span> <span class='ocrx_word' id='word_1_443' title='bbox 1394 2703 1537 2750; x_wconf 76' lang='grc' dir='ltr'><strong><em>μέλλειν</em></strong></span> <span class='ocrx_word' id='word_1_444' title='bbox 1566 2697 1647 2736; x_wconf 79' lang='lat'><strong>446,</strong></span> <span class='ocrx_word' id='word_1_445' title='bbox 1671 2697 1728 2732; x_wconf 78' lang='lat'>40.</span> 
     </span>
    </p>

    <p class='ocr_par' dir='ltr' id='par_1_66' title="bbox 1120 2741 1800 2832">
     <span class='ocr_line' id='line_1_105' title="bbox 1120 2741 1800 2799; baseline -0.024 -11"><span class='ocrx_word' id='word_1_446' title='bbox 1120 2749 1463 2799; x_wconf 53' lang='lat' dir='ltr'><strong>&amp;delini-debebant</strong></span> <span class='ocrx_word' id='word_1_447' title='bbox 1488 2746 1571 2779; x_wconf 90' lang='lat' dir='ltr'><strong>novi</strong></span> <span class='ocrx_word' id='word_1_448' title='bbox 1597 2745 1709 2788; x_wconf 85' lang='lat' dir='ltr'>Impp.</span> <span class='ocrx_word' id='word_1_449' title='bbox 1734 2741 1800 2775; x_wconf 82' lang='lat' dir='ltr'><strong>mi-</strong></span> 
     </span>
     <span class='ocr_line' id='line_1_106' title="bbox 1167 2791 1798 2832; baseline -0.021 0"><span class='ocrx_word' id='word_1_450' title='bbox 1167 2798 1293 2832; x_wconf 78' lang='lat' dir='ltr'><strong>litibus</strong></span> <span class='ocrx_word' id='word_1_451' title='bbox 1319 2802 1448 2830; x_wconf 71' lang='lat' dir='ltr'><strong>ceriam</strong></span> <span class='ocrx_word' id='word_1_452' title='bbox 1476 2802 1646 2826; x_wconf 81' lang='lat' dir='ltr'><strong>summam</strong></span> <span class='ocrx_word' id='word_1_453' title='bbox 1669 2791 1750 2830; x_wconf 77' lang='lat'>415,</span> <span class='ocrx_word' id='word_1_454' title='bbox 1767 2791 1798 2824; x_wconf 84' lang='lat'>1.</span> 
     </span>
    </p>
   </div>
  </div>
 </body>
</html>
