1884 3132
186 75 262 149 An
300 102 953 153 CONSTANT.PORPH.1)E
990 103 1395 148 CER1M.L113.1.
1448 84 1560 162 247

106 205 1038 274 rum,'-fi1nambulonum‚&avflcoetov9ya3'v
1071 207 1286 258 omnium3
1320 213 1368 246 ut
1405 213 1562 248 veteres

111 257 361 313 ἀκροάματα
394 259 652 315 appellabant
674 261 901 315 spectacula
918 263 1055 301 omnia
1081 262 1262 301 animum
1279 261 1560 314 exhilaranda,

109 317 264 356 etiamsi
294 316 395 357 nihil
418 317 638 381 haberent,
667 317 777 371 quod
808 317 1028 356 audiretur.
1087 317 1179 356 Erit
1210 318 1346 370 itaque
1370 331 1454 356 non
1489 331 1561 356 su-

109 370 312 435 perfluum
366 375 454 418 τοῖς
492 347 676 418 ἱππικοῖς
695 403 708 422 ,
751 379 798 411 ut
833 372 962 410 videri
1007 373 1161 435 possit,
1211 373 1281 412 sed
1317 372 1560 426 significabit

108 426 231 465 dictio
253 422 305 466 τὰ
331 422 480 466 ἴππικα
510 422 772 480 ἱπποδρόμια
796 427 995 481 equestria
1023 428 1217 467 circensia
1256 442 1327 468 seu
1366 429 1409 467 in
1448 429 1558 469 circo

109 481 264 520 edenda
290 481 531 535 spectacula.

219 536 265 576 C.
278 535 321 576 8.
339 535 528 592 [191,9.]
564 532 841 580 εἶσοδεύουσι.
898 536 946 575 111
982 535 1138 576 solenni
1181 536 1322 577 litania
1358 551 1429 577 seu
1461 552 1559 592 pro-

105 592 282 632 cessione
320 606 393 645 per
423 591 629 632 ecclesiam
683 592 806 631 intrat
848 592 891 630 in
939 591 1179 631 Tribunam.
1247 592 1409 632 Scilicet
1443 596 1559 658 prius

106 661 230 700 quam
265 647 433 686 intraret
469 647 691 700 Imperator
727 649 769 686 in
803 646 951 686 Navim
988 646 1206 698 ecclesiae,
1248 648 1489 688 ascendebat
1512 653 1556 688 in

107 700 420 741 Catechumenia
452 704 635 756 protinus
665 716 688 741 e
719 702 947 754 Narthece,
979 702 1115 756 ibique
1156 710 1290 742 sumto
1327 710 1475 742 ornatu
1511 705 1557 744 in

106 755 222 796 illum
248 757 355 796 diem
386 771 564 812 congruo
608 757 908 807 descendebat,
946 758 1161 797 intrabat
1150 773 1191 797 111
1226 759 1388 806 Naum,
1415 766 1457 798 et
1484 773 1558 811 per

103 824 197 851 eum
231 813 275 850 in
299 811 453 852 solenni
497 813 749 865 processione
776 813 951 852 intrabat
994 813 1182 866 deinceps
1218 813 1261 852 in
1299 813 1553 864 Tribunam,

104 873 147 908 et
168 881 215 907 ex
232 881 367 920 eaper
387 867 570 922 Cyclium
597 869 836 907 ascendebat
868 882 1005 907 rursus
1030 870 1072 907 in
1102 868 1429 908 Cateehumenia.

195 924 286 962 113.
299 923 348 961 Β.
363 922 404 963 6.
424 923 536 978 [¹92⁹
562 923 646 977 ιο.]
680 919 889 976 κιβώοιον.
944 923 1063 963 Patet
1084 923 1197 973 hinc,
1237 922 1435 976 κιβώριον
1472 938 1555 964 11011

104 982 264 1016 tantum
285 977 433 1030 pensile
459 978 560 1017 illud
588 978 823 1032 operculum
854 992 962 1026 esse,
1002 979 1112 1033 quod
1146 979 1263 1018 altari
1294 981 1554 1032 superimmi-

103 1039 248 1083 neret,
280 1033 351 1072 sed
377 1035 496 1072 etiam
523 1032 666 1081 illud,
691 1034 801 1087 quod
832 1034 1027 1072 thronum
1052 1034 1208 1087 regium
1232 1035 1348 1088 tegit.
1404 1035 1555 1074 Franci

100 1086 192 1126 dais
214 1086 415 1141 appellant
436 1103 461 1128 a
484 1089 803 1128 Latinobaibaro
837 1089 964 1142 dagus
981 1119 993 1140 ,
1025 1089 1135 1142 quod
1171 1097 1230 1129 est
1258 1103 1283 1128 a
1323 1091 1557 1154 germanico

103 1140 247 1191 Dach,
269 1151 423 1182 tectum.
481 1144 600 1184 conf.
622 1159 664 1198 p.
694 1144 784 1184 136.
812 1144 867 1183 D.
897 1144 987 1198 157.
1022 1145 1076 1183 A.
1106 1144 1146 1196 4.
1180 1145 1229 1183 C.
1253 1145 1293 1184 3.
1336 1143 1427 1184 138.
1460 1146 1552 1185 init.

214 1173 263 1236 B’.
274 1197 349 1236 ult.
368 1199 483 1263 [19ι,
509 1198 590 1253 16.]
599 1198 912 1263 σφραγίζοντα.
967 1200 1026 1238 Μ.
1053 1197 1384 1252 σφραγίζοντες,
1424 1201 1554 1255 respi-

101 1250 244 1291 ciendo
273 1253 326 1292 ad
358 1251 406 1291 τὸ
430 1252 757 1319 σημαινόμενον,
779 1261 826 1293 ut
847 1256 1099 1309 grammatici
1130 1254 1367 1309 loquuntur.

212 1307 267 1347 D.
287 1307 328 1359 4.
356 1308 468 1363 [¹93³
491 1308 556 1363 4.]
579 1304 716 1360 ἅγιος,
740 1303 868 1360 ἅγιος,
925 1310 1096 1349 Addunt
1117 1311 1176 1348 M.
1215 1311 1380 1349 tertium
1415 1321 1552 1362 αγιος.

99 1361 177 1401 Est
202 1375 353 1415 nempe
378 1364 579 1403 canticum
599 1363 699 1403 illud
737 1378 786 1416 pl
787 1365 989 1417 ophetae
1027 1364 1215 1413 Sanctus,
1244 1374 1422 1411 sanctus,
1455 1379 1550 1403 san-

102 1426 183 1455 dus
205 1416 338 1466 Deus,
367 1420 492 1457 omnis
521 1428 628 1458 terra
652 1419 777 1473 plena
814 1428 872 1458 est
897 1421 1050 1472 glor-tae
1075 1422 1181 1468 eius,-
1215 1433 1337 1472 quem
1360 1421 1552 1470 hymnum

109 1472 315 1510 Trim'tatis
341 1472 612 1539 appellabant.
670 1474 724 1512 V.
763 1474 832 1511 Du
860 1474 999 1541 Cange
1032 1488 1076 1514 v.
1114 1474 1316 1525 Hymnus.
1373 1474 1555 1512 eodinus

103 1525 589 1568 Offic.XV11.18.:o‘
629 1523 891 1591 πατριάρχης
917 1527 1031 1579 χοιέι
1060 1527 1344 1580 σταυροειὸὦς
1380 1523 1457 1579 τὴν
1484 1540 1555 1566 κε-

102 1578 244 1646 φαλὴν
268 1581 342 1622 τοῦ
365 1581 578 1646 βασιλέως
600 1582 656 1636 τῷ
686 1582 788 1620 θείω
829 1578 953 1645 μύρῳ
993 1581 1195 1632 ἐπιλέγων
1229 1578 1390 1643 μεγάλῃ
1425 1581 1554 1644 φωνῇ

101 1632 151 1676 τὸ
181 1632 341 1687 ‘'Ayto;.
397 1634 436 1676 οἱ
477 1636 524 1676 δὲ
552 1650 670 1682 οντες
696 1635 741 1675 ἐν
764 1621 827 1675 τσῦ
853 1630 1020 1701 αμβωνι
1047 1634 1198 1684 πάντες
1225 1632 1340 1687 παρὰ
1368 1649 1441 1675 του
1468 1650 1552 1675 πα-

99 1688 308 1757 τριάρχου
338 1688 633 1757 διαδεχόμενοι
661 1688 737 1743 τήν
761 1676 912 1757 φωνήν
937 1690 1106 1755 λέγουσι
1132 1690 1207 1730 καί
1234 1690 1356 1730 αὐτοί
1379 1691 1427 1730 ἐκ
1462 1690 1552 1757 τρί-

99 1759 173 1786 του
209 1742 255 1786 vti
289 1740 449 1814 ,Αγιμος
504 1742 659 1796 ὅμοίως
696 1742 770 1784 καί
806 1742 853 1784 τὸ
900 1743 1043 1785 λοιπὸν
1085 1746 1162 1785 τοῦ
1198 1746 1307 1785 λαοῦ
1333 1744 1379 1785 ἐκ
1405 1743 1553 1797 τρίτου

46 1816 47 1819 “
101 1800 214 1852 λέγει
239 1797 310 1841 τὸν
338 1797 472 1841 αὐτὸν
500 1797 959 1854 λόγον.(]οη61“1113ῑι11·
980 1801 1057 1840 hoc
1090 1815 1136 1839 ex
1164 1800 1250 1840 aliis
1279 1801 1415 1839 Nostri
1433 1799 1548 1839 locis.

101 1854 200 1894 Vid.
228 1870 271 1909 p.
312 1857 401 1911 169.
442 1857 496 1895 D.
555 1856 635 1895 Sed
667 1856 719 1895 ad
744 1871 959 1909 quemnam
990 1858 1166 1909 pertinet
1187 1855 1299 1894 illud
1319 1849 1470 1906 ἅγιοςὶ)
1497 1854 1553 1894 ad

100 1910 314 1962 Deumne,
367 1926 420 1951 an
465 1911 518 1951 ad
558 1912 881 1965 Imperatmem?
925 1913 1124 1951 Videatur
1160 1913 1291 1964 prima
1327 1910 1460 1950 fronte
1496 1909 1551 1949 ad

101 1965 236 2004 Deum
276 1969 498 2020 pertinere,
530 1974 577 2006 ut
610 1981 731 2021 quem
769 1967 961 2006 Sanctum
992 1974 1032 2006 et
1069 1965 1340 2006 venerabilem
1378 1965 1420 2003 in
1465 1965 1552 2004 suis

100 2020 259 2060 iudiciis
298 2029 338 2061 et
369 2023 412 2061 in
430 2024 516 2076 ipsa
547 2037 708 2076 quaque
733 2022 927 2075 cuiusque
962 2022 1219 2075 Imperatoris
1248 2020 1441 2060 electione
1472 2019 1548 2058 ad-

100 2067 327 2115 mirabilem
365 2091 449 2116 esse
486 2078 708 2131 significare
746 2077 874 2117 velint
919 2077 1151 2117 clamantes.
1217 2076 1363 2115 Putem
1410 2082 1549 2113 tamen

101 2131 235 2185 potius
254 2125 560 2185 appellationem
582 2147 670 2172 eam
690 2147 799 2180 esse,
826 2148 906 2187 qua
922 2132 1046 2172 veluti
1068 2133 1276 2171 renunciet
1293 2129 1546 2178 Patriarcha,

102 2186 234 2226 clerus
253 2194 293 2226 et
315 2186 407 2226 laici
431 2202 583 2227 novum
596 2163 883 2241 Imperatorem
896 2220 908 2239 ‚
927 2190 1040 2239 quasi
1061 2187 1247 2227 dicendo·
1274 2186 1316 2225 T
1310 2202 1335 2224 u
1354 2199 1395 2224 es
1416 2179 1546 2236 ἅγιος,

102 2251 255 2281 sanctus
290 2251 329 2280 et
370 2243 633 2292 invcwolabtlis,
668 2257 781 2282 sacra
816 2251 875 2283 est
909 2245 991 2282 iam
1030 2243 1216 2295 deinceps
1246 2249 1318 2281 tua
1344 2239 1545 2279 maiestas.

101 2295 328 2336 Concludas
343 2296 420 2336 hoc
439 2311 462 2336 e
476 2298 608 2336 verbis
626 2298 836 2364 Symeonis
846 2298 1236 2338 Thessalonicensis:
1268 2292 1340 2336 τὸν
1364 2293 1544 2347 βασιλέα

100 2350 236 2403 χρίων
262 2346 285 2390 ὅ
321 2349 548 2405 α’ρχιερεύς
579 2347 697 2404 α’γιον
732 2349 1025 2418 οἶνακηρύττει.
1064 2351 1346 2416 *[Guntherus
1373 2352 1416 2389 in
1436 2349 1544 2388 Hist.

104 2406 302 2447 CPtana.
321 2406 593 2446 Acclamatwn
606 2417 663 2446 est
678 2422 706 2446 α
722 2408 969 2447 mulieribus.-
998 2402 1114 2460 ἅγιος
1131 2403 1331 2458 βασιλεὺς
1347 2405 1546 2453 Man-hio,-

102 2469 324 2515 expugnata
348 2476 493 2516 nempe
512 2462 611 2501 CPli
641 2477 666 2501 a
684 2462 864 2502 Francis.
868 2462 913 2517 ]*
951 2463 1014 2502 Ex
1022 2462 1294 2528 ignoratione
1321 2460 1486 2514 originis
1507 2466 1548 2498 et

103 2529 223 2555 verae
244 2517 540 2570 significationis
551 2524 670 2570 atque
682 2519 757 2564 vis,
778 2532 883 2571 quae
906 2520 995 2557 voci
1012 2511 1127 2581 ἅγιος
1144 2519 1262 2567 inest,
1287 2515 1437 2556 factum
1452 2515 1546 2562 suit,

105 2577 153 2609 ut
184 2571 471 2624 Imperatorem
499 2586 617 2612 suum
644 2573 679 2610 G
681 2574 786 2611 raeci
809 2572 883 2611 τὸν
901 2567 1174 2612 mando-rotor
1194 2585 1262 2610 και
1285 2583 1402 2623 αγιον
1421 2570 1547 2619 βασι-

106 2622 182 2664 λὲα
199 2626 460 2680 appellarent.
518 2628 615 2668 Vid.
641 2629 708 2666 Du
729 2627 864 2682 Cange
886 2641 927 2666 v.
946 2623 1247 2674 Ἰσαπόστολος
1263 2633 1304 2666 et
1317 2626 1475 2666 dissert.
1495 2623 1547 2663 de

106 2681 238 2721 numia
268 2682 716 2737 Byzant.§.15.,ubi
743 2696 826 2724 non
846 2682 972 2738 magis
991 2696 1092 2736 opus
1115 2689 1224 2736 erat,
1253 2688 1300 2722 ut
1329 2687 1470 2722 contra
1493 2679 1545 2719 ti-
