1884 3132
269 90 379 147 512
563 110 637 153 10.
678 110 786 154 1AC.
830 113 1025 154 REISKn
1074 112 1452 156 COMMENTARH

269 216 426 255 Verum
463 217 558 269 quia
598 223 748 270 tapetes
785 231 946 272 quoqne
982 225 1022 256 et
1061 217 1182 271 pallia
1221 218 1263 256 in
1302 217 1498 258 altaribus
1534 218 1714 260 dedicata

269 272 434 310 fundata
456 272 647 311 dicuntur
675 275 822 325 passim
844 304 855 322 ‚
897 275 936 312 in
966 273 1113 326 quibus
1141 275 1437 325 marsupiorum
1465 287 1560 313 usus
1589 283 1629 314 et
1654 276 1715 315 lo-

269 341 339 366 cus
368 326 504 366 nullus
533 335 616 378 est,
646 328 771 367 abieci
802 329 906 367 hanc
935 330 1220 368 coniecturam.
1280 329 1458 382 Reliquis
1495 343 1613 382 supra
1642 345 1716 384 po-

271 384 356 421 sitis
385 384 464 422 iam
493 397 627 422 meum
662 389 732 422 'est
760 392 805 423 ut
834 384 953 423 fldem
983 384 1141 424 faciam.
1198 385 1487 423 Disserendurn
1514 385 1614 424 mihi
1641 386 1715 426 hac

271 439 480 477 occasione
519 440 595 477 erit
630 439 680 478 de
719 440 1004 494 significatione
1043 442 1154 479 vocis
1183 436 1390 493 σφενδόνη
1426 447 1466 479 et
1489 441 1632 492 flenda
1678 449 1718 481 et

272 494 323 532 de
350 495 562 547 marsupiis
590 502 773 534 veterum
803 510 977 549 quoque.
1010 495 1171 534 Primae
1199 496 1432 542 sententiae,
1463 497 1572 535 iuxta
1593 508 1717 550 quam

271 556 402 588 vestes
430 549 622 589 fundatae
648 558 742 590 sunt
771 551 941 590 fundum
971 565 1137 590 aureum
1168 550 1233 589 vel
1262 557 1496 603 argenteum
1526 550 1591 591 vel
1618 555 1716 603 seri„—

270 619 391 656 cum,
418 612 571 644 stamen
595 613 730 645 autem
755 605 857 645 alius
889 606 1042 646 vilioris
1070 608 1224 660 generis
1249 605 1459 657 habentes,
1491 606 1598 646 favet
1614 607 1715 646 illud

271 663 561 700 tramosericum
587 661 654 700 vel
680 676 839 716 pannus
855 692 866 712 ‚
895 663 1009 701 cuius
1036 669 1163 701 trama
1186 663 1333 701 sericea
1363 669 1479 710 erat,
1510 662 1551 700 in
1579 661 1718 702 charta

272 723 409 756 vetere
437 716 544 770 apud
586 717 654 755 Du
694 718 830 771 Gange
856 731 898 756 v.
928 718 1085 770 flIqsbrzs
1109 740 1139 765 ‚2
1171 725 1210 756 et
1245 717 1362 756 valde
1400 718 1720 770 patrocinaretur

273 772 385 811 locus
414 772 617 811 Anastasii
647 787 688 826 p.
716 787 833 812 mm:
878 774 971 811 vela
998 774 1212 813 holoserica
1238 775 1393 811 maiora
1412 774 1584 825 sigillata
1616 771 1718 828 [ζω-

272 823 426 881 damni]
456 828 638 867 habentia
664 829 882 884 ρενίοζγεῐη
908 838 944 867 et
972 843 1120 867 crucem
1154 829 1204 866 de
1239 829 1394 868 hlatltz'n
1429 843 1495 867 seu
1506 829 1691 880 fiendam
1704 860 1715 877 ‚

275 884 308 921 si
338 890 446 922 recte
471 884 527 922 sic
556 883 679 937 vulgo
696 884 878 933 ‘citarent
904 891 944 923 et
972 886 1217 937 corrigerent
1240 885 1318 923 viri
1345 883 1464 923 docti.
1518 883 1647 939 Atqui
1675 885 1717 923 in

274 938 450 977 editione
478 939 661 978 Parisina
677 969 688 989 ‚
719 953 798 993 qua
826 947 921 978 utor
938 969 950 991 ‚
983 938 1075 993 lego
1102 939 1152 978 de
1171 939 1330 990 bachin,
1359 938 1480 992 idque
1499 946 1652 978 rectum
1681 947 1721 979 et

273 1003 450 1058 probum
476 1011 549 1044 est.
607 995 744 1062 &qh-2,
772 1005 906 1043 bachin
925 1034 936 1054 ‚
976 1011 1034 1043 est
1072 1018 1148 1043 vox
1186 1004 1387 1053 Arabica,
1428 1012 1573 1044 notans
1609 1012 1719 1044 satu·-

274 1075 392 1111 rum,
434 1062 660 1110 nutritum„
707 1060 810 1101 bene
845 1067 1006 1113 pastum
1045 1067 1085 1099 et
1115 1059 1334 1100 distentum
1362 1066 1482 1114 atque
1509 1060 1719 1100 refertum.

276 1126 338 1165 Ita
367 1133 536 1180 usurpat
564 1127 733 1166 verbum
762 1115 857 1181 (ΤΕ-ἲ
887 1126 1076 1179 Gjorair:

432 1185 559 1247 595322235
594 1186 635 1227 :st
659 1183 810 1250 Σεθὶ
846 1175 1038 1248 σφὼ,
1074 1179 1188 1242 *jhs
1224 1182 1279 1225 535
1300 1179 1375 1246 ἐς.)
1410 1182 1611 1247 &auus

273 1250 343 1342 ([ῖί
375 1250 502 1343 {nimii
536 1248 715 1289 Becritas
742 1250 1013 1298 conutiantur,
1033 1248 1225 1301 famelici
1241 1262 1279 1286 se
1301 1247 1359 1286 ad
1376 1261 1439 1287 eos
1458 1247 1694 1302 adiungunt,

274 1318 300 1342 u
335 1304 346 1342 i
404 1319 424 1342 c
442 1319 479 1342 10
498 1304 638 1344 iastcs:

276 1361 415 1418 „a”
451 1349 531 1420 εμὲ
567 1361 697 1419 bata>
722 1361 796 1420 m,
826 1362 942 1419 μ’,
979 1380 1036 1426 0÷
1060 1363 1188 1425 ῥυ.
1225 1360 1350 1419 ’,ξω
1385 1361 1505 1419 ’,ωε
1539 1361 1594 1405 ωε
1628 1359 1722 1420 3222

276 1436 527 1476 Traductum
567 1436 645 1475 hoc
691 1437 740 1476 ad
773 1436 947 1476 colorem
978 1437 1066 1475 fuit.
1128 1435 1250 1474 Color
1279 1437 1482 1487 nutritus,
1521 1443 1723 1476 saturatus

274 1499 334 1531 cst
361 1493 418 1531 ita
446 1493 663 1542 densatus,
704 1500 750 1532 ut
789 1493 942 1532 intendi
972 1501 1011 1531 et
1039 1492 1130 1546 plus
1157 1491 1444 1546 particularum
1472 1491 1723 1531 colorem-um

276 1548 454 1601 recipere
483 1555 656 1601 nequeat
674 1578 685 1595 ,
719 1547 845 1588 verbo
874 1548 1116 1602 profundus.
1174 1547 1250 1587 Est
1277 1548 1400 1600 igitur
1437 1546 1627 1586 fundatus
1655 1562 1724 1586 co-

272 1602 336 1642 lor
366 1603 486 1654 idem,
509 1611 629 1657 atque
657 1603 899 1657 profundus.
953 1604 1031 1642 Sed
1061 1601 1171 1642 color
1200 1602 1424 1656 profundus
1445 1633 1458 1652 ‚
1486 1616 1583 1642 voce
1610 1604 1652 1641 in
1681 1617 1724 1642 se

273 1673 292 1698 s
320 1666 449 1698 ectata
470 1689 482 1710 ‚
534 1666 664 1713 potest
715 1660 848 1698 omnis
899 1658 1010 1698 color
1056 1659 1105 1697 ad
1151 1657 1367 1697 obscurum
1414 1671 1584 1711 vergens
1623 1671 1722 1698 esse»

316 1715 403 1768 tqui
444 1728 521 1754 usu
562 1729 644 1754 non
690 1714 819 1753 omnis
846 1714 957 1754 color
994 1714 1202 1754 dicebatur
1229 1712 1456 1767 profundus
1477 1741 1488 1763 ,
1533 1712 1603 1751 sed
1632 1720 1726 1751 tan-

275 1769 487 1810 tummodo
527 1778 661 1809 certus
698 1770 869 1825 quidam
899 1770 1041 1820 color,
1085 1783 1205 1823 quem
1245 1769 1363 1807 filisse
1391 1766 1620 1807 caeruleum
1648 1769 1723 1807 ob·—

276 1840 468 1876 scurum,
498 1826 838 1879 subnigricantem
883 1826 1068 1864 coniicio.
1126 1824 1339 1863 Veteribus
1367 1823 1519 1862 Latinis
1546 1824 1626 1862 iam
1654 1837 1725 1877 pe·-

278 1881 440 1921 culiaris
467 1881 612 1920 coloris
639 1883 787 1934 species
814 1888 901 1920 erat
928 1880 1040 1919 color
1058 1879 1280 1934 profundus
1296 1910 1306 1926 ‚
1338 1886 1385 1917 ut
1411 1877 1647 1932 intelligitur
1675 1893 1722 1918 ex

278 1937 446 1989 epistola
481 1935 688 1976 Valeriani
734 1937 785 1975 ad
826 1935 1092 1975 Aurelianum
1132 1935 1180 1975 T.
1201 1935 1259 1972 11«
1279 1934 1364 1976 Ser.
1386 1934 1440 1972 H.
1464 1934 1519 1972 A.
1541 1948 1582 1987 p.
1601 1932 1693 1984 450.
1710 1963 1723 1984 ,

277 2006 359 2046 qua
402 1995 506 2032 inter
551 1992 630 2031 alia
667 1992 739 2045 ipsi
767 1991 910 2030 tribuit
936 1991 1215 2030 sabat-mallem
1247 1989 1513 2044 prffmdwn,
1543 2003 1618 2042 pro
1644 2003 1726 2043 quo

279 2048 466 2102 deinceps
477 2048 699 2099 fimdatum
726 2047 944 2097 dixerunt3
970 2046 1079 2084 unde
1108 2044 1353 2084 Gallofranci
1382 2047 1636 2083 retinuerunt
1663 2045 1726 2083 di*

279 2105 453 2142 ctionem
477 2102 619 2154 fonce'.
675 2102 835 2144 Placuit
871 2101 970 2140 haec
1008 2102 1117 2139 vocis
1126 2100 1328 2153 fimdatus
1358 2100 1634 2153 interpretatio
1659 2100 1726 2137 Du

279 2158 432 2212 Cangio
461 2157 530 2197 Gl.
557 2158 668 2207 Lat„
700 2159 766 2196 cui
794 2157 1041 2197 subscribere
1062 2169 1144 2194 non
1174 2155 1346 2206 dubito3
1375 2156 1559 2210 quamvis
1589 2154 1724 2202 fuerit,

280 2228 410 2266 quum
437 2213 578 2252 tertiae
606 2214 871 2265 expositioni,
915 2219 961 2250 ut
989 2211 1219 2264 speciosiori
1251 2218 1290 2250 et
1318 2211 1472 2250 doctius
1502 2209 1599 2263 quid
1627 2222 1726 2247 con—

282 2270 420 2318 denti,
450 2269 575 2321 magis
603 2281 729 2306 essem
756 2268 940 2307 addictus
961 2297 973 2318 ‚
1002 2280 1104 2320 quae
1133 2280 1277 2319 nempe
1306 2266 1396 2305 vult
1424 2272 1553 2304 vestes
1580 2264 1726 2303 funda—

281 2330 343 2362 tas
371 2338 437 2363 eas
467 2323 609 2370 fuisse,
651 2337 754 2377 quae
782 2325 953 2362 intextas
981 2321 1178 2361 haberent
1205 2335 1320 2360 areas
1338 2320 1558 2372 rotundas,
1586 2318 1725 2372 quales

279 2379 424 2419 fiendas
463 2377 717 2431 appellabant
739 2393 749 2427 3
789 2378 869 2417 alio
894 2391 1053 2431 quoque
1080 2377 1242 2415 nomine
1270 2377 1319 2415 de
1346 2377 1524 2428 cyr-laton
1561 2381 1601 2413 et
1634 2387 1725 2412 cum

282 2436 402 2483 rotis,
434 2433 484 2471 de
512 2434 659 2486 quibus
683 2434 915 2472 nominibus
958 2433 1059 2471 alius
1090 2432 1231 2485 agendi
1269 2432 1381 2470 locus
1422 2431 1510 2469 erit.
1569 2427 1726 2482 Appel-

283 2486 444 2526 lationis
472 2496 605 2527 autem
632 2495 793 2526 nostrae
820 2488 919 2527 haec
945 2490 1047 2527 ratio
1080 2494 1153 2526 est.
1181 2487 1325 2526 Funda
1353 2485 1503 2524 Latinis
1533 2490 1572 2522 et
1599 2496 1726 2536 ‹up-eva-

285 2540 384 2594 δόνη
404 2545 569 2583 Graecis
595 2550 654 2582 est
676 2557 795 2582 omne
812 2543 1046 2590 rotundum,
1080 2541 1290 2590 circulare,
1315 2548 1384 2579 aut
1411 2538 1541 2578 saltim
1563 2538 1729 2577 asundo

285 2596 501 2636 orbiculari
529 2600 569 2636 in
599 2612 746 2636 conum
773 2599 970 2637 desinens.
1004 2598 1108 2636 Hinc
1147 2590 1353 2649 σφενδόνη
1381 2601 1440 2632 est
1467 2594 1594 2632 omnis
1608 2593 1726 2646 longa

284 2651 404 2690 fascia
431 2651 667 2692 orbicularis
683 2653 734 2692 ad
745 2653 1042 2692 similitudinem
1056 2653 1165 2691 orbis
1183 2663 1349 2689 corneae
1374 2648 1568 2702 pupillam
1596 2648 1726 2688 ambi—⁶

284 2719 385 2759 ens;
415 2714 473 2746 est
501 2715 607 2748 meta
636 2708 677 2747 in
703 2708 810 2748 circo
839 2709 976 2748 conica
992 2738 1005 2760 ⁷
1034 2714 1094 2746 est
1123 2705 1293 2745 canthus
1319 2718 1388 2743 seu
1418 2702 1592 2744 circulus
1612 2732 1627 2754 ,ᾗ
1655 2703 1725 2758 qui
