1884 3132
301 142 412 215 596
493 160 687 201 REISKII
711 158 884 201 coMM.
914 157 988 200 AD
1009 158 1231 200 APPEND.
1258 159 1359 200 Lm.
1383 161 1417 200 ι.
1444 160 1522 200 DE·
1540 156 1661 201 CER.

295 262 436 311 coactis
457 261 660 312 coryestim
683 261 806 314 copiis
831 259 897 298 die
917 261 1105 312 vigesimo
1133 268 1274 299 octavo
1307 260 1448 298 mensis
1474 262 1602 315 quinti
1626 262 1737 300 huius

295 318 395 354 anni
439 325 599 354 moveat
641 324 747 354 tanto
791 329 877 353 cum
909 329 1111 354 armorum
1142 324 1179 353 et
1219 323 1452 353 scorteorum
1487 318 1738 355 tentoriorum

295 371 541 425 aliarumque
576 385 706 409 rerum
752 378 950 424 apparatu
969 399 980 419 ,
1023 378 1187 425 quantus·
1224 370 1472 420 Clialffarum
1512 371 1617 409 nulli
1649 379 1749 410 ante

294 441 382 465 eum
405 426 511 464 diem
533 434 801 480 comparatus,
833 433 998 478 quantus
1029 433 1247 479 conspectus
1269 425 1372 463 nulli
1373 425 1534 475 fuerat.
1593 423 1738 477 Agita-

296 482 362 519 bat
384 482 488 519 enim
514 482 646 519 animo
669 481 771 519 urbis
791 508 802 530 ‚
830 478 989 518 Amorii
1001 489 1100 534 puta
1116 509 1125 526 ‚
1156 481 1396 518 eversionem
1417 510 1427 528 ‚
1451 492 1570 533 quam
1588 479 1742 519 oculum

299 537 587 574 Christianismi
617 549 808 590 penesque
856 535 1050 573 Romanos
1081 536 1230 573 maiore
1259 536 1302 573 in
1328 535 1412 573 loco
1429 563 1441 583 ‚
1468 549 1588 590 quam
1612 536 1743 589 ipsam

299 592 429 633 CPlin
444 621 454 637 ‚
486 605 563 629 esse
598 601 637 629 et
669 591 719 630 ab
751 590 968 628 Islamismi
989 590 1182 628 natalibus
1202 590 1293 628 inde
1333 588 1529 628 Arabibus
1557 591 1744 629 intactam

297 647 480 684 mansisse
518 655 732 700 acceperat.
791 645 858 683 Ea
891 646 1013 696 igitur
1053 653 1178 683 mente
1207 644 1444 699 procedebat
1477 645 1523 683 al
1551 645 1746 683 Mota-scm

296 710 414 755 usque
438 700 673 754 adfluvium
702 701 807 739 mari
837 701 1010 737 vicinum
1025 730 1034 745 ‚
1084 701 1140 737 sic
1174 709 1215 738 ut
1249 713 1276 738 a
1313 700 1442 739 Tarso
1477 700 1535 738 ad
1557 700 1642 738 diei
1673 700 1749 739 iter

296 757 442 794 abesset
457 785 468 805 ‚
500 757 565 794 uhi
590 757 712 810 copiis
749 755 950 805 trifariam
986 755 1199 793 distributis
1213 785 1223 800 ,
1266 754 1410 793 dextro
1442 768 1564 793 cornu
1594 754 1746 810 praefi-

296 812 425 849 ciebat
455 809 686 862 Afscliinum
711 809 990 858 Cliaidzarum‚
1015 809 1161 864 filium
1185 810 1331 848 Cavusi
1341 839 1352 855 ‚
1390 810 1586 848 sinistrum
1622 809 1746 849 adde-

297 866 363 904 bat
394 864 595 905 Aschuaso
613 897 624 913 ,
656 865 826 904 medium
858 866 939 917 ipse
963 864 1140 902 ducebat.
1198 864 1314 903 Haec
1337 865 1393 902 ita
1411 864 1577 903 dimissa
1597 873 1740 913 castr-a,

298 929 340 958 ut
366 921 521 972 singula
541 922 640 959 binis
661 921 898 976 parasangis
935 933 962 956 a
986 934 1025 956 se
1062 920 1235 958 abessent
1249 948 1260 968 ,
1301 918 1408 973 quod
1432 920 1526 957 iussi
1547 921 1743 971 fuerant,

280 974 471 1030 flammis
515 990 640 1030 pagos
679 984 716 1013 et
762 975 980 1013 Romanum
1022 987 1134 1012 omne
1170 975 1294 1012 solum
1328 974 1599 1021 devastabant.
1659 975 1747 1028 Quo

281 1032 403 1082 sacto
435 1030 493 1068 ad
515 1030 721 1069 Amorium
737 1030 891 1083 primus
918 1027 1119 1077 Awhnas,
1150 1037 1232 1067 tum
1259 1029 1304 1066 at
1333 1029 1528 1067 Motasem
1541 1057 1553 1078 ,
1592 1038 1747 1083 postre-

298 1099 382 1123 mus
408 1084 573 1135 Afisclzin
596 1086 878 1139 provelumtur.
937 1083 1067 1137 Quam
1096 1092 1225 1122 castra
1252 1083 1317 1121 die
1335 1084 1495 1138 septimo
1524 1086 1622 1122 noni
1639 1098 1747 1123 men-

299 1141 351 1177 sis
375 1141 485 1178 lzuius
507 1142 606 1178 anni
623 1142 753 1179 iuncta
766 1140 925 1191 cingunt
945 1151 1090 1176 corona
1115 1147 1154 1176 et
1176 1139 1366 1176 machinis
1406 1140 1611 1192 impetunt.
1651 1138 1747 1177 Cer-

298 1203 423 1233 tatum
451 1195 624 1234 Graecos
648 1197 750 1233 inter
770 1202 807 1231 et
834 1193 1045 1231 Moslemos
1058 1194 1152 1244 ficit
1190 1194 1397 1232 acerrime.
1454 1193 1640 1232 Moslemi
1659 1202 1748 1232 tan-

301 1249 391 1287 dem
415 1252 628 1303 perforatis
659 1249 854 1287 moenibus
884 1248 1165 1301 expugnabant
1190 1248 1324 1286 urbem
1342 1277 1353 1294 ‚
1381 1248 1595 1287 caedebant
1623 1250 1771 1300 viros„

301 1318 394 1357 opes
436 1314 474 1342 et
517 1305 687 1343 debilem
724 1317 862 1342 sexum
898 1303 1141 1356 diripiebant
1177 1302 1447 1357 praedamque
1485 1303 1676 1355 ingentem
1709 1312 1751 1342 et

303 1360 480 1412 captivos
499 1360 746 1413 undecunque
764 1357 822 1396 ad
834 1358 1059 1411 principem
1086 1357 1349 1396 convehebant
1361 1387 1372 1403 ‚
1401 1358 1506 1395 cuius
1533 1359 1634 1396 iussu
1653 1356 1747 1396 red-

303 1422 393 1451 acta
430 1415 518 1452 urbs
550 1416 591 1453 in
622 1415 767 1453 cineres
789 1421 827 1450 et
869 1413 952 1451 solo
978 1421 1148 1466 aequata
1152 1413 1256 1463 fuit.
1318 1412 1465 1465 Quibus
1500 1413 1606 1451 intra
1629 1413 1747 1467 quin-

305 1476 389 1505 tum
413 1478 450 1507 et
476 1469 834 1524 qzciriqzmgesimzenz
852 1481 879 1505 a
905 1475 1040 1520 coepta
1061 1467 1258 1506 obsidione
1287 1466 1392 1506 diem
1403 1468 1573 1522 peractis
1590 1467 1750 1507 redibat

307 1521 352 1560 al
375 1525 569 1563 Motasem
593 1525 651 1564 ad
671 1523 895 1562 Marchiam
917 1520 1076 1573 Syriae.
