1884 3132
208 150 284 192 An
321 148 619 194 consum.
660 147 860 192 Pomm.
889 148 962 189 nr,
1001 146 1183 190 cmm.
1220 147 1319 188 Lm.
1362 147 1397 187 1.
1452 127 1566 196 423

134 252 191 292 les
217 253 387 308 populos
413 254 674 308 perdurasse:
705 254 834 307 pictor
860 259 1022 303 autem,
1051 254 1122 306 qui
1152 251 1428 305 Menologium
1455 250 1568 290 Basi-

133 306 287 352 lianum
315 309 552 363 imaginibus
583 309 818 358 illustravit,
859 322 921 347 ιω
954 322 1001 347 ex
1043 308 1104 347 sui
1141 307 1288 346 saeculi
1318 320 1431 346 more
1458 306 1571 345 exhi-

133 361 248 411 buit,
279 366 525 418 antiquitatis
544 395 555 412 ‚
587 372 633 403 ut
660 364 730 403 illa
758 363 937 403 serebant
963 362 1146 409 saecula,
1179 375 1343 415 prorsus
1372 363 1536 415 ignarus
1553 375 1567 400 ε

131 431 290 458 necesse
316 427 375 459 est
401 421 604 473 campagia
631 419 763 458 adhuc
781 432 891 457 nono
918 417 1077 456 saeculo
1094 417 1204 470 apud
1222 418 1395 456 Graecos
1415 418 1458 455 in
1476 430 1568 464 mu,

132 480 174 512 et
201 487 281 512 non
308 475 482 527 integros
508 474 654 515 solidos
679 487 832 527 pannos
850 503 863 523 ‚
897 472 966 510 sed
993 471 1134 511 fascias
1161 471 1406 526 complicitas
1436 478 1476 510 et
1499 471 1572 510 de-

133 529 320 568 cussatim
346 536 546 568 contextas
575 528 709 568 fuisse.
760 529 824 567 De
852 541 964 566 more
991 526 1323 574 occidentalium,
1369 526 1421 565 ad
1448 540 1571 579 quem

134 582 305 636 digitum
331 583 512 634 intendi,
540 590 710 623 constat.
762 583 956 622 Veterum
986 583 1094 620 enim
1122 582 1374 621 Francorum
1403 583 1572 620 vestitus

132 637 302 678 cruralis
330 638 396 679 hio
422 645 524 677 erat.
581 638 707 677 Crura
731 639 907 692 primam
927 637 1006 675 tela
1023 637 1131 675 linea
1156 637 1411 676 involvebant
1431 635 1570 686 (reddo

134 693 260 732 verba
286 693 338 732 cl.
374 693 585 732 Muratorii
613 693 667 732 Τ.
699 693 756 731 11.
780 693 880 732 Ant.
915 691 1005 730 Ital.
1030 706 1074 744 p.
1093 690 1209 742 454.)
1227 720 1239 741 ,
1273 705 1392 746 quam
1429 692 1569 730 tibiale

134 745 339 797 debebant5
370 757 454 787 tam
477 748 676 800 fasciolas
702 747 968 802 supertibiales
984 777 996 794 ‚
1037 755 1076 786 et
1090 761 1208 801 super
1222 747 1357 785 omnia
1379 747 1570 797 mm‘gias

134 802 389 851 ὺιιίιιοεὺαηε,
415 813 458 842 ut
482 811 664 857 aptarent
679 804 1053 857 consen'ngeoentque
1075 801 1196 840 telam
1217 800 1276 839 ad
1307 801 1436 840 tibias.
1490 801 1570 838 Di-

133 856 232 896 dicit
257 857 327 897 ille
354 858 431 897 hoc
455 871 479 896 a
506 857 706 900 Monacho,
730 857 976 910 Sangallensi
998 886 1011 908 ‚
1039 857 1152 895 cuius
1182 855 1281 894 haec
1308 862 1405 895 sunt
1445 855 1570 895 verba

133 910 254 953 valde
284 912 586 952 memorabilia:
628 921 742 952 erant
760 913 1009 951 Francorum
1038 912 1287 966 antiquorum
1313 918 1473 950 ornatus
1502 910 1572 950 vel

129 975 324 1015 pamaam
351 968 611 1007 calceamenta
620 969 846 1020 son'nsecus
870 975 1012 1006 aze-ata
1031 995 1042 1014 ‚
1079 966 1259 1020 comgills
1291 965 1570 1004 triaeb1'tal1‘b1oe

133 1022 319 1075 insignita
333 1040 346 1062 .-
375 1023 580 1074 sasciolae
623 1023 796 1062 crurales
830 1021 1110 1061 vermiculatae
1156 1020 1214 1076 [id
1238 1026 1299 1060 est
1333 1018 1563 1074 coccineae]

132 1085 175 1121 et
198 1077 327 1116 subtus
340 1092 407 1116 eas
421 1078 550 1117 tibilia
572 1092 621 1116 ac
640 1077 804 1117 coxalia
829 1077 935 1117 linea
951 1107 963 1126 ‚
981 1077 1164 1131 quamvis
1189 1090 1246 1114 ex
1268 1075 1400 1114 eodem
1420 1075 1565 1123 colore,

134 1139 265 1171 lamen
289 1132 604 1189 anzficiossssimo
622 1146 739 1188 opere
757 1133 918 1171 variata
935 1161 947 1178 ‚
972 1145 1090 1185 super
1122 1145 1223 1186 quae
1246 1138 1284 1168 et
1295 1130 1495 1182 fasciolas
1523 1131 1568 1168 in

58 1187 73 1206 ²
135 1186 292 1233 modum
314 1188 439 1227 crucis
458 1188 684 1233 intrinsecus
705 1196 743 1227 et
763 1188 1001 1226 extrinsecus
1017 1187 1111 1224 'ante
1132 1194 1171 1225 et
1191 1193 1294 1226 retro
1319 1185 1569 1236 longissimae

134 1241 231 1286 illae
247 1243 438 1295 corrigiae
464 1242 730 1282 tendebantur.
788 1242 859 1280 Ait
891 1240 1114 1280 Monachus
1150 1241 1407 1292 antiquorum
1435 1240 1569 1278 Fran-

135 1309 278 1335 corum
315 1295 430 1336 illum
466 1296 649 1335 habiturn
688 1297 822 1342 fuisse.
882 1296 1008 1348 Atqui
1043 1302 1178 1348 specta
1216 1293 1406 1333 carolum
1433 1295 1492 1332 M.
1525 1293 1569 1332 in

134 1349 274 1393 tabula
309 1353 371 1401 (si
409 1352 511 1390 bene
536 1352 732 1398 memini)
773 1358 880 1392 sexta
916 1351 1212 1390 Parietinarum
1238 1346 1569 1388 Lateranensium

136 1404 384 1456 Alemanni,
423 1405 576 1445 videbis
601 1409 642 1444 in
679 1408 763 1445 eius
798 1405 966 1458 pedibus
1005 1405 1209 1458 campagia
1252 1403 1322 1442 illa
1358 1403 1394 1442 F
1396 1403 1569 1444 rancica.

137 1458 292 1512 Inspice
317 1460 531 1512 imaginem
570 1461 825 1512 Imperatoris
852 1460 1036 1500 Lotharii
1092 1461 1135 1497 in
1176 1456 1472 1511 Capitularibus
1500 1471 1570 1496 re-

137 1528 234 1567 gum
259 1514 544 1553 Francicorum
572 1514 807 1557 Baluzianis.
864 1515 961 1557 Duo
983 1514 1043 1552 illi
1069 1527 1257 1566 proceres
1275 1513 1348 1566 ipsi
1367 1511 1569 1550 adstantes

139 1569 213 1620 (ni
249 1571 441 1608 memoria
477 1568 580 1615 fallit
595 1598 608 1619 ‚
645 1583 741 1608 nam
781 1583 910 1622 neque
945 1568 1012 1608 hic
1045 1568 1147 1607 liber
1171 1567 1360 1606 scribenti
1388 1566 1486 1610 baec
1514 1566 1567 1604 ad

136 1637 301 1663 manum
329 1626 414 1674 est)
443 1625 643 1677 campagia
662 1631 831 1676 gestant.
863 1624 1060 1676 Compara
1087 1636 1210 1676 porro
1228 1636 1321 1660 cum
1337 1620 1425 1660 loco
1445 1620 1566 1659 modo

136 1677 259 1730 allato
293 1678 480 1717 Monachi
518 1677 781 1732 Sangallensis
819 1678 900 1717 duo
937 1679 988 1716 de
1014 1678 1213 1730 campagis
1240 1682 1398 1729 agentes
1412 1704 1425 1725 ‚
1466 1689 1567 1727 quos

131 1741 260 1786 -caput
286 1733 386 1772 illud
414 1733 528 1772 futile
555 1741 595 1772 et
622 1733 813 1772 insulsum
840 1733 988 1772 codicis
1025 1733 1177 1780 nostri,
1219 1730 1569 1783 quadragesimum

135 1796 234 1842 puta
259 1788 352 1828 libri
381 1789 570 1838 secundi,
603 1788 851 1847 suppeditat,
877 1787 1070 1840 intelliges
1096 1785 1299 1839 campagia
1326 1783 1436 1823 aliud
1461 1782 1568 1826 nihil,

136 1843 283 1891 fuisse,
321 1857 442 1896 quam
469 1843 607 1883 fascias
636 1842 771 1883 laneas
804 1850 875 1881 aut
902 1842 1070 1881 filtrinas
1105 1841 1294 1880 tortuosis
1322 1837 1570 1889 anfractibus

138 1911 259 1950 super
290 1897 439 1936 lineum
467 1897 682 1938 amiculum
701 1928 714 1950 ‚
743 1898 922 1936 crurium
949 1910 1108 1935 carnem
1137 1895 1315 1949 proxime
1338 1894 1535 1945 stringens
1552 1921 1571 1942 2

136 1951 436 2004 circumplexas.
494 1952 570 1992 lllo
595 1955 723 2006 capite
749 1954 946 1996 rationem
972 1951 1137 1990 reddere
1162 1949 1252 1988 vult
1286 1961 1334 1990 ex
1365 1946 1570 2000 theologia

138 2009 386 2046 Graecorum
411 2008 698 2046 monachorum
726 2007 893 2061 mystica
909 2035 921 2056 ,
953 2019 1077 2059 quare
1106 2002 1285 2043 consules
1304 2002 1401 2042 olim
1419 2002 1568 2040 Roma-

137 2064 181 2104 ni
194 2093 207 2112 ,
237 2069 276 2101 et
302 2061 354 2100 ad
380 2075 519 2101 eorum
545 2062 767 2115 exemplum
794 2062 978 2114 deinceps
1004 2059 1182 2112 magistri
1208 2064 1248 2097 et
1266 2057 1423 2111 patricii
1452 2054 1568 2094 aulae

138 2117 326 2155 cPtanae
353 2116 451 2155 sesto
478 2117 542 2155 die
571 2117 769 2171 paschatis
794 2116 902 2158 loros
929 2130 999 2154 seu
1024 2114 1181 2154 trabeas
1219 2119 1260 2152 et
1294 2111 1489 2164 scipiones
1528 2116 1569 2149 et

137 2171 344 2224 oempagia
371 2173 560 2224 gesserint
598 2179 637 2211 et
665 2179 861 2225 gererent.
917 2170 985 2211 Ad
1011 2168 1218 2221 campagia
1242 2166 1340 2209 haec
1367 2165 1478 2204 illius
1499 2178 1569 2206 ca.-

137 2226 233 2281 pitis
259 2232 461 2279 spectant:
490 2221 536 2264 τὸ
558 2225 604 2264 δὲ
623 2226 722 2279 λίνῳ
739 2224 1009 2279 ἑσφηνῶσθαι
1029 2221 1174 2276 ἅμφίῳ
1186 2252 1200 2272 ,
1227 2216 1331 2270 μετὰ
1359 2217 1433 2281 xm:
1457 2231 1567 2281 γῖρυ-

140 2279 341 2331 σωμένων
367 2275 556 2328 πεδῆλων
572 2302 596 2310 -
623 2302 644 2310 -
680 2287 720 2319 et
746 2280 930 2332 deinceps
956 2279 1031 2317 sub
1058 2278 1177 2317 finem
1205 2274 1347 2328 eapitis,
1364 2288 1376 2312 :
1407 2286 1489 2311 ano
1517 2271 1565 2310 δὲ

139 2333 407 2385 καμπαγίων,
438 2332 468 2372 ἃ
498 2331 692 2375 Λατίνων
719 2332 838 2387 φωνῇ
866 2330 1214 2385 προσαγορεύεται
1235 2359 1246 2375 ,
1290 2327 1368 2368 τοῦ
1393 2327 1566 2375 πολεμι-

139 2388 218 2427 κοῦ
246 2386 398 2442 ἀνδρὸς
423 2385 469 2427 τὰ
500 2385 728 2440 εὐκίνητον,
776 2384 881 2427 ἀλλὰ
908 2383 994 2439 μὴν
1031 2382 1104 2424 καί
1138 2382 1185 2422 τὸ
1223 2380 1567 2434 ὄχνροποιεῖσθτιι

142 2438 214 2484 διὰ
241 2441 313 2494 τῆς
342 2439 446 2481 και-ἁ
486 2438 538 2480 τὰ
580 2441 703 2493 σκέλη
730 2441 775 2481 ἐκ
801 2441 933 2480 πίλων
960 2438 1223 2490 περιπλοκῆς.
1275 2437 1372 2475 Tria
1399 2435 1466 2474 hic
1492 2433 1567 2472 ob-

141 2510 344 2536 servamus
370 2498 527 2536 diversa
541 2526 554 2544 ,
581 2497 728 2535 calceos
746 2505 900 2540 auratos
922 2525 935 2544 ,
968 2495 1127 2539 linteum
1160 2502 1307 2546 tegmen
1337 2503 1455 2529 crura
1477 2502 1567 2526 am·-

141 2550 272 2599 hiens²
290 2552 398 2605 quod
421 2552 523 2594 idem
547 2565 639 2590 oum
662 2551 783 2591 tubiis
806 2550 963 2588 videtur
972 2549 1092 2587 fuisse
1109 2577 1120 2593 ,
1140 2548 1190 2585 de
1213 2546 1357 2598 quibus
1383 2558 1425 2582 v.
1446 2543 1497 2581 ad
1522 2557 1566 2595 p.

146 2603 239 2654 245.
255 2605 302 2644 C.
319 2636 333 2656 ,
364 2613 404 2644 et
429 2606 734 2660 circumplexum
763 2604 969 2655 filo-inum.
996 2603 1060 2641 Sic
1079 2602 1170 2642 satis
1186 2601 1288 2640 bene
1308 2598 1566 2647 confecimus,

146 2658 245 2708 quid
273 2659 421 2698 fuerint
447 2662 676 2713 campagia3
707 2659 918 2698 dicendum
935 2672 1043 2697 nunc
1070 2663 1144 2705 est,
1169 2654 1371 2708 campagia
1388 2655 1570 2693 virorum

146 2711 296 2757 ordinis
318 2716 501 2756 senatorii
528 2722 723 2769 gestatum
752 2713 885 2758 fuisse.
945 2713 991 2752 Id
1019 2711 1128 2766 quod
1146 2725 1191 2750 cx
1219 2724 1266 2750 eo
1294 2716 1402 2763 patet
1418 2737 1431 2760 ,
1456 2705 1565 2761 quod
