1826 3126
261 187 338 230 An
378 187 677 230 CONSTANT.
714 186 912 230 PORPH.
954 189 1027 230 DE
1069 188 1250 231 CEmM.
1289 187 1387 230 Lm.
1429 192 1462 229 1.
1516 191 1579 226 21

145 283 265 342 εἶναι,
286 306 362 345 pro
377 284 486 330 εἶναι
506 286 609 330 πολι)
624 283 717 329 wind
737 290 815 328 τοῦ
835 285 1065 340 δουλεύειν,
1090 287 1197 330 πολὺ
1219 284 1388 330 ἀπεῖναι
1405 291 1473 330 vel
1488 287 1588 345 ἄφε-

143 341 291 387 ardum
316 346 390 386 τοῦ
422 340 639 385 δουλεύειν
653 374 666 394 ,
695 345 856 384 multum
875 359 902 383 a
920 347 1102 384 ser-vitute
1122 346 1266 384 abesse.
1302 346 1395 384 Non
1413 346 1588 394 multum

144 400 301 440 abludit
327 400 397 440 illa
423 399 681 453 Theophanis
707 399 830 438 dictio
857 414 900 451 p.
929 399 1020 439 125.
1050 400 1106 439 A.
1132 415 1172 454 7.
1202 396 1308 450 μετὰ
1331 397 1408 453 τὴν
1427 397 1589 453 τριήμε-

144 468 219 509 pov
247 456 323 507 τῆς
353 453 602 507 προδοσίας,
636 453 681 494 id
707 461 768 493 cst
793 453 910 508 τρίτῃ
943 449 1079 508 ἡμέρᾳ
1113 451 1221 504 μετὰ
1247 452 1325 507 τήν
1347 455 1588 508 προδοσίαν.

253 510 368 551 Ihid.
383 509 445 564 [5‚
467 508 554 562 18.]
586 505 624 548 οἱ
645 505 927 561 πραιπόσιτοι.
959 509 1074 547 Varii
1094 517 1370 550 memorantur
1386 512 1588 564 antiquio-

142 563 256 606 ribus
280 572 388 604 retro
413 563 596 614 saeculis,
625 578 747 618 quam
775 563 894 602 huius
923 564 1207 603 Ceremouialis
1235 573 1344 604 aetas
1372 573 1447 615 est,
1474 580 1587 619 prae-

141 620 292 672 positi5
318 620 532 672 praecipue
551 621 773 674 praepositi
795 620 902 657 sacri
920 619 1095 672 palatii,
1137 627 1177 658 et
1191 620 1378 670 cubiculi,
1410 628 1450 659 et
1476 622 1585 659 mili-

141 682 239 713 mm.
295 674 378 725 Qui
406 681 540 713 autem
567 674 644 713 hoc
672 674 777 713 libro
804 681 1080 712 memorantur
1107 676 1349 727 praepositi,
1379 690 1461 714 non
1491 682 1586 714 sunt

139 729 219 767 nisi
254 731 475 784 praepositi
513 730 693 768 cubiculi.
751 729 837 768 Aut
876 736 983 768 certe
1018 737 1133 768 erant
1171 729 1290 768 ambo
1319 730 1387 769 illa
1416 745 1584 770 munera

139 785 355 836 praepositi
383 784 521 837 palatii
548 792 589 823 et
614 784 789 823 cubiculi
827 791 924 823 tunc
951 786 1142 838 temporis
1170 786 1225 823 ita
1253 786 1467 824 coniuncta
1480 815 1491 835 ‚
1538 793 1585 824 ut

138 840 316 891 separari
342 841 553 893 nequirent
569 869 581 888 ‚
611 840 682 878 sed
708 839 836 878 eidem
864 839 1018 878 homini
1046 840 1316 878 inhaererent.
1374 840 1584 893 Antiquio-

137 893 251 932 ribus
277 902 412 934 autem
446 895 694 948 temporibus
721 895 869 934 diversi
897 902 1010 934 erant
1036 895 1253 948 praepositi
1281 897 1383 934 sacri
1411 895 1552 948 palatii
1568 925 1581 945 ‚

139 955 180 987 et
194 950 410 1002 praepositi
427 949 614 989 cubiculi.
645 951 840 1001 Quamvis
858 951 963 988 enim
979 952 1230 1003 reperiantur
1246 950 1358 988 Saec.
1374 951 1447 989 1V.
1467 958 1508 989 et
1524 951 1577 989 V.

135 1005 354 1057 praepositi
369 1006 471 1044 sacri
482 1004 647 1058 palatii,
676 1007 747 1058 qui
762 1005 949 1044 Eunuchi
965 1005 1075 1044 fuere
1087 1035 1100 1055 ‚
1133 1019 1215 1044 non
1239 1012 1374 1044 tamen
1389 1019 1434 1043 ex
1454 1019 1501 1044 eo
1517 1019 1580 1044 sc·

137 1059 299 1112 quitur,
326 1062 573 1113 praepositos
587 1059 727 1114 palatii
747 1067 787 1100 et
803 1060 978 1100 cubiculi
1002 1061 1162 1100 eosdem
1182 1060 1252 1099 illo
1272 1067 1453 1114 tempore
1466 1090 1478 1110 ,
1511 1068 1582 1100 aut

136 1127 277 1154 omnes
290 1114 427 1168 palatii
442 1117 688 1169 praepositos
703 1116 906 1155 eunuchos
925 1116 1044 1155 fuisse
1058 1146 1070 1166 ‚
1087 1115 1425 1169 quemadmodum
1441 1130 1580 1155 omncs

135 1171 355 1223 praepositi
366 1171 540 1210 cubiculi
552 1170 725 1211 eunuchi
739 1178 853 1210 erant
866 1200 878 1221 ‚
907 1179 946 1210 et
961 1185 1046 1211 esse
1064 1171 1278 1210 debebant.
1308 1171 1581 1224 Reperiuntur

62 1221 70 1234 ’
135 1237 244 1263 emm
253 1226 332 1264 viri
348 1227 492 1279 integri
510 1227 553 1265 in
571 1227 806 1280 praepositis
824 1225 961 1279 palatii
981 1241 1120 1266 eorum
1137 1234 1364 1279 temporum
1383 1255 1395 1276 ‚
1425 1233 1471 1264 ut
1485 1226 1580 1264 Boe‘-

134 1277 244 1318 thius
271 1287 311 1319 et
338 1281 624 1333 Cassiodorus;
652 1296 782 1335 neque
809 1289 895 1321 erat
914 1296 1049 1332 causa,
1077 1282 1132 1321 ob
1159 1296 1281 1335 quam
1309 1282 1364 1319 V.
1394 1280 1460 1320 Cl.
1491 1281 1577 1319 Ha-

133 1334 382 1387 genbuchius
423 1337 466 1376 in
493 1338 790 1377 Commentario
829 1337 880 1376 ad
919 1337 1151 1391 Diptychon
1178 1338 1407 1376 Brixianam
1435 1351 1479 1388 p.
1511 1335 1577 1375 28.

132 1396 208 1428 >aut
234 1389 437 1431 dubitaret
463 1392 514 1431 de
541 1392 620 1431 fide
646 1399 766 1446 atque
793 1393 935 1446 peritia
962 1392 1150 1443 illorum,
1187 1393 1257 1445 qui
1284 1391 1447 1429 titulum
1477 1390 1576 1429 Cas-

132 1444 284 1485 siodori
310 1460 356 1486 ex
384 1448 470 1487 eius
495 1447 632 1487 codice
658 1449 929 1502 manuscripto
949 1476 960 1498 ,
990 1449 1060 1501 qui
1087 1449 1130 1487 in
1156 1446 1400 1487 bibliotheca
1430 1445 1572 1498 Ampl.

131 1499 302 1540 Senatus
329 1502 545 1555 Lipsiensis
572 1510 799 1542 asservatur
816 1533 828 1554 ‚
870 1510 1149 1556 excerpserunt
1164 1532 1176 1553 ‚
1223 1509 1292 1540 aut
1320 1500 1492 1540 scribam
1520 1499 1571 1539 il-

133 1550 212 1593 lius
238 1554 386 1595 codicis
412 1558 659 1609 ignorantiae
691 1566 892 1597 accusaret
905 1587 916 1608 ‚
963 1566 1174 1611 propterea
1211 1556 1321 1610 quod
1359 1555 1571 1593 Cassiodo-

131 1620 225 1647 rum
255 1613 523 1664 praepositum
557 1613 707 1666 palatii
739 1612 1014 1664 appellaverit.
1070 1613 1193 1651 Putat
1219 1612 1275 1650 V.
1304 1611 1360 1648 D.
1390 1616 1460 1647 aut
1488 1623 1571 1648 non

130 1670 240 1702 recte
267 1666 513 1718 exscripsisse
539 1667 819 1719 compendium
847 1669 1065 1719 scripturae
1092 1666 1181 1705 illos
1195 1696 1207 1716 ‚
1247 1667 1318 1718 qui
1345 1664 1492 1704 codicis
1519 1663 1570 1702 il-

130 1716 210 1757 lius
236 1720 421 1759 notitiam
449 1721 619 1771 dedere,
655 1729 724 1760 aut
750 1722 922 1761 scribam
950 1723 1081 1774 ipsum
1108 1735 1190 1760 non
1217 1727 1324 1760 recte
1350 1719 1570 1760 reddid1sse

131 1772 414 1826 compendium
433 1805 445 1825 ,
475 1777 584 1829 quod
612 1791 747 1816 coram
775 1791 816 1816 se
843 1779 882 1815 in
913 1779 1077 1830 antiquo
1105 1776 1265 1825 codice,
1294 1789 1317 1814 e
1343 1788 1424 1827 quo
1450 1787 1569 1813 suum

130 1827 364 1880 derivabat,
410 1833 618 1884 repererit.
655 1832 753 1880 'Sed
780 1833 864 1885 ipse
892 1834 989 1870 meis
1026 1831 1152 1870 oculis
1178 1831 1264 1870 vidi
1291 1831 1483 1882 scriptum
1510 1829 1569 1868 ibi

129 1912 215 1937 esse
239 1903 505 1956 ‹ea-quaestoris
531 1912 570 1942 et
593 1904 699 1941 sacri
716 1904 866 1959 palatii
883 1891 1011 1958 J'J—pssvici
1034 1911 1072 1940 et
1091 1901 1256 1956 patricii
1279 1901 1566 1939 Romanorum.-

125 1966 258 2007 neque
284 1956 403 1995 video
430 1971 504 2010 ego
531 1958 693 2011 quidem
707 1989 719 2009 ‚
749 1973 873 2011 quare
900 1958 1126 1997 auctoritati
1154 1955 1247 1995 libri
1268 1969 1389 1993 manu
1418 1956 1566 1993 exarati

128 2008 403 2062 derogandum
418 2042 429 2063 ,
460 2020 499 2050 et
527 2013 615 2052 loco
642 2015 752 2052 vocis
772 2015 991 2068 praepositi
1015 2026 1091 2051 vox
1114 2012 1307 2066 praejecti
1329 2010 1568 2049 substituen-

127 2062 181 2102 da
207 2067 284 2115 sit,
312 2081 437 2119 quum
465 2075 504 2106 et
519 2070 681 2107 nomina
707 2069 945 2121 dignitatum
974 2075 1013 2106 et
1040 2067 1176 2105 munia
1203 2079 1384 2104 successu
1409 2071 1566 2118 tempo-

126 2131 220 2157 rum
245 2123 505 2161 variaverint.
562 2125 609 2162 In
639 2124 868 2174 Menologio
895 2122 1092 2161 Basiliano
1121 2122 1173 2159 T.
1204 2121 1238 2159 Ι.
1267 2135 1309 2173 p.
1342 2134 1407 2158 20.
1438 2133 1567 2172 nym-

125 2170 297 2220 πόσιτος
339 2177 415 2214 τοῦ
459 2178 664 2228 βασιλέως
692 2179 917 2232 appellatur
944 2192 990 2216 ex
1017 2177 1178 2216 illorum
1205 2182 1432 2228 temporum
1461 2188 1563 2225 usu,

126 2241 197 2266 seu
218 2233 462 2284 praepositus
482 2234 632 2287 palatii
647 2263 659 2281 ‚
689 2234 732 2272 S.
762 2233 957 2273 Romulus
973 2263 984 2282 ,
1014 2234 1084 2285 qui
1099 2263 1110 2282 ‚
1139 2244 1214 2284 pro
1241 2230 1490 2283 temporibus
1513 2229 1564 2268 il-

125 2282 211 2333 lis,
230 2284 376 2337 quibus
402 2287 544 2326 vixisse
571 2289 830 2340 perhibetur,
874 2289 940 2326 vix
967 2289 1098 2340 potuit
1124 2285 1251 2335 alius,
1298 2299 1420 2339 quam
1447 2297 1564 2337 prae-

79 2360 82 2361 ν
125 2338 252 2377 fectus
279 2343 478 2391 praetorio
506 2343 625 2382 fiiisse
642 2372 654 2392 ‚
684 2351 723 2382 et
750 2344 802 2382 ab
829 2342 917 2382 aliis
944 2339 1218 2393 πραιπόσιτος
1243 2339 1320 2391 τῆς
1346 2337 1480 2391 αὐλῆς
1497 2353 1564 2378 no·

125 2394 318 2433 minatur.
374 2396 429 2434 Et
473 2411 567 2436 sane
604 2413 706 2453 quae
743 2399 915 2452 dignitas
953 2404 1038 2435 erat
1076 2396 1150 2436 sub
1187 2396 1329 2448 primis
1371 2395 1565 2448 Augustis

118 2450 368 2502 praejectum
390 2454 608 2504 praetorii,
651 2467 698 2491 ea
726 2454 800 2492 sub
829 2452 1066 2491 Theodosiis
1093 2459 1132 2490 et
1159 2451 1305 2490 secutis
1331 2457 1416 2488 erat
1438 2464 1562 2504 prae-
1573 2452 1636 2488 Ed.
1648 2453 1723 2500 1..7

118 2504 297 2556 positura
316 2506 478 2558 palatii.
537 2509 619 2558 Qui
646 2515 779 2546 autem
807 2523 831 2546 a
859 2508 1021 2546 Graccis
1048 2507 1170 2545 medii
1196 2507 1284 2544 aevi
1311 2505 1419 2543 nude
1439 2519 1564 2558 pme-

116 2559 241 2610 positi
265 2559 519 2612 appellantur
537 2591 549 2611 ,
570 2560 573 2561 ⁷
597 2562 655 2600 illi
684 2569 778 2601 sunt
805 2576 960 2614 semper
988 2561 1185 2611 eunuchi,
1231 2567 1270 2599 et
1299 2560 1463 2613 quidem
1493 2573 1564 2597 eu-

123 2612 349 2651 nuchorum
388 2617 602 2668 principes.
659 2618 770 2667 Quot
813 2618 959 2656 suerint
987 2630 1181 2666 numero,
1228 2615 1326 2654 mihi
1355 2628 1436 2652 non
1466 2628 1563 2652 con-

122 2673 226 2704 stat:
256 2669 376 2707 modo
403 2671 454 2708 de
481 2685 562 2709 uno
590 2685 720 2711 sermo
749 2673 817 2722 fit,
847 2672 968 2710 modo
998 2672 1049 2710 de
1074 2672 1283 2724 pluribus,
1312 2676 1358 2708 ut
1385 2669 1451 2708 hic
1469 2668 1562 2707 loci.

121 2722 260 2770 Quum
287 2730 386 2762 teste
404 2725 707 2779 'l'heophylacto
724 2728 939 2769 Simocatta
952 2727 1122 2765 Romani
1144 2725 1424 2765 consueverint
1446 2724 1566 2762 Prae-

117 2777 284 2827 positum
312 2779 513 2832 appellare
539 2779 611 2821 τὸν
647 2777 860 2833 εὐνούχων
886 2780 970 2820 τῶν
991 2781 1050 2829 εἰς
1080 2779 1158 2834 τήν
1187 2774 1408 2832 βασιλικήν
1439 2776 1567 2831 δορυ-
