1884 3132
279 125 360 184 μ)
399 122 734 169 Arrmmm
780 123 878 164 Lm.
917 124 950 163 1.
989 122 1060 162 DE
1096 117 1352 163 emmo&
1486 95 1598 153 553

169 229 245 269 isse
264 259 278 277 ‚
306 243 471 284 quarum
495 230 539 268 in
556 237 732 267 extr-emo
752 227 927 279 margine
950 226 1015 276 Π,
1038 226 1081 266 in
1101 239 1279 280 supremo
1298 236 1394 262 vero
1426 220 1467 262 Θ
1495 221 1602 276 lege-v

168 284 284 324 batur
309 286 525 332 &uexatum
568 292 683 338 atque
706 283 808 320 inter
834 290 1014 336 iurasque
1038 281 1185 321 litteras
1215 282 1258 319 in
1288 279 1486 318 scalarum
1515 290 1599 315 mo-

167 339 262 378 dum
276 339 426 391 gradus
456 338 615 393 quidam
644 338 822 389 insigniti
853 336 1107 382 videbantur,
1141 335 1277 390 quibus
1321 334 1373 372 ab
1411 332 1599 383 inferiore

167 393 353 432 elemento
380 392 440 432 ad
455 394 627 447 supet-im
646 400 741 430 esset
760 405 947 433 ascensus.
999 391 1251 443 Disputatur,
1281 387 1379 441 quid
1404 386 1498 426 illae
1532 385 1599 424 lit-

169 454 279 486 terae
305 448 380 487 sibi
407 447 556 487 velint:
587 460 669 485 non
689 447 796 484 enim
822 445 971 498 absque
1008 447 1162 484 ratione
1199 444 1387 483 confictas
1414 457 1438 481 a
1464 440 1600 495 philo-

165 501 294 555 sopho
322 502 441 543 fuisse
465 501 598 554 palam
627 507 701 541 est.
760 501 966 550 Quantum
994 498 1137 552 colligo
1163 512 1186 538 e
1213 499 1432 544 sententia,
1474 510 1597 550 quam

173 556 226 594 ab
252 555 340 596 aliis
365 555 530 596 relatam
556 555 710 603 habeo,
740 561 850 594 extra
875 568 1019 592 nexum
1054 560 1276 607 excerptam
1291 583 1303 604 ‚
1341 552 1501 591 videtur
1522 565 1597 605 pro

169 611 216 650 Π
245 611 377 650 littera
414 609 455 650 Γ
475 610 702 662 reponenda
737 623 848 659 esse,
885 623 987 662 quae
1016 607 1056 648 Γ
1052 607 1186 654 ένεσις
1212 608 1403 661 significet
1425 637 1437 657 ‚
1480 613 1527 646 ut
1556 605 1597 646 Θ

162 673 304 708 notare
327 665 487 705 videtur
515 661 715 710 Θάνατος.
771 666 883 715 Quas
915 671 1049 702 autem
1078 663 1271 702 Boethius
1301 663 1427 701 scalas
1454 660 1595 715 appel-

165 718 248 769 lat,
277 733 347 761 eae
370 726 464 758 sunt
490 719 629 773 procul
657 719 781 760 dubio
809 719 965 758 taeniae
987 732 1213 772 purpureae
1244 717 1457 756 alteriusve
1484 715 1595 756 colo-

161 774 233 824 ris,
258 773 433 815 vestibus
452 788 477 813 a
494 788 647 813 summa
674 788 746 814 ora
772 774 824 813 ad
852 775 969 812 imam
998 772 1213 827 parallelae
1237 787 1310 826 per
1332 779 1440 812 certa
1468 772 1591 810 inter-

162 828 269 868 valla
305 829 410 868 assui
446 836 515 868 aut
553 829 673 868 intexi
707 828 852 878 solita3
891 828 1071 882 qualium
1099 826 1321 876 scalarum,
1353 827 1591 866 maeandro-

159 897 253 923 rum
286 883 557 932 undarumve,
601 885 798 933 ποταμῶν
825 891 895 923 aut
923 882 1165 933 θαλασσῶν,
1192 881 1416 936 exemplum
1444 889 1504 922 est
1533 883 1593 922 vi-

157 937 257 979 dere
281 939 388 992 apud
420 939 673 992 Ciampinum
700 939 753 978 T.
770 940 825 978 11.
855 939 1106 978 Monumenti
1134 945 1214 977 vet.
1246 938 1331 978 tab.
1354 939 1422 991 59.

228 1003 230 1006 ’
266 993 312 1033 C.
331 993 374 1033 6.
393 992 508 1048 [470,
528 992 587 1048 7.]
617 990 756 1044 ἆβδία.
810 993 853 1032 Si
880 1007 962 1032 non
1001 999 1254 1033 contractum
1292 1000 1351 1033 est
1379 1007 1454 1046 pro
1482 989 1589 1043 α’βά-

158 1055 247 1111 δια,
272 1058 450 1113 adeoque
475 1073 557 1100 non
584 1067 643 1099 est
666 1059 840 1098 Arabica
867 1073 945 1098 vox
972 1051 1058 1105 8142
1073 1090 1087 1112 ‚
1146 1059 1255 1099 Αἰγαί
1271 1089 1284 1110 ,
1336 1073 1418 1099 non
1463 1060 1587 1111 novi,

157 1113 256 1165 quid
285 1116 338 1153 sit
373 1114 494 1156 aliud.
547 1115 622 1154 Est
647 1122 781 1154 autem
809 1115 925 1153 Abak
951 1115 1016 1154 vel
1043 1115 1153 1155 Abas
1178 1122 1379 1168 gestamen
1401 1114 1588 1153 Arabum

157 1167 451 1208 Chaldaeorum
479 1172 693 1223 praecipue
720 1169 1064 1220 Christianorum,
1093 1169 1250 1209 saeculo
1274 1170 1440 1223 septimo
1467 1169 1588 1224 Saty-

158 1223 217 1261 ris
244 1223 374 1262 Geriri
402 1227 556 1277 poetae,
585 1225 820 1263 Christianis
831 1224 947 1266 valde
973 1225 1121 1273 infesti,
1150 1225 1387 1278 exagitatum
1404 1255 1416 1276 ‚
1445 1224 1514 1263 sed
1547 1232 1590 1264 et

156 1284 317 1329 patrum
347 1282 539 1318 memoria
569 1280 784 1318 Itinerariis
812 1279 920 1318 Petri
949 1277 1053 1318 della
1090 1278 1208 1319 Valle
1236 1286 1275 1318 et
1302 1280 1353 1319 de
1380 1279 1419 1318 la
1446 1279 1588 1333 Roque

157 1330 415 1372 celebratum.
476 1334 678 1372 Laudatus
707 1333 830 1372 Italus
870 1335 917 1372 L.
951 1335 1009 1372 11.
1040 1335 1169 1387 Epist.
1212 1349 1252 1388 7.
1306 1334 1493 1373 describit
1540 1341 1588 1373 ut

155 1387 332 1425 tunioem
362 1390 483 1427 crassi
511 1388 567 1426 fili
608 1389 651 1426 in
670 1395 830 1440 pectore
849 1389 1009 1427 scissam
1027 1419 1039 1439 ‚
1066 1389 1216 1442 absque
1236 1391 1403 1428 manicis
1421 1419 1433 1435 ‚
1463 1403 1587 1442 quam

158 1453 278 1491 super
302 1439 459 1481 indusio
487 1450 640 1496 gestent
665 1442 830 1483 Arabes.
883 1442 1022 1482 Gallus
1053 1451 1185 1482 autem
1213 1443 1378 1496 pallium
1395 1446 1586 1482 extimum

152 1494 338 1547 appellat,
367 1511 458 1549 pag.
492 1496 533 1548 4.
563 1497 613 1536 de
639 1511 712 1535 son
739 1497 786 1535 V
779 1512 903 1549 oyage
920 1498 971 1537 de
992 1497 1122 1549 Seyde
1148 1513 1200 1537 αιι
1229 1499 1352 1552 Camp
1380 1499 1434 1537 du
1450 1499 1590 1550 grand

155 1548 287 1590 Emit.
340 1551 373 1588 J
377 1553 514 1598 amis,
540 1552 609 1591 ait.
634 1565 718 1605 par
736 1551 864 1591 de‘ssus
883 1553 920 1590 Ie
944 1561 1025 1591 tout
1042 1568 1116 1591 une
1140 1555 1312 1591 maniere
1328 1554 1378 1591 de
1403 1563 1585 1592 manteau

155 1603 320 1657 appelle'
328 1605 421 1644 Aba
434 1637 445 1653 ‚
460 1607 553 1658 fait
571 1607 688 1645 d'nne
709 1609 838 1660 espece
868 1607 919 1645 de
947 1607 1162 1646 boum-acan
1194 1607 1375 1648 harriole'
1397 1608 1446 1646 de
1469 1609 1586 1647 blanc

154 1666 197 1696 et
216 1659 268 1697 de
292 1661 385 1698 noir
411 1675 509 1699 avec
550 1661 600 1699 de
630 1663 768 1715 petitos
790 1660 921 1716 fleurs
948 1663 1078 1701 tissues
1107 1662 1211 1702 d’or.
1264 1664 1437 1702 Miretur
1462 1677 1582 1703 nemo

156 1725 223 1751 me
259 1713 410 1766 ubique
447 1715 621 1754 Arabica
664 1730 826 1768 crepare
867 1723 905 1754 et
944 1723 1115 1769 captare.
1172 1717 1217 1756 si
1244 1717 1408 1756 modum
1438 1717 1514 1756 hac
1541 1718 1583 1757 in

154 1766 202 1805 re
248 1767 392 1807 excedo
410 1799 422 1821 ,
459 1771 589 1822 patior
623 1771 731 1822 quod
773 1778 950 1810 amantes
989 1785 1126 1810 omnes
1164 1770 1307 1811 solent.
1363 1772 1516 1825 Vigiles
1543 1780 1584 1811 et

153 1823 395 1862 somniantes
444 1832 574 1863 amata
613 1833 792 1877 spectant
842 1833 883 1864 et
923 1825 1109 1864 audiunt.
1181 1826 1328 1866 Amavi
1377 1828 1583 1880 quondam

153 1874 348 1915 Arabicas
376 1876 526 1921 litteras
555 1886 595 1918 et
621 1886 780 1922 strenue
799 1880 930 1930 colui,
957 1895 1101 1934 magno
1120 1894 1212 1919 cum
1238 1881 1373 1920 rerum
1400 1897 1583 1921 mearum

152 1928 359 1982 dispendio
371 1943 389 1979 ⁵,
419 1947 548 1985 pauco
577 1934 618 1971 in
646 1933 797 1974 litteras
822 1935 1032 1973 commodo
1057 1949 1129 1988 per
1148 1935 1268 1975 huius
1290 1936 1436 1975 saeculi
1463 1936 1580 1985 indo-

153 1982 257 2032 lem,
286 1986 353 2023 cui
382 1986 556 2027 Arabica
582 1988 759 2028 sordent.
816 1990 908 2028 Non
940 1997 1075 2028 tamen
1114 1990 1240 2030 nihilo
1268 1998 1477 2043 propterea
1503 1992 1580 2031 mi·-

153 2051 233 2077 nus
259 2047 411 2078 certum
438 2049 497 2080 est
517 2057 770 2082 numerosam
798 2051 999 2083 catervam
1028 2051 1068 2082 et
1093 2045 1203 2090 velut
1232 2046 1429 2084 coloniam
1456 2060 1579 2085 voca-

152 2092 342 2132 bulorum
367 2095 630 2135 Arabicorum
660 2098 702 2136 in
731 2113 879 2138 novam
906 2093 1295 2152 Graecam'linguam
1317 2101 1578 2153 immigrasse,

150 2154 199 2186 ut
237 2161 262 2186 a
299 2147 414 2187 bellis
452 2157 492 2188 et
527 2154 772 2192 commerciis
798 2154 995 2192 continuis
1020 2156 1201 2206 gentium
1229 2155 1452 2194 vicinarum
1480 2169 1579 2194 con-

149 2204 304 2255 tingere
330 2202 445 2241 solet.
502 2205 631 2244 Multa
656 2209 764 2258 pacis
789 2207 964 2261 bellique
992 2209 1148 2261 negotia
1166 2210 1327 2248 Graecis
1354 2208 1467 2248 nullo
1493 2224 1578 2250 non

149 2263 327 2308 tempore
354 2257 515 2296 suerunt
537 2273 629 2298 cum
657 2262 861 2302 Saracenis
874 2292 886 2309 ‚
916 2262 1043 2301 donec
1064 2263 1271 2301 amborum
1289 2278 1352 2306 res
1371 2263 1574 2305 florerent.

148 2310 382 2363 Aliquando
421 2326 581 2365 quoque
617 2315 821 2355 traductae
861 2318 903 2356 in
942 2318 1151 2363 Graeciam
1185 2318 1360 2370 integrae
1398 2318 1576 2360 coloniae

149 2366 327 2416 gentium
374 2367 625 2406 orientalium
672 2369 845 2410 Arabice
881 2370 1143 2424 loquentium.
1212 2372 1309 2414 vid.
1352 2372 1570 2427 Nicephor.

148 2419 261 2458 Patr.
290 2420 442 2458 CPtani
472 2421 649 2460 Breviar.
680 2437 723 2475 p.
744 2423 837 2474 204.

260 2474 308 2512 C.
331 2474 373 2513 6.
398 2474 508 2528 [470‚
528 2477 587 2528 7.]
616 2475 887 2527 μασουρωτὰ.
915 2479 1052 2529 Quum
1079 2474 1309 2532 μασούριον
1339 2494 1363 2518 a
1382 2480 1448 2519 Du
1467 2480 1572 2523 Can-

148 2526 214 2577 gio
246 2527 314 2566 Gl.
331 2528 402 2566 Gr.
431 2544 503 2582 per
530 2531 710 2581 lagenula
741 2535 882 2584 exponi
910 2534 1101 2581 viderem,
1128 2533 1219 2572 dedi
1246 2536 1288 2573 in
1316 2535 1468 2574 Latinis
1486 2551 1573 2576 own

149 2581 306 2620 intexas
329 2583 530 2635 lagenultk.
562 2585 738 2624 Rectene
763 2600 814 2624 an
840 2601 966 2637 secus,
995 2589 1169 2628 viderint
1194 2588 1274 2629 alii.
1306 2589 1570 2644 Vereorgpro-

150 2633 269 2684 fecto,
296 2650 346 2674 ne
373 2640 518 2677 rectius
542 2639 661 2677 fuerit
691 2654 776 2678 cum
816 2643 974 2681 intextis
1005 2643 1224 2697 siphonibus
1265 2650 1334 2682 aut
1359 2645 1541 2684 cannulis
1556 2676 1568 2696 ‚

151 2687 336 2746 cylindris
361 2690 501 2750 longis·
558 2694 657 2749 Nam
684 2702 879 2749 quantum
905 2696 1049 2755 colligo
1076 2711 1123 2750 ex
1150 2696 1277 2738 allatis
1315 2712 1339 2737 a
1375 2699 1443 2738 Du
1465 2699 1567 2750 Can-
