1832 3126
179 215 256 258 AI)
295 214 590 258 CONSTANT.
638 213 833 256 PORPH.
874 214 946 255 DE
985 213 1166 256 CERIM.
1203 211 1303 254 Lm.
1344 216 1376 254 1.
1435 214 1531 259 101

124 330 260 367 moes,
299 330 442 380 nempe
475 314 547 367 τῆς
576 311 743 355 εἰσόδου
771 314 845 367 τῆς
869 315 992 361 θείας
1023 314 1304 378 λειτουργιας,
1343 329 1446 370 quae
1477 330 1543 355 so-

96 330 260 411 lent
220 372 431 411 introitum
466 371 567 410 sacri
600 370 719 409 officii
758 371 994 422 praecedere
1009 399 1022 420 ,
1065 371 1111 408 fit
1150 370 1336 409 introitus
1379 370 1444 410 vel
1478 386 1543 410 m-

96 441 252 480 goesm,
282 434 330 464 ut
356 440 456 465 aevo
481 426 612 464 medio
639 424 922 478 loquebantur.
981 425 1087 463 Nam
1118 432 1333 479 antequam
1362 424 1469 468 illae
1484 426 1544 464 sa—

97 489 186 520 ctae
211 481 386 531 suerint,
413 488 453 519 et
476 488 547 519 aut
569 479 833 530 Patriarcha,
868 487 939 518 aut
968 479 1189 532 Imperator
1203 510 1215 530 ,
1254 495 1336 533 quo
1364 487 1544 534 tempore

98 537 309 599 imperium
330 537 528 574 Graecum
562 534 695 574 adhuc
727 541 854 584 esset,
898 541 969 572 aut
1002 534 1123 573 hodie
1150 535 1361 586 sacerdos,
1400 543 1439 574 et
1474 538 1546 590 qui

98 592 243 644 cuique
269 591 399 630 coetui
419 590 641 643 primarius
669 590 732 628 vir
761 589 898 639 adest,
934 590 1222 639 convenerint,
1255 590 1472 630 manebant
1492 598 1546 637 et

98 653 261 684 manent
285 646 511 708 congregati
538 647 579 683 in
611 644 843 694 Narthece,
873 643 939 683 vel
969 643 1244 696 Antetemplo.
1301 645 1435 685 Factis
1471 660 1545 684 au·-

98 708 181 739 tem
213 699 398 753 precibus
431 700 618 738 introitus
649 699 721 749 fit,
768 714 839 738 seu
876 714 965 752 ingl
967 713 1066 738 essa
1125 699 1247 750 Quod
1272 699 1413 738 videor
1447 701 1547 740 mihi

10 786 12 790 ,
98 754 284 808 colligere
328 761 369 794 et
399 769 446 794 ex
482 755 607 794 veteri
647 756 729 792 litu
763 755 1010 804 εαΙιιιαΙονὶἰ,
1053 761 1094 793 et
1125 768 1148 793 e
1183 753 1318 794 verbis
1354 756 1543 803 Maximi,

30 820 34 824 ·
99 809 256 862 (allatis
282 824 308 849 a
326 810 396 848 Du
421 810 574 873 Gange
571 824 615 848 v.
631 805 864 859 Εἱσοδος,)
886 805 962 873 τήν
983 809 1060 848 τοῦ
1085 807 1191 848 λαοῦ
1218 822 1298 848 συν
1319 810 1378 864 τῶ
1403 805 1548 863 ἱεράσ-

95 879 156 918 χη
187 864 405 917 γενομένην
437 864 497 911 εἰς
527 861 602 916 τήν
621 862 839 916 ἐκκλησίαν
861 860 1036 903 εἴσοδον.
1091 864 1274 916 Ingressa
1299 849 1444 917 duplex
1462 873 1547 914 est;

100 921 256 983 minor,
303 934 328 958 a
355 933 436 973 qua
474 920 633 958 initium
672 918 799 957 divini
835 917 968 958 cultus
1002 919 1073 971 fit,
1120 918 1280 972 hymnis
1307 920 1549 973 quibusdam

99 975 300 1024 cantatis,
329 981 376 1013 ut
405 975 512 1028 apud
539 989 613 1014 nos
637 973 689 1012 ab
715 973 867 1027 hymno
899 974 1054 1025 Kyrie,
1086 974 1181 1013 item
1205 974 1343 1014 Allem
1382 976 1479 1015 Gote
1507 990 1551 1014 ιιι

99 1029 175 1069 det·
203 1029 301 1069 ΗὸΙι
331 1044 400 1080 ⁸⁶17
428 1030 543 1078 Elzr‚
590 1030 632 1070 id
654 1036 714 1068 est
748 1028 891 1068 Gloria
918 1031 963 1068 in
988 1030 1152 1068 excelsis
1178 1029 1280 1080 ἄρος
1337 1030 1446 1069 conf.
1481 1031 1550 1069 Du

102 1084 240 1138 Gange
269 1098 313 1123 v.
348 1085 565 1133 Ιηιιυίιιιςς
602 1091 643 1123 et
671 1085 830 1134 maior,
863 1084 1027 1138 quando
1054 1084 1281 1124 sacrificans
1310 1099 1404 1124 cum
1431 1099 1550 1138 grege

100 1153 176 1178 suo
203 1154 228 1179 e
255 1139 421 1178 tribuna
450 1139 691 1193 procedebat
718 1139 987 1178 consecranda
1014 1141 1203 1193 mysteria
1226 1139 1375 1193 populo
1403 1140 1550 1178 adora-

99 1201 190 1232 tum
217 1201 445 1234 monstrans
469 1202 510 1233 et
533 1194 831 1234 circumferens.
887 1195 950 1233 De
985 1195 1118 1258 priore
1149 1195 1316 1234 introitu
1343 1195 1441 1234 haec
1475 1195 1548 1233 ha-

102 1249 174 1288 bet
199 1249 419 1288 Durandus
448 1250 523 1288 lv.
549 1251 592 1290 5.
626 1249 663 1304 3.
692 1249 734 1313 4.
793 1250 1002 1303 Hymnum
1039 1250 1095 1289 ait
1123 1249 1243 1289 fuisse
1266 1250 1475 1290 introitum
1495 1250 1550 1290 di·

101 1311 238 1355 ctum,
270 1306 382 1359 quia,
400 1305 494 1343 dum
518 1305 586 1343 ille
607 1314 785 1354 εαιιιειιν,
822 1305 1002 1343 sacerdos
1028 1306 1314 1344 mimktratzmaes
1341 1305 1400 1344 ad
1423 1306 1553 1344 altare

102 1359 251 1408 intrat,
301 1373 367 1399 seu
392 1374 495 1423 ‘qma
528 1374 606 1414 per
636 1361 749 1398 illam
786 1361 1042 1414 antiphonam
1081 1360 1140 1399 ad
1166 1358 1336 1412 officmm
1367 1362 1551 1399 intr-asur.

104 1414 212 1463 Quia
237 1415 369 1478 igier
391 1415 575 1454 introitus
603 1415 655 1453 ad
679 1429 791 1454 sacra
815 1429 885 1454 seu
911 1415 1068 1453 initium
1092 1429 1227 1453 sacrm
1230 1430 1298 1454 um
1323 1415 1375 1454 ab
1399 1415 1553 1468 hymno

102 1467 254 1520 fiebat,
301 1469 372 1522 qui
404 1468 579 1522 hymnus
618 1477 829 1522 propterea
863 1470 1049 1508 introitus
1078 1470 1160 1522 ipse
1190 1485 1351 1522 quoque
1375 1469 1552 1522 appella-

104 1528 199 1572 tur,
234 1537 280 1562 ex
303 1537 352 1562 eo
382 1523 560 1576 sactum,
597 1532 644 1562 ut
673 1531 842 1575 cantor,
875 1524 1048 1577 hymnos
1071 1538 1204 1563 sacros
1225 1525 1272 1563 iu
1303 1524 1506 1563 ecclesiis
1496 1537 1553 1562 ιιι·

43 1603 45 1605 -
104 1577 284 1629 cipiens,
318 1577 545 1627 esodiarias,
578 1578 643 1617 vel
669 1578 916 1627 exodiarias,
945 1579 1055 1631 quod
1085 1579 1189 1616 idem
1215 1586 1274 1617 est
1303 1585 1425 1630 atque
1450 1591 1552 1617 esso-

104 1631 284 1682 ἀίω-αις,
325 1633 525 1685 geminato
547 1648 581 1683 5,
624 1633 850 1682 diceretur,
893 1647 936 1671 v.
972 1634 1040 1670 Du
1070 1632 1205 1686 Gange
1229 1646 1272 1671 v.
1309 1633 1551 1684 Est-odium,

105 1687 179 1726 ubi
207 1687 285 1726 hoc
318 1688 415 1726 citat
447 1688 606 1726 Ioannis
634 1688 685 1726 de
720 1688 874 1726 Ianua:
923 1686 1157 1736 Exodismz,
1206 1689 1361 1726 mititem
1387 1689 1552 1726 cantile-

105 1755 195 1780 nae.
256 1741 369 1780 ffl‘nc
415 1743 646 1781 exodissarms
675 1757 732 1797 pt·
730 1752 931 1790 aec-emor,
980 1742 1052 1797 qui
1096 1751 1252 1781 camum
1285 1744 1423 1797 :ncipit
1462 1751 1553 1781 ante

105 1797 222 1836 alios.
280 1797 363 1847 Qui
400 1804 534 1836 tamen
566 1797 679 1836 malit
717 1798 770 1836 ab
800 1794 962 1852 ἐξᾴδειν
994 1805 1198 1850 repetere,
1245 1805 1470 1850 statuatque
1506 1797 1552 1845 ἐξ

106 1852 151 1890 in
181 1851 258 1890 hac
286 1853 571 1905 compositione
598 1854 703 1891 idem
728 1861 848 1905 atque
878 1853 918 1889 in
946 1848 1124 1903 ἔξαοχος
1153 1866 1179 1891 v
1181 1852 1312 1902 {·,11e1e
1348 1860 1388 1891 et
1409 1860 1551 1891 notme

106 1921 287 1961 rumpere
307 1922 442 1946 vocem
466 1917 557 1946 ante
581 1909 711 1957 alios,
745 1922 810 1946 me
836 1921 918 1954 non
945 1907 1108 1945 habebit
1136 1906 1306 1946 multum
1330 1922 1550 1960 repugnan-

107 1968 207 2000 tem.
265 1962 457 2001 Introitus
494 1963 615 2016 igitur
642 1965 822 2025 primus,
870 1961 935 2000 vel
966 1977 1119 2010 mmor,
1166 1963 1364 2014 evangelli
1396 1975 1557 2015 quoque

112 2016 270 2067 dictus,
321 2016 596 2070 complectitur
629 2032 779 2067 omnia,
816 2031 920 2071 quae
952 2018 1112 2055 missam
1143 2017 1412 2068 praecedunt3
1462 2023 1556 2056 sunt

109 2078 247 2110 autem
273 2085 320 2110 ea
346 2072 463 2111 lectio
479 2086 550 2111 του
572 2072 857 2125 ποοκειμένου,
891 2086 960 2110 seu
987 2072 1192 2125 piopositi,
1228 2072 1269 2110 id
1294 2079 1353 2111 est
1384 2078 1512 2110 textus
1533 2085 1557 2109 e

108 2125 303 2176 Psalmis,
321 2127 413 2166 dein
441 2127 646 2180 epistolae,
682 2135 769 2166 tum
788 2127 997 2180 evangelii,
1030 2125 1243 2165 didascalia
1266 2141 1338 2165 seu
1354 2127 1554 2176 tractatio,

111 2179 155 2219 id
189 2189 248 2220 est
284 2195 412 2220 sermo
454 2183 669 2221 sacerdotis
701 2183 751 2221 ad
779 2182 986 2235 populum.
1045 2181 1178 2221 Aliam
1208 2182 1336 2220 ideam
1374 2182 1558 2221 introitus

107 2236 227 2288 primi
259 2250 329 2274 seu
364 2251 477 2290 parvi
495 2237 605 2276 dedit
648 2239 716 2276 Du
746 2238 880 2290 Cange
907 2237 1038 2275 Gloss.
1073 2237 1146 2274 Gr.
1178 2251 1220 2275 v.
1246 2233 1420 2281 Εἴσοδος
1441 2265 1453 2285 ,
1486 2236 1557 2274 sed

110 2304 235 2344 quam
268 2298 367 2342 puto
396 2307 420 2330 a
451 2299 589 2331 nostro
619 2292 707 2331 loco
732 2292 903 2331 alienam
935 2306 1032 2330 esse.
1090 2292 1172 2329 Iam
1199 2290 1425 2353 intelligere
1443 2290 1558 2328 facile

108 2351 170 2384 est
198 2344 323 2384 verba
352 2347 498 2385 Leonis
513 2348 770 2387 Grammatici
801 2348 842 2386 in
868 2346 1063 2385 Micha‘ele
1082 2346 1252 2384 Eb1ioso
1279 2360 1321 2398 p.
1346 2344 1461 2395 465⁶
1480 2344 1558 2396 τῆς

109 2396 277 2439 εισόδου
309 2399 555 2453 γενομένης,
597 2416 670 2441 και
705 2401 778 2441 τοῦ
816 2400 1052 2463 εὐαγγεὶίου
1090 2399 1364 2446 τελεσθέντος.

229 2455 481 2508 C.11.[15‚
511 2455 574 2509 5.]
624 2454 811 2496 ἵστανται
849 2455 908 2502 εἰς
937 2452 1013 2507 τὴν
1047 2454 1279 2506 ἐκκλησίαν.
1333 2454 1457 2508 Negat
1486 2455 1555 2493 Du

110 2506 283 2562 Cange'
272 2524 315 2548 ιιι
339 2510 428 2548 Nao
453 2511 606 2550 stetisse
641 2510 776 2550 fideles
790 2540 803 2560 ,
844 2511 912 2550 sed
942 2509 1046 2549 solos
1075 2509 1164 2548 vult
1192 2509 1247 2547 ibi
1275 2510 1397 2563 egisse
1426 2523 1556 2548 sacer-

113 2562 228 2602 dotes
260 2571 301 2603 et
324 2564 492 2616 psaltas.
550 2565 608 2605 At
644 2581 835 2619 qumsum
864 2573 947 2603 tam
976 2572 1134 2603 vastum
1162 2565 1332 2617 spatium
1368 2579 1441 2618 pro
1473 2571 1556 2602 tam

112 2619 281 2669 paucis?
335 2619 488 2662 Paulus
522 2581 771 2660 silentiarius
781 2633 961 2686 quoque
986 2620 1035 2657 P
1067 2619 1123 2657 Il.
1151 2633 1214 2658 vs.
1248 2633 1342 2673 270.
1380 2619 1436 2658 ait
1459 2633 1555 2657 can-

112 2670 234 2711 cellos
262 2673 429 2713 bematis
468 2675 709 2728 distinguere
747 2672 819 2714 τὸν
847 2673 1011 2725 μύστην
1041 2666 1178 2725 ανδρα
1211 2675 1288 2713 τοῦ
1315 2669 1556 2724 πολυγλώσ-

115 2738 192 2763 σου
237 2722 398 2776 ὁμίλου.
457 2729 546 2768 Hoc
588 2731 671 2783 ipso
715 2737 852 2769 nostio
890 2728 979 2767 loco
1020 2728 1211 2767 docemur
1257 2742 1340 2767 non
1378 2742 1558 2781 proceres

114 2785 273 2823 tautum
305 2782 346 2822 in
387 2784 520 2826 Naum
547 2785 712 2826 intrasse
726 2814 739 2837 ‚
786 2798 928 2824 verum
946 2784 1048 2837 ipsos
1062 2797 1222 2838 quoque
1237 2783 1381 2825 milites
1395 2797 1559 2837 pompa-
