1884 3132
185 170 260 214 AD
307 169 605 214 CONSTANT.
641 169 837 212 PoRPn.
879 169 950 208 m:
989 166 1169 209 cmm.
1210 167 1306 208 Lm.
1350 168 1383 207 1.
1428 144 1538 204 333

215 287 263 326 B.
285 301 320 327 ῐ.
344 287 460 342 [333‚
484 284 538 342 7.]
565 283 662 338 περί
701 282 827 323 ἵππου
855 282 1248 337 παραγωνιζομένου
1276 282 1354 322 τοῦ
1381 279 1417 322 α’
1444 282 1540 334 βαΐ-

110 354 174 382 ov.
227 342 290 382 De
316 357 419 396 equo
439 373 450 390 ‚
488 342 579 395 qui,
618 355 743 394 quum
775 338 976 378 debuisset
1007 341 1049 376 in
1074 339 1202 391 prima
1229 338 1362 391 palma
1401 352 1468 377 seu
1498 340 1541 377 in

101 397 240 451 'primo
262 411 286 436 a
307 398 531 437 carceribus
545 398 689 435 emissu
713 409 876 434 currere
891 424 902 444 ‚
938 394 1071 432 cursui
1094 401 1134 432 et
1160 395 1365 433 certamini
1389 394 1541 432 obeun-

111 452 165 491 do
189 453 347 505 ineptus
375 453 500 491 sactus
527 459 584 490 est
610 451 744 504 aliquo
786 464 896 489 casu.
955 449 1060 488 Hinc
1100 448 1333 501 intelligitur
1363 451 1542 501 proxime

109 509 359 560 sequentium
377 507 592 547 verborum
616 506 724 544 hunc
747 518 831 543 esse
862 518 1044 543 sensum:
1074 504 1232 558 quando
1248 505 1467 556 contingat,
1500 512 1543 543 uc

105 571 215 601 nocte
248 571 338 602 ante
371 563 482 602 ludos
503 562 698 617 proxima
726 574 842 614 equus
874 559 1002 613 primi
1030 559 1164 598 missus
1200 559 1384 598 ιἠΙιαὺἰίιζς
1415 567 1541 599 certa-

107 616 316 672 minifi'at.

103 671 106 673 ’
215 673 264 712 Β.
283 671 323 712 6.
343 671 460 727 [333‚
487 684 500 710 1
515 669 573 724 1.]
604 661 739 716 οὗτος.
793 670 851 708 Μ.
871 661 1014 714 οὕτως.

215 727 322 766 Ibid.
377 724 545 781 [ibim]
599 721 874 776 εὑρίσκονται.
950 723 1177 763 Praesentes
1217 732 1306 763 sunt
1320 754 1338 772 ,
1375 724 1541 774 adsunt,-

103 780 191 822 vid.
215 795 257 835 p.
279 780 370 834 240.
400 781 455 820 A.
488 780 557 828 8.,
611 778 706 830 248.
731 779 777 818 C.
804 793 836 818 1.
864 785 905 817 et
940 791 982 831 p.
1018 777 1114 831 249.
1148 781 1196 819 B.
1238 779 1278 823 5.
1315 786 1354 818 et
1386 780 1540 819 Nicetas

106 850 147 889 p.
167 849 257 890 ¹97.
277 837 331 876 A.
347 851 388 876 2.
409 843 450 875 et
464 836 510 875 C.
528 849 567 874 α.
627 835 687 874 Ita
709 834 883 874 Codinus
910 832 1030 873 Offic.
1048 834 1143 873 ΧΠ.
1163 834 1205 874 8.
1223 849 1234 873 :
1271 830 1292 874 ὅ
1321 832 1540 885 ἐντιμότα-

105 903 175 937 tog
199 890 280 931 τῶν
306 890 665 944 καθευρεθέντων,
694 889 955 938 adstantium,
987 885 1068 927 α’πὸ
1099 888 1173 928 τοῦ
1200 889 1406 940 βασιλέως
1433 891 1540 939 λαμ-

105 943 244 996 βάνων
270 939 333 985 ἔνι’
358 946 440 985 τῶν
467 940 760 984 παιδοπούλων
785 941 976 983 δίδωσιν.
1037 944 1242 983 Interdum
1262 951 1321 983 est
1348 959 1423 997 pro
1443 944 1539 983 sim-

104 999 199 1053 plici
215 1015 305 1051 esse,
335 1008 381 1040 ut
402 1000 503 1040 infra
522 1014 563 1053 p.
587 1000 680 1038 223.
705 999 751 1038 C.
773 998 869 1046 ult.‚
902 999 1102 1038 interdum
1130 1014 1204 1052 pro
1219 1000 1340 1055 fieri3
1374 998 1540 1038 Malalas

106 1055 159 1094 T.
178 1055 234 1094 ΙΙ.
253 1070 298 1109 p.
320 1070 410 1110 79.:
441 1054 525 1107 πῦρ
556 1048 608 1107 ἦν
634 1050 708 1092 καί
732 1053 913 1106 ἐσβέσθη
933 1084 944 1105 ,
973 1053 1048 1093 καί
1073 1052 1226 1106 εὑρέθη
1254 1053 1394 1103 κονιά,
1438 1054 1659 1107 ι’ὲζηῐεΕάᾸ..
1678 1056 1740 1089 105

105 1117 192 1148 erat
209 1140 220 1159 ,
249 1111 320 1150 sed
342 1112 549 1150 exstinctus
584 1110 681 1148 abiit
705 1110 747 1148 in
766 1111 949 1148 cinerem.
1002 1104 1284 1162 Εὖριοκεσθαι
1329 1107 1388 1156 εἰς
1420 1110 1547 1160 μέρος

106 1159 219 1210 τινὰς
236 1194 248 1215 ,
276 1179 380 1216 esse,
415 1166 547 1204 adesse
578 1166 619 1203 in
642 1174 798 1218 partem
830 1165 993 1203 'alic-nim
1010 1193 1022 1214 ‚
1067 1178 1142 1217 pro
1185 1166 1268 1202 eius
1296 1164 1477 1217 partibus
1504 1179 1547 1204 se

106 1218 349 1273 adiungere,
384 1222 551 1259 transire
577 1220 619 1259 in
637 1220 720 1258 eius
737 1226 885 1273 partes,
914 1219 1035 1258 habet
1059 1219 1225 1258 Malalas
1247 1220 1295 1260 T.
1329 1220 1383 1258 ΙΙ.
1415 1235 1453 1273 p.
1473 1219 1544 1274 89.

107 1272 222 1313 Conf.
248 1276 316 1314 Du
343 1275 475 1329 Gange
509 1274 641 1314 Gloss.
676 1275 747 1315 Gr.
784 1290 826 1328 p.
862 1275 950 1314 166.
982 1274 1053 1314 ult.
1108 1275 1174 1313 Sic
1212 1289 1373 1328 quoque
1412 1276 1546 1314 Latini

107 1328 229 1368 medii
251 1331 338 1369 aevi
364 1332 538 1369 inveniri
562 1344 634 1384 pro
666 1344 801 1369 coram
835 1330 968 1367 adesse
999 1328 1198 1368 dicebant.
1258 1330 1376 1383 Hugo
1404 1330 1546 1369 Flavi-

109 1384 213 1422 'niac-
237 1385 279 1423 in
303 1385 501 1424 Chronico
525 1385 645 1437 (apud
665 1386 733 1423 Du
770 1385 904 1437 Gange
935 1399 976 1422 v.
1017 1383 1293 1438 Papamllus):
1325 1386 1545 1439 aliquando

106 1451 290 1490 magnum
310 1449 395 1478 erat
408 1470 417 1486 ‚
448 1442 484 1478 si
509 1442 593 1495 quis
611 1442 753 1491 regucm
800 1440 968 1478 osculum
996 1441 1241 1487 merehatur;
1283 1449 1436 1491 gratiam
1455 1470 1466 1487 ‚
1511 1442 1549 1478 si

109 1494 196 1547 quis
221 1496 386 1546 vestigia
414 1494 553 1549 Papae
571 1495 821 1533 osczdaretttr.
879 1494 994 1531 Nunc
1019 1508 1135 1532 versa
1164 1496 1249 1532 vice
1276 1509 1404 1532 rerum
1424 1524 1434 1540 ‚
1455 1496 1544 1549 qui-

108 1561 254 1601 cunque
273 1550 603 1601 inventmficisset
622 1549 784 1603 [nempe
813 1550 854 1586 in
879 1549 1099 1600 praesentia
1116 1547 1286 1602 Papae]‚
1318 1550 1540 1598 tenebatur,

108 1615 179 1640 nec
202 1612 318 1641 antea
344 1604 627 1650 dimittebatur,
663 1606 741 1642 nisi
759 1604 899 1658 pedem
918 1604 1125 1657 paparelli
1145 1605 1252 1642 istim
1278 1605 1542 1650 oscularetur,

109 1665 148 1695 et
170 1658 226 1694 sic
251 1658 403 1696 demum
430 1660 557 1697 osculo
584 1661 684 1711 reglis
704 1660 938 1713 potiebatur.
999 1658 1084 1710 Ipse
1106 1659 1186 1696 iam
1214 1658 1409 1712 Polybius
1435 1659 1543 1712 apud

109 1711 360 1751 Athenaeum
382 1728 424 1766 p.
446 1715 534 1767 ¹93·
551 1715 603 1756 D.
623 1715 664 1754 6.
684 1714 733 1752 de
748 1728 839 1767 rege
860 1713 1088 1752 Antiocho:
1119 1709 1223 1765 πρὸς
1250 1717 1336 1759 τοῖς
1364 1711 1542 1766 ἄργυρο-

109 1764 289 1814 κοπείοις
314 1765 527 1819 εὑρίσκετο
555 1767 627 1808 καί
657 1767 975 1821 χρυσοκοπειόις
995 1798 1007 1818 ‚
1049 1769 1187 1819 agebat
1205 1797 1215 1813 ‚
1247 1769 1475 1807 versabatur
1498 1770 1542 1808 in

107 1819 274 1872 officinis·
304 1823 606 1875 azcrffabrorum.
666 1823 788 1876 Quod
820 1831 1014 1862 nostrates
1039 1830 1128 1876 apte
1161 1822 1353 1863 efferunt:
1383 1838 1428 1862 er·
1451 1824 1540 1862 liess

108 1877 189 1914 sich
194 1877 359 1931 finden.
1331 1925 1339 1929 ,

196 1941 286 1996 194.
305 1943 354 1982 C.
377 1956 412 1983 1.
433 1943 544 1998 [333‚
570 1943 646 1999 15.]
675 1943 751 1983 οὐκ
778 1937 968 1997 ἄβλητος.
1020 1945 1078 1982 Μ.
1104 1941 1178 1981 οιῖκ
1201 1958 1283 1982 non
1304 1950 1539 1997 agnoscunt.

107 1995 182 2035 Est
204 2011 297 2051 ergo
327 1997 448 2045 ἵππος
492 1993 669 2051 ἄβλητος
712 2014 826 2055 eqzms
868 2014 945 2038 non
974 1999 1231 2054 producibilis·
1246 2029 1256 2046 ‚
1300 1999 1467 2051 produci
1499 2001 1543 2040 in

112 2064 245 2090 aream
273 2060 313 2091 et
335 2055 559 2092 certaminis
582 2055 758 2106 periculo
775 2055 966 2093 committi
988 2056 1145 2107 ineptus
1174 2061 1214 2093 et
1236 2055 1404 2093 intutus.

229 2106 274 2145 C.
298 2107 335 2146 5.
357 2107 475 2161 [333‚
502 2108 583 2162 17·]
603 2104 687 2149 οἷον
704 2104 757 2149 ἂν
767 2106 1014 2161 χαλινάριον
1034 2105 1156 2163 λάχῃ.
1186 2109 1232 2147 Id
1257 2116 1314 2147 est
1332 2109 1382 2147 ad
1401 2122 1541 2162 quem-

111 2175 269 2214 cunque
295 2176 456 2206 currum
492 2164 687 2216 pertineat
730 2165 794 2204 ille
826 2179 972 2217 equus,
995 2166 1078 2203 sive
1117 2178 1232 2215 eum,
1268 2165 1337 2217 qui
1381 2178 1539 2203 carcere

110 2216 162 2254 ad
190 2224 336 2255 metam
357 2218 533 2269 proximo
573 2220 678 2268 exit,
718 2221 799 2258 sive
839 2234 956 2270 eum,
996 2221 1064 2272 qui
1104 2220 1182 2258 exit
1217 2232 1373 2257 carcere
1405 2233 1537 2257 remo-

109 2272 276 2310 tissimo.
333 2273 432 2311 Nam
465 2273 628 2326 singulis
658 2273 798 2327 palmis
836 2275 900 2313 vel
934 2274 1119 2312 missibus
1168 2275 1353 2327 quaterni
1397 2287 1538 2313 currus

111 2327 328 2370 certabant,
385 2329 527 2366 Tradit
551 2329 670 2380 igitur
696 2337 834 2367 auctor
852 2331 891 2367 in
919 2331 1047 2367 vicem
1073 2330 1163 2381 equi
1187 2328 1319 2367 cursui
1343 2342 1424 2366 non
1448 2342 1535 2367 am-

110 2379 214 2433 plius
238 2382 336 2434 apti,
364 2385 433 2435 qui
458 2382 656 2421 debuisset
674 2385 803 2437 prima
825 2384 958 2437 palma
979 2391 1145 2433 certare,
1174 2383 1357 2422 substitui
1385 2397 1533 2436 equum

108 2438 248 2474 tertiae
263 2437 417 2489 palmae
441 2438 679 2476 destinatum
695 2468 706 2488 ‚
743 2441 836 2491 qui,
868 2440 1047 2491 quamvis
1072 2439 1150 2476 iam
1178 2439 1216 2476 in
1245 2439 1374 2491 prima
1400 2438 1533 2490 palma

112 2494 349 2540 cucurrerit,
375 2492 631 2530 nihilominus
655 2500 787 2531 tamen
809 2495 849 2531 in
872 2495 988 2532 tertia
1014 2507 1172 2545 quoque
1193 2507 1351 2531 currere
1372 2493 1529 2543 debeat,

111 2542 198 2583 loco
223 2560 316 2594 suo,
357 2549 431 2599 ipsi
480 2549 651 2599 primum
702 2546 770 2585 εἶπ’
800 2547 933 2599 ἀρχῆς
973 2548 1182 2586 destinato.
1243 2547 1397 2598 Quodsi
1436 2562 1531 2587 vero

112 2610 235 2650 equus
255 2602 447 2640 secundae
471 2602 623 2654 palmae
646 2610 946 2655 corrumpatur,
976 2604 1009 2640 ei
1029 2602 1211 2641 substitui
1235 2617 1383 2656 equum
1408 2618 1529 2656 quar—

111 2657 175 2690 tae
202 2654 355 2706 palmae
384 2657 644 2707 attributum,
675 2658 746 2710 qui
779 2665 825 2695 ut
862 2659 904 2697 in
941 2657 1134 2710 secunda,
1177 2658 1231 2698 sic
1270 2658 1529 2701 nihilominus

111 2719 268 2761 quoque
292 2711 332 2749 in
347 2719 487 2764 quarta
510 2726 668 2751 currere
693 2712 846 2751 debeat.
