1884 3132
153 183 226 225 An
267 181 562 225 cons‘rm.
604 179 801 223 ponpa.
831 178 902 221 nr.
943 180 1126 222 cmm.
1167 181 1267 221 Lm.
1310 183 1342 220 1
1401 160 1510 217 353

72 285 253 338 βασιλέα
279 285 382 325 nihil
411 285 522 327 aliud
537 315 550 336 ‚
568 299 690 348 quam
709 285 995 339 Imperatorem
1020 285 1272 332 remandare,
1309 299 1510 339 nuncupa-

71 355 151 389 ¹ne,
187 341 445 393 zhauguram,
474 341 697 379 constituere
723 339 974 391 significare,
1003 353 1024 378 e
1052 339 1140 378 loco
1160 339 1295 380 Photii
1328 340 1367 377 in
1388 340 1511 405 orat}-

77 395 210 434 onein
228 407 357 434 novae
384 393 569 434 ecclesiae
597 394 884 433 dedicationem
905 407 947 446 p.
976 407 1067 431 121.
1097 394 1289 432 Bandurii
1318 394 1368 431 T.
1385 394 1444 433 1.:
1434 391 1511 433 ’ὃ-

78 446 246 515 διζγῆσει
285 461 331 488 σε
371 445 398 501 ἢ
437 447 512 488 τοῦ
542 445 731 514 ὖψιστσυ
761 445 898 494 δεξιὰ,
940 446 1017 486 τοῦ
1052 443 1266 493 κτίσαντός
1294 461 1340 487 σε
1370 461 1436 486 και
1464 448 1509 495 ἐξ

77 516 219 553 αυτῳν
262 502 345 542 τῶν
385 499 631 554 σπαργάνων
670 516 728 548 εις
762 501 939 551 βασιλέα
966 502 1040 540 τοῦ
1068 500 1220 540 οἰκείου
1250 516 1317 540 και
1345 516 1508 552 περιου-

77 555 172 597 σιὀυ
200 555 305 596 λαοῦ
331 557 568 608 χρίσαντος.
622 556 789 595 Basilius
818 555 985 594 Macedo
1013 557 1192 608 profecto
1209 586 1220 606 ,
1250 571 1368 609 quem
1398 557 1509 597 Pho-

77 613 157 650 tius
190 610 436 664 alloquitur,
467 611 508 650 in
529 611 642 650 cunis
669 617 811 649 unctus
833 611 875 649 in
899 611 1183 662 Imperatorem
1204 624 1286 649 non
1310 612 1412 659 fuit,
1441 612 1511 651 sed

79 673 210 719 potest
236 665 409 720 quidem
420 666 498 704 dici
534 680 558 704 a
590 665 665 704 deo
698 666 865 718 imperio
892 665 1110 704 destinatus
1145 666 1223 704 iam
1255 666 1307 704 ab
1346 667 1508 705 exordio

78 721 215 760 filisse.
269 720 390 774 Apud
417 721 596 759 Nicetam
617 720 745 759 Chon.
773 734 812 773 p.
833 719 928 773 298.
950 718 1003 759 A.
1027 721 1066 759 5.
1094 727 1198 758 recte
1219 734 1380 773 quoque
1417 735 1510 760 ver-

75 777 126 815 tit
154 776 351 828 Interpres
393 775 606 814 dictionem
643 775 702 820 εἰς
734 774 908 825 βασιλέα
952 773 1146 828 χρίουσιν
1175 787 1324 814 ακοντα
1344 805 1357 824 ,
1404 777 1509 814 ιἠυι-

75 838 156 870 ἰιιηι
178 829 463 884 Imperatorem
495 831 742 893 maugwunt.

186 885 232 922 Β.
261 883 303 924 6.
327 883 443 938 [375‚
474 882 538 978 4.]
563 879 837 947 κεράσματος.
895 884 1068 923 Graecos
1096 884 1147 923 de
1174 886 1271 923 vino
1298 884 1509 938 praecipue

78 926 267 989 adhibere
292 939 436 993 κιρνᾷν
474 952 523 978 ve
574 933 841 988 κεραννύειν,
889 938 1067 992 adeoque
1111 938 1301 990 κέρασμα
1341 941 1510 991 ztglicsum

77 995 215 1033 vinum
242 995 284 1032 in
304 994 488 1049 poculum
517 993 763 1056 significare,
794 993 847 1031 ibi
876 996 1038 1032 memini
1063 1009 1127 1033 me
1157 993 1317 1046 dicere,
1357 995 1428 1034 ubi
1458 994 1510 1034 de

79 1057 252 1088 clamate
291 1047 356 1088 vel
386 1050 512 1087 mia-to
539 1049 623 1101 egi,
653 1055 692 1087 et
713 1047 831 1114 paulo
857 1055 948 1087 ante
974 1063 1013 1102 p.
1038 1062 1125 1103 109.
1150 1048 1206 1088 A.

185 1103 234 1141 B.
252 1101 294 1142 8.
317 1102 434 1157 [375‚
458 1101 522 1157 6.]
546 1102 770 1155 ἀνέσπερον
788 1099 891 1141 ἀνάλ
895 1111 1012 1156 η.ψιν
1036 1105 1237 1143 Videntur
1262 1103 1360 1143 mihi
1385 1104 1509 1144 verba

78 1157 178 1208 haec
199 1171 315 1197 sensu
342 1171 496 1205 carere,
528 1159 605 1196 nisi
643 1156 709 1196 ille
742 1158 985 1210 Impelator‚
1016 1160 1081 1198 cui
1120 1159 1216 1198 haec
1244 1160 1287 1198 in
1315 1158 1509 1199 honorem

79 1219 262 1262 cantata,
282 1219 353 1252 aut
377 1227 400 1251 a
417 1226 497 1266 quo
517 1211 569 1252 ad
597 1211 839 1268 cantandum
867 1214 1047 1252 instituta
1080 1214 1265 1265 fuerunt,
1293 1228 1364 1267 pei
1394 1216 1511 1254 ferias

81 1243 339 1306 vindemiales
365 1267 443 1306 ad
435 1266 643 1320 imperium
662 1269 900 1320 pelvenerit.
934 1268 1084 1307 Dicunt
1103 1271 1209 1307 enim
1227 1277 1509 1316 cantantes‚se

78 1321 123 1360 in
140 1321 449 1361 'vindemialibus
479 1322 678 1361 celeblare
690 1336 882 1375 vespera,
896 1323 936 1360 id
975 1330 1033 1362 est
1064 1323 1141 1362 fine
1184 1331 1305 1376 atque
1347 1323 1505 1387 eclipsi,

83 1383 282 1425 carentem
301 1377 582 1416 assumti0nem
618 1391 825 1429 supremae
850 1378 1078 1429 potestatis,
1117 1392 1186 1416 seu
1222 1376 1395 1416 natalem
1431 1380 1508 1416 im-

82 1431 183 1485 perii
200 1432 412 1484 praesentis
430 1432 698 1486 Impe1atoris.
757 1432 876 1481 Quod
894 1446 989 1471 sane
1014 1435 1056 1470 in
1084 1433 1390 1471 Constantinum
1406 1433 1510 1470 Por-

80 1478 414 1538 phyrogenitum‚
458 1486 601 1524 Leonis
652 1485 804 1534 filium,
847 1500 928 1524 non
965 1489 1174 1539 congruit,
1222 1488 1291 1538 qui
1328 1501 1352 1524 a
1398 1494 1511 1539 patre

85 1547 296 1578 coronatus
308 1539 372 1578 est
387 1540 638 1579 Pentecostes
664 1539 764 1578 festo
788 1540 878 1587 die,
910 1554 1039 1593 neque
1062 1543 1103 1578 in
1135 1541 1400 1578 Iustinianum
1422 1543 1482 1579 M.

83 1594 152 1646 qui
172 1594 381 1635 Paschatis
416 1594 479 1632 die
505 1594 706 1646 Augustus
731 1594 860 1632 dictus
880 1602 951 1633 est.
996 1595 1137 1634 Posset
1167 1596 1273 1632 enim
1298 1594 1396 1634 alias
1412 1595 1510 1634 haee

82 1641 277 1701 particula
303 1663 349 1687 ex
370 1636 479 1688 Petri
501 1649 680 1701 Magistri
708 1662 826 1701 opere
850 1647 948 1700 περί
972 1643 1260 1694 καταστάσεως
1299 1649 1511 1702 πολιτικῆς

83 1703 267 1756 decerpta
295 1717 353 1743 ess
356 1717 391 1742 8.

192 1758 240 1797 C.
266 1771 300 1796 1.
323 1756 433 1811 [375‚
462 1771 502 1795 11
514 1755 547 1810 .]
575 1754 725 1809 ἒρείας.
787 1758 896 1796 Inter
921 1758 1051 1796 varios
1079 1755 1218 1796 modos
1259 1770 1406 1797 nomen
1437 1773 1509 1811 pa—

85 1812 172 1851 latii
180 1809 367 1875 Ἱερείας
375 1811 572 1851 scribendi
597 1812 715 1850 etiam
734 1810 800 1850 hic
827 1813 1010 1865 pertinet.
1043 1812 1219 1850 Exarant
1243 1813 1363 1851 modo
1386 1807 1511 1864 ἧραϊ-

87 1879 158 1914 ον,
198 1866 317 1905 modo
351 1862 528 1917 ἱερεῖον,
567 1866 686 1903 modo
737 1861 894 1918 ἱερίας,
926 1868 1020 1905 item
1069 1862 1203 1919 ἶεριά,
1232 1863 1278 1904 τὸ
1309 1864 1450 1917 ἠρίον,
1483 1863 1510 1918 ἧ

85 1919 208 1972 ἠρία,
237 1917 288 1959 τὰ
318 1918 430 1973 ἠρία
428 1927 475 1958 et
494 1920 579 1958 aliis
600 1919 757 1969 modis3
787 1922 869 1957 vid.
887 1923 952 1960 Du
990 1922 1122 1973 Gange
1143 1920 1242 1959 CPli
1280 1920 1428 1958 Christ.
1459 1921 1508 1963 L.

89 1974 601 2028 1V.c.13.p.175.176.
659 1973 777 2023 Quod
805 1988 864 2012 vs.
887 1974 928 2013 8.
946 1974 1128 2026 deinceps
1155 1974 1376 2027 appellatur
1398 1974 1510 2027 pala-

85 2031 212 2078 tium,
247 2043 327 2066 non
353 2036 410 2067 est
430 2029 662 2076 CPtanum,
683 2028 752 2066 sed
782 2028 886 2066 hoc
876 2043 1003 2081 ipsum
1030 2028 1203 2066 Hieriae.

194 2084 250 2122 D.
271 2083 311 2121 3.
333 2082 445 2136 [375‚
470 2096 514 2121 21
526 2083 572 2146 .]·
572 2057 804 2132 Ῥωῖιιανοῦ.
860 2083 907 2121 In
932 2082 1230 2135 Martyrologiis
1248 2083 1409 2121 Graecis
1436 2082 1512 2121 ali-

88 2145 189 2191 quot
218 2139 416 2176 Romanos
442 2139 628 2187 invenio,
650 2136 832 2185 nullum,
863 2140 974 2176 cuius
997 2139 1187 2176 memoria
1206 2151 1248 2174 ln
1270 2138 1375 2175 diem
1415 2137 1512 2175 Pal-

86 2207 243 2232 marum
268 2192 430 2230 incidat.
487 2192 626 2244 Neque
647 2193 758 2240 novi,
782 2193 869 2245 quis
895 2206 1017 2230 nexus
1039 2194 1141 2230 inter
1164 2183 1270 2230 hunc
1293 2199 1510 2252 martyrem

91 2254 131 2286 et
162 2246 405 2300 praefectum
430 2245 521 2283 urbi
542 2246 687 2292 fuerit,
711 2252 756 2283 ut
776 2247 841 2284 hic
872 2247 1052 2285 debuerit
1082 2260 1127 2284 ex
1154 2252 1287 2285 vetere
1317 2247 1397 2283 nitu
1424 2245 1511 2283 Do-

88 2303 233 2342 minica
255 2300 484 2340 Palmarum
519 2301 569 2338 ad
608 2301 691 2343 eius
731 2301 845 2339 aedes
873 2301 1101 2353 procedere.
1162 2299 1327 2338 Invenio
1348 2298 1512 2361 quidem

89 2355 127 2394 S.
155 2356 374 2394 Patricium
409 2355 660 2392 Romanum·
650 2384 662 2403 ,
699 2355 769 2406 qui
806 2355 906 2393 sorte
940 2355 1058 2393 suerit
1091 2353 1311 2406 piaefectus
1349 2354 1512 2405 pariter.

88 2410 190 2448 Mihi
210 2423 305 2448 vero
327 2423 407 2447 non
428 2416 558 2458 vacat,
588 2408 690 2446 hanc
714 2422 798 2446 rem
816 2409 1040 2462 diligentius
1064 2408 1276 2461 inquirere.
1334 2407 1396 2446 De
1414 2407 1510 2446 aede

87 2464 132 2503 S.
151 2465 319 2505 Romani
338 2463 421 2502 vid.
438 2463 504 2500 Du
522 2463 652 2515 Cange
669 2462 765 2501 CPli
784 2464 880 2502 Chr.
906 2465 953 2501 L.
974 2464 1106 2516 1V.p.
1130 2462 1218 2504 135·

198 2517 253 2556 D.
275 2518 426 2571 penult.
447 2517 558 2571 [376,
579 2516 643 2570 4.]
675 2513 696 2553 ὅ
727 2515 886 2568 e'yelgmg
906 2478 1116 2565 Λάζαρον.
1169 2515 1308 2555 Lazari
1341 2517 1510 2554 mentio-

88 2585 193 2612 nem
203 2572 354 2611 faciunt
368 2601 379 2622 ‚
409 2573 503 2624 quia
523 2571 739 2609 Sabbatum
773 2573 1023 2609 Dominicam
1041 2571 1270 2610 Palmarum
1284 2571 1509 2610 immediate

90 2627 355 2678 praecedens,
385 2628 596 2664 memmiae
630 2627 768 2663 Lazari
791 2640 955 2668 samum
981 2633 1063 2674 est3
1096 2639 1136 2665 v.
1158 2639 1276 2678 supra
1298 2625 1398 2676 adp.
1423 2639 1509 2664 100.

103 2712 108 2714 .
173 2694 266 2734 219.
285 2681 336 2719 A.
366 2695 396 2719 1.
418 2681 528 2733 [376‚
552 2679 615 2732 6.]
647 2676 724 2729 τήν
753 2677 891 2717 αὐτῶν
918 2674 1146 2728 ευμένειαν.
1204 2680 1245 2719 Si
1267 2686 1324 2718 est
1348 2680 1507 2718 1llorum

92 2746 185 2785 erga
211 2742 246 2771 te
265 2734 588 2782 benevolentiam»,
619 2733 763 2772 debent
797 2733 1067 2786 praecedentia
1100 2747 1160 2780 εις
1186 2729 1284 2780 τούς
1311 2731 1508 2779 δεσπότας

141 2807 400 2843 Constantinus
423 2808 600 2855 Porphyr.
636 2809 710 2843 Vol.
735 2809 780 2842 11.
1206 2810 1249 2843 23
