1884 3132
265 178 342 220 AD
380 175 721 219 APPENmCEM
761 177 859 216 Lm.
900 177 932 216 1.
974 177 1047 216 DE
1088 173 1352 217 cffiiMON.
1457 155 1567 211 515

117 281 224 323 circa
273 295 393 321 zonas
420 281 774 334 circumplicabant
817 287 856 319 et
906 281 961 319 sic
988 278 1211 333 gestabant.
1266 280 1418 318 Verum
1443 279 1570 320 habe-

117 336 218 377 bant
257 350 445 391 quoque,
487 344 594 376 certe
637 350 737 375 aevo
774 335 937 385 medio,
976 335 1076 374 tales
1104 334 1248 373 boxeas
1286 335 1366 386 (des
1395 338 1565 387 poches,

122 393 340 442 Tus-chen),
369 390 507 445 quales
550 405 622 430 nos
662 390 840 430 vestibus
867 391 1013 429 nostris
1042 392 1192 428 insutas
1220 395 1259 428 et
1289 390 1443 429 abditas
1465 392 1569 444 geri-

120 461 225 486 mus.
281 448 391 498 Quin
421 453 460 485 et
486 447 647 485 tertium
674 459 836 499 quoque
875 459 1000 508 genus
1028 445 1243 483 fundarum
1286 445 1477 498 gerebant
1504 461 1570 486 ex-

120 509 188 541 tus
215 503 256 540 in
298 502 435 540 oculos
473 503 746 547 incurrentes,
780 515 803 539 a
829 502 937 538 zonis
979 500 1247 552 dependentes
1286 515 1333 539 eo
1362 500 1466 550 Ιοεο,
1498 502 1570 540 ubi

122 557 268 597 milites
303 557 430 596 nostri
473 571 587 609 pelas
617 570 707 595 suas
748 554 939 594 militares
971 555 1112 608 (vulgo
1142 554 1468 606 Patrontanlnn)
1500 571 1570 610 ge·

122 619 233 651 runt.
292 612 355 651 De
381 618 583 665 postiemo
608 625 752 664 genere
784 610 998 673 capiendus
1030 617 1088 649 est
1116 609 1227 648 locus
1255 611 1419 649 Nicetae
1450 611 1568 664 (apud

124 668 194 706 Du
208 667 342 720 Gange
363 680 403 705 v.
430 665 695 716 Δισάκκιον);
734 678 913 717 ποονγεν
927 662 1060 727 ῆιιων
1089 662 1109 702 ὁ
1141 662 1427 731 οι’ν;ουμειικό;
1447 665 1574 718 ‹2021-

125 721 302 785 uulpem,
339 717 398 772 μὴ
440 717 652 759 ὸισάκκιον
682 719 838 773 φέρων,
882 734 940 771 μη
975 716 1138 771 χρισὸν
1181 719 1253 757 ἐπι
1287 716 1362 771 τήν
1402 719 1571 773 ὀσφύν,

128 769 313 829 αραῖὁος
338 773 412 815 καί
456 771 703 821 άσάι’ὸαλ.ος
762 775 861 813 Vult
889 775 1038 813 diceie:
1071 774 1295 827 patriarcha
1334 789 1415 814 non
1444 782 1575 828 gesta-

130 830 203 871 bat
230 830 393 884 bulgam
414 844 532 883 super
561 830 710 869 femore
727 837 766 869 et
794 832 834 868 in
869 844 913 868 ea
932 844 1088 870 aurum.
1146 829 1365 882 Imaginem
1386 832 1462 868 viri
1491 830 1576 870 bul·

96 930 98 932 ,
127 899 220 940 gam
246 885 367 924 talem
395 888 566 939 gerentis
593 885 662 924 dat
688 885 1017 923 V·ale1iiMaximi
1047 883 1201 923 Gallica
1231 886 1504 938 interpretatio
1533 885 1575 924 in

130 939 374 980 membranis
415 940 711 993 Lipsiensibus,
740 940 790 978 de
835 941 982 993 quibus
1010 955 1131 993 supra
1162 940 1259 978 dixi.
1317 941 1362 979 ln
1391 940 1454 979 his
1480 941 1574 980 bul-

130 997 190 1050 gis
217 1002 288 1035 aut
325 994 496 1049 punchis
538 996 662 1048 (quod
699 969 806 1034 idem
856 1009 1018 1047 prorsus
1062 1003 1120 1034 est
1163 1002 1203 1033 et
1249 994 1358 1034 illinc
1386 1010 1488 1034 man
1480 998 1575 1047 int)

131 1065 202 1090 seu
229 1051 387 1101 bursis,
415 1050 524 1104 quod
539 1052 763 1103 conspectui
792 1058 904 1103 patei
905 1057 998 1099 ent
1031 1049 1168 1088 luxum
1197 1057 1235 1088 et
1263 1050 1422 1089 divitias
1451 1059 1578 1090 osten·

133 1105 229 1146 dere
260 1105 440 1144 solebant
466 1105 587 1155 olim,
619 1114 663 1144 ut
694 1113 802 1158 patet
822 1120 865 1143 ex
896 1106 936 1147 S
957 1106 1184 1144 Audo‘eno'
1174 1119 1213 1143 1n
1238 1107 1316 1143 vita
1334 1106 1373 1148 S.
1399 1106 1575 1159 Eligiil.

140 1174 204 1200 12.
221 1175 232 1200 t
261 1162 426 1199 hahebat
446 1175 564 1199 zonas
594 1175 649 1199 εχ
670 1174 770 1199 auro
793 1170 829 1198 et
845 1163 1006 1213 gemmis
1034 1170 1219 1215 comptas,
1242 1175 1311 1198 nec
1332 1175 1409 1200 non
1429 1171 1467 1199 et
1466 1137 1579 1200 ¹3bur·

133 1230 199 1254 sas
227 1216 422 1268 eleganter
450 1225 680 1268 gemmatas.
746 1216 895 1253 Bursae
935 1216 972 1253 in
1004 1216 1178 1254 vestibus
1206 1229 1323 1268 saepe
1353 1231 1579 1255 memoran-

133 1277 204 1310 tur
230 1271 339 1324 apud
367 1271 562 1310 Murator.
591 1271 641 1308 T.
678 1270 732 1308 11.
771 1271 872 1309 Ant.
903 1270 994 1308 ltal.
1024 1286 1066 1323 p.
1089 1271 1185 1310 313.
1218 1271 1318 1318 ult,
1343 1272 1438 1310 316.
1469 1286 1510 1325 9.
1539 1279 1579 1310 et

136 1324 248 1364 alibi.
314 1326 547 1373 Bursaium,
570 1325 708 1378 quales
747 1333 904 1363 nostrae
935 1333 1055 1374 sunt,
1086 1326 1190 1364 intra
1220 1339 1397 1377 pannum
1422 1333 1461 1364 et
1494 1327 1578 1365 eius

137 1379 433 1432 duplicaturam
455 1380 681 1418 abditarum
708 1380 845 1418 videre
880 1388 937 1418 cst
964 1382 1175 1433 imaginem
1211 1383 1354 1432 (neque
1380 1383 1486 1418 enim
1510 1395 1579 1419 ve-

138 1441 244 1473 teres
269 1448 334 1474 eas
367 1435 616 1488 ignorabant)
657 1434 764 1486 apud
806 1435 1060 1486 Ciampinum
1101 1435 1153 1472 T.
1196 1435 1251 1471 Il.
1281 1443 1404 1474 veter.
1434 1449 1580 1473 monu-

139 1496 267 1528 ment.
296 1488 381 1527 tab.
404 1491 472 1529 52.
501 1496 540 1528 et
561 1490 599 1527 in
637 1488 863 1542 Menologio
893 1489 1089 1527 Basiliano
1123 1490 1294 1541 passim,
1324 1497 1370 1527 ut
1397 1491 1445 1531 Τ.
1469 1491 1502 1527 1.
1534 1505 1578 1542 p.

139 1542 494 1598 12.18.et170.,
527 1551 567 1582 et
594 1543 718 1581 T.11.
747 1558 877 1596 p.2o.
909 1543 976 1594 84.
1010 1551 1048 1582 et
1076 1543 1188 1582 alibi.
1245 1545 1376 1582 Areae
1400 1546 1506 1582 enim
1532 1545 1582 1583 il-

142 1597 207 1638 lae
250 1580 494 1637 orbiculares
545 1606 615 1637 aut
653 1597 889 1651 plelumque
913 1598 1221 1645 rhomboideae,
1255 1601 1296 1637 in
1328 1599 1486 1651 regione
1513 1614 1588 1652 ge-

143 1668 273 1692 nuum
309 1655 570 1707 conspicuae,
612 1660 704 1692 sunt
734 1655 885 1692 oiificia
930 1653 1143 1691 fundarum
1183 1653 1247 1692 vel
1283 1667 1579 1693 crumenarum.

143 1709 269 1748 Forte
312 1708 386 1747 has
423 1722 583 1761 quoque
618 1708 808 1772 intelligit
820 1710 994 1757 Noster,
1025 1708 1186 1760 quando
1218 1710 1322 1746 infra
1344 1724 1380 1761 p.
1400 1723 1495 1762 2-1.
1525 1710 1579 1747 D.

144 1777 183 1802 c.
204 1763 274 1806 fin.
320 1770 516 1802 memorat
554 1771 681 1802 vestes
707 1759 811 1811 μετὰ
854 1761 1333 1811 nsorrcxt'mv,cr1mtenzs
1363 1765 1581 1802 instructas.

146 1817 394 1857 Videamus
385 1833 480 1868 iam,
510 1819 607 1870 quid
636 1819 774 1856 calmes
795 1818 954 1863 ficudati
970 1793 1135 1856 fueritit.
1193 1819 1277 1856 Ex
1269 1819 1338 1864 iis,
1369 1832 1472 1870 quae
1489 1818 1586 1856 hac·

146 1879 266 1912 tenus
311 1873 618 1926 disputavimus,
648 1873 788 1911 confici
827 1879 954 1925 potest
974 1872 1114 1911 calices
1148 1873 1343 1911 fundatos
1374 1873 1494 1911 fuisse
1517 1880 1588 1911 aut

149 1925 241 1966 illos
261 1956 274 1976 ,
303 1928 372 1981 qui
398 1928 449 1966 ad
473 1927 620 1966 fundae
650 1927 716 1966 vel
745 1927 987 1966 infundibuli
1026 1935 1095 1965 aut
1121 1928 1211 1966 coni
1242 1928 1406 1966 modum
1434 1929 1590 1966 coirent

150 1983 195 2020 in
227 1982 331 2030 imo,
363 1990 433 2020 aut
474 1985 543 2034 qui
587 1983 736 2021 ciiculo
765 1997 886 2021 aureo
917 1996 999 2020 uno
1030 1997 1102 2034 per
1128 1997 1322 2020 summam
1350 1996 1487 2028 or‚am
1519 1989 1590 2021 aut

149 2035 306 2089 aliquot
338 2051 408 2089 per
442 2045 550 2075 certa
574 2036 784 2076 intervalla
805 2037 1080 2085 ambirentur3
1109 2045 1180 2075 aut
1206 2038 1380 2089 denique
1409 2038 1479 2089 qui
1505 2037 1591 2075 fun-

150 2091 205 2130 do
243 2098 281 2129 et
312 2091 412 2144 pede
447 2092 511 2130 vel
538 2093 648 2131 disco
676 2092 758 2131 lato
782 2091 999 2131 orbiculari
1022 2094 1246 2131 niterentur
1263 2122 1274 2142 ,
1302 2106 1395 2129 cum
1428 2091 1498 2144 qui
1525 2098 1591 2130 ta—

151 2144 182 2184 li
219 2146 318 2198 pede
354 2153 554 2194 carerent,
592 2147 632 2185 in
675 2161 820 2185 conum
858 2155 1105 2199 praesectum
1150 2147 1372 2185 desinentes
1427 2153 1467 2184 et
1505 2147 1592 2198 ipso

152 2199 288 2239 calicis
319 2200 443 2238 fiindo
486 2203 682 2250 nitentes,
712 2216 792 2240 non
835 2202 989 2240 fundati
1026 2202 1255 2240 dicerentur
1282 2201 1346 2239 vel
1371 2202 1457 2239 sine
1477 2201 1591 2253 pedi-

153 2253 259 2303 bus,
291 2262 336 2292 ut
372 2255 409 2292 in
445 2254 583 2293 charta
623 2258 748 2294 veteri
787 2257 894 2309 apud
922 2257 989 2294 Du
1013 2257 1147 2308 Cange
1179 2270 1222 2294 v.
1266 2257 1440 2295 Mazer:
1511 2264 1592 2294 tota

154 2310 334 2364 supellex
361 2323 449 2347 mea
483 2319 669 2362 argentea
695 2319 732 2348 et
762 2313 884 2365 cyplzz
901 2311 951 2349 de
975 2325 1136 2349 mazar-o
1176 2311 1233 2362 [id
1256 2318 1315 2349 est
1337 2309 1477 2362 scyphi
1506 2311 1594 2348 Me-

152 2365 279 2417 gaiiei
301 2377 464 2416 opens
494 2363 656 2413 fictiles,
683 2364 920 2418 porcellani]
951 2380 1036 2403 cum
1047 2366 1217 2420 'pedibus
1245 2374 1284 2402 et
1310 2366 1393 2402 sine
1416 2364 1597 2418 pedzssbus

158 2418 368 2457 Interdum
405 2394 545 2456 calices
576 2418 736 2456 alterius
767 2421 953 2457 materiae
994 2427 1108 2457 erant
1141 2426 1181 2456 et
1223 2419 1384 2456 alterius
1416 2421 1596 2470 ipsorum

161 2472 276 2511 fundi
292 2473 354 2511 vel
371 2473 512 2525 pedes,
531 2480 576 2510 ut
599 2474 635 2510 le
655 2474 786 2527 Ιιαιιαρ
808 2474 858 2511 de
880 2473 922 2510 S.
934 2473 1053 2511 Loms
1081 2472 1234 2510 etoitde
1262 2473 1403 2511 madre
1423 2473 1596 2525 [porcel-

163 2518 274 2581 lana]
312 2542 440 2579 gat-ny
475 2528 519 2566 d’
519 2543 570 2566 un
593 2529 662 2581 pie
688 2528 731 2566 d
731 2537 870 2580 argent
898 2526 1008 2565 ἀοι-ε’.
1044 2527 1099 2564 V.
1134 2528 1200 2565 Du
1220 2527 1353 2580 Gange
1367 2541 1408 2566 v.
1435 2529 1595 2568 A‘Iazer.

164 2580 206 2618 Si
237 2584 300 2620 cui
323 2590 455 2621 tamen
475 2582 550 2620 hae
575 2584 825 2620 coniectuiae
845 2595 923 2620 non
948 2581 1229 2629 satisfecerint,
1259 2582 1359 2620 forte
1387 2582 1445 2620 illi
1472 2585 1597 2636 magis

166 2636 358 2674 arridebit
387 2637 504 2684 haec,
535 2639 598 2675 cui
631 2644 670 2674 et
691 2640 773 2689 ipse
803 2651 874 2689 ego
908 2650 1068 2688 quoque
1095 2611 1314 2688 pluririium
1340 2636 1498 2687 tribuo,
1529 2652 1598 2677 ca-

165 2688 260 2728 lices
289 2690 474 2731 fundatos
497 2692 616 2731 fuisse
639 2691 773 2740 fusos,
804 2705 887 2730 non
913 2690 1058 2730 maneo
1095 2705 1225 2730 cusos.
1281 2692 1470 2732 Fwtdare
1489 2693 1597 2732 enim
