1832 3126
337 193 356 230 1
373 175 444 249 74
635 193 710 234 10.
754 192 859 235 JAc.
901 190 1098 235 musra}
1136 190 1515 239 COMMENTARn'

328 295 380 334 de
417 294 524 334 vasis
563 295 695 334 aencis
711 325 721 342 ‚
776 295 816 334 id
860 303 918 335 est
959 298 1198 336 imtammca.
1258 297 1496 338 Eustathius
1525 298 1576 338 ad
1606 298 1775 340 Homer.

331 350 447 389 Iliad.
479 347 533 389 t‘:
596 347 652 390 Τὸ
682 351 922 402 γανοῦσθαι
960 353 1152 402 λαβοῦσα
1181 353 1224 402 ἐξ
1247 348 1435 407 Ὁμήρου
1463 351 1538 394 καὶ
1561 351 1588 407 ἦ
1613 353 1778 406 χυδαία

329 405 498 457 γλῶσσα
538 403 720 457 ἐπιλέγει
758 400 859 445 αὐτὸ
903 402 1200 458 χαλκώμασιν,
1243 405 1272 447 ἃ
1309 407 1556 461 κασσιτερὸς
1592 409 1779 464 ἀλείφων

329 458 487 512 χρώζει
516 457 623 514 πρὸς
649 457 965 514 ἀργυρωμάτων
991 457 1226 516 ὑπόκρισιν.
1272 463 1314 504 Γ
1311 465 1567 516 εγανωμένον
1592 461 1674 519 γάρ
1704 461 1775 504 διὰ

330 514 411 568 τὴν
435 513 580 556 αἰτίαν
608 515 788 568 λέγεται.

440 573 495 610 D.
522 585 561 610 2.
581 569 678 682 {72⁹
697 571 761 626 8.]
792 571 1004 624 πατρίκιοι
1032 570 1119 614 καί.
1172 574 1231 612 Μ.
1262 573 1478 626 πατρίκιοί
1498 588 1543 614 τε
1571 571 1655 617 καὶ.

442 627 497 666 D.
516 626 558 667 8.
603 627 778 682 72,15.]
813 625 1096 681 χρυσοφεγγῆ.
1150 629 1263 668 Auro
1302 630 1578 684 splendentem.
1637 631 1699 670 Ita
1725 629 1778 669 cl.

335 685 555 737 Interpres.
612 683 752 722 Potest
781 682 820 722 id
847 690 1015 734 notare,
1044 691 1174 735 potest
1201 698 1364 738 quoque
1388 699 1511 725 aurea
1539 683 1689 740 φεγγία
1710 699 1780 725 seu

331 739 495 779 lunulas
527 739 695 778 intextas
724 738 955 777 habentem.
1015 739 1110 778 Vid.
1144 740 1194 779 ad
1223 754 1264 793 p.
1293 739 1386 791 340.
1420 742 1472 780 D.
1503 740 1542 780 5.

442 795 496 834 D.
519 794 594 833 ult.
616 795 709 850 [72‚
739 793 824 848 18.]
853 789 1162 845 σπαθοβάκλια,
1217 796 1358 835 Posset
1378 796 1550 851 ambigi,
1581 796 1783 836 fuerintne

333 849 608 905 spathobaclia
651 850 755 888 duae
794 850 977 889 diversae
1017 857 1056 888 et
1092 858 1295 904 separatae
1323 865 1411 902 res,
1452 852 1617 906 spathae
1643 851 1781 891 dextra

334 915 375 947 et
402 906 536 945 baculi
564 905 724 944 sinistra
751 918 874 944 manu
913 907 1058 959 gestari
1085 906 1217 958 soliti3
1257 920 1310 946 an
1346 921 1476 946 unum
1515 909 1780 961 compositum

334 976 507 1016 eorpus,
551 962 660 1000 conti
700 960 810 1014 longi
839 959 958 1014 lignei
987 974 1080 999 cum
1113 963 1241 1001 infixis
1267 963 1442 1016 spathis,
1485 975 1556 1002 seu
1585 962 1714 1016 longis
1742 969 1782 1001 et

335 1018 426 1058 latis
453 1016 739 1066 mucronibus,
769 1015 980 1056 venabulis
996 1046 1008 1066 ‚
1037 1018 1321 1072 rhomphaeis,
1349 1025 1396 1057 ut
1423 1018 1626 1072 appellare
1640 1017 1782 1067 malis3

336 1072 477 1128 quales
497 1079 635 1112 contos
653 1071 921 1111 Hellebardas
940 1085 1086 1113 vocare
1116 1073 1303 1113 solemus.
1361 1073 1501 1114 Solent
1528 1074 1671 1113 Graeci
1691 1083 1785 1116 cum

336 1138 492 1170 veteres
520 1137 608 1167 tum
640 1129 737 1167 novi
766 1129 826 1167 sic·
849 1141 1090 1180 componere
1118 1129 1200 1168 duo
1228 1128 1427 1169 vocabula
1454 1136 1494 1168 et
1513 1129 1782 1176 commiscere,

336 1193 386 1225 ut
413 1193 453 1224 et
480 1185 561 1223 duo
590 1191 772 1237 separata
788 1213 800 1235 ‚
830 1190 870 1222 et
897 1183 980 1222 duo
1008 1185 1144 1224 iuncta
1173 1198 1343 1238 corpora
1371 1184 1596 1239 significent
1612 1214 1624 1233 ‚
1654 1191 1701 1223 ut
1721 1186 1785 1224 in-'

335 1242 398 1281 sra
426 1255 468 1294 p.
496 1239 564 1292 48.
595 1241 648 1278 D.
673 1253 714 1278 2.
750 1239 945 1278 habemus
986 1235 1305 1291 σελλοχὰλινον,
1351 1241 1490 1280 sellam
1526 1240 1710 1296 equinam
1748 1248 1786 1278 ct

319 1299 491 1350 ‚ji-enum
519 1297 635 1351 equi5
670 1309 711 1348 p.
743 1294 837 1333 205.
874 1295 919 1333 Β.
949 1291 1374 1349 χαρτοκαλαμάριον,
1402 1297 1580 1335 chartam
1607 1306 1694 1334 cum
1712 1295 1787 1334 the-

338 1367 387 1392 ca
424 1351 696 1400 calamorutn5
739 1365 781 1403 p.
813 1349 905 1389 555.
939 1350 990 1388 A.
1024 1349 1100 1389 ult.
1140 1346 1448 1403 τοξοφάρετρα,
1485 1351 1676 1406 pharetra
1701 1363 1788 1390 cum

337 1409 490 1461 sagittis
516 1416 554 1446 et
580 1420 676 1444 arc-n
690 1435 700 1454 ‚
735 1405 805 1444 ubi
826 1404 947 1444 velim
973 1419 1060 1445 cum
1089 1419 1183 1445 arcu
1213 1407 1254 1444 in
1272 1406 1427 1445 Latinis
1455 1405 1562 1445 addi.
1602 1406 1656 1445 V.
1685 1419 1790 1460 quae

340 1464 392 1503 ad
422 1478 462 1517 p.
486 1461 528 1501 6.
559 1461 607 1500 G.
635 1462 673 1501 3.
718 1461 768 1500 de
803 1459 1103 1516 χερνιβοξέστῳ
1143 1474 1214 1500 seu
1251 1461 1367 1516 pelvi
1401 1461 1576 1500 manibus
1602 1461 1791 1500 lavandis

339 1533 428 1558 cum
453 1518 653 1572 guma-nio
682 1515 778 1555 dixi.
837 1516 903 1554 Sic
931 1516 1134 1555 Brodaeus
1163 1517 1214 1555 ad
1243 1515 1463 1571 Antholog.
1496 1516 1571 1555 VI.
1594 1515 1661 1557 25.
1694 1531 1786 1572 pag.

338 1573 439 1627 444.
482 1576 525 1613 in
564 1573 742 1611 carmine
780 1570 983 1610 Leonidae
1029 1573 1190 1626 exponit
1230 1568 1512 1623 θυρεοὶσπιδες
1545 1582 1715 1626 parmae
1754 1579 1794 1611 et

339 1638 463 1671 scuta.
522 1627 662 1668 Potest
692 1635 828 1666 tamen
865 1626 966 1666 illud
1007 1627 1253 1667 vocabulum
1280 1627 1476 1666 eiusmodi
1502 1633 1613 1667 scuta
1642 1627 1791 1681 signifi-

341 1700 436 1727 care
450 1714 463 1737 ‚
508 1698 612 1738 quae
655 1684 698 1722 in
741 1682 874 1722 medio
903 1683 1078 1736 perfecte
1112 1683 1286 1723 rotunda
1317 1681 1468 1722 fuerint
1484 1713 1495 1731 ‚
1539 1681 1592 1721 ad
1620 1681 1791 1722 formam

341 1742 429 1781 τῶν
471 1738 685 1789 ἀσπίδων,
734 1739 775 1777 in
803 1752 960 1778 summo
988 1746 1123 1778 autem
1154 1746 1194 1778 et
1228 1739 1308 1777 imo
1343 1734 1550 1792 ἔκφυσιν,
1587 1751 1789 1777 excessum

340 1796 563 1837 habuerint
589 1796 793 1848 geminum
812 1823 824 1846 ‚
853 1794 961 1833 unde
987 1794 1037 1833 de
1067 1794 1195 1834 forma
1222 1792 1519 1847 quodammodo
1552 1799 1594 1831 et
1614 1792 1790 1848 appella-

341 1855 455 1891 tione
488 1851 571 1890 τῶν
610 1848 782 1902 θυρεῶν
826 1851 1170 1903 participaverint.
1227 1849 1278 1889 P.
1315 1847 1403 1888 180.
1443 1847 1510 1887 ed.
1554 1847 1609 1887 H.
1649 1848 1789 1901 steph..

345 1908 526 1947 eiusdem
553 1904 823 1958 Anthologiac
851 1912 911 1944 est
940 1900 1222 1956 α’ρτολάγυνος
1249 1905 1416 1957 lagena,
1447 1916 1515 1942 seu
1546 1901 1719 1950 lacuna,
1750 1904 1793 1943 id

347 1970 409 2003 est
431 1970 569 2017 patera
599 1975 724 2011 cava,
753 1961 848 1999 vino
871 1961 995 2016 plena
1021 1974 1109 1999 cum
1135 1959 1267 1999 intrito
1290 1973 1414 2014 pane.
1450 1958 1571 2012 Apud
1597 1959 1666 1998 Du
1686 1959 1793 1998 Can-

343 2033 395 2073 ge
420 2019 552 2057 Gloss.
583 2018 674 2056 Lat.
704 2023 764 2054 est
801 2017 1109 2070 Bactroper·atae
1150 2016 1321 2054 homines
1360 2014 1508 2053 baculis
1535 2022 1575 2053 et
1593 2015 1703 2070 peris
1730 2012 1794 2054 in-

345 2075 482 2113 structi
494 2088 510 2123 ‚·
539 2074 633 2111 item
650 2072 1010 2126 pharocantharus,
1040 2071 1117 2109 hoe
1140 2078 1198 2109 est
1220 2070 1372 2123 pharus
1388 2101 1399 2118 ,
1431 2083 1502 2108 seu
1531 2079 1680 2108 corona
1699 2083 1793 2123 pen-

345 2130 429 2169 silis
460 2128 597 2168 multis
634 2127 757 2166 cereis
791 2126 1001 2180 gerendis,
1041 2140 1133 2165 cum
1169 2126 1372 2165 cantharis
1391 2155 1402 2175 ‚
1441 2125 1519 2164 hoc
1553 2132 1614 2164 est
1642 2125 1787 2174 discis,

352 2199 429 2240 pro
463 2182 702 2237 excipiendis
743 2183 865 2234 guttis
899 2195 1107 2220 cereorum
1147 2180 1470 2220 demanantibus.
1530 2179 1654 2233 Apud
1687 2194 1790 2219 eun-

351 2242 446 2280 dem
466 2239 597 2279 Gloss.
626 2239 717 2277 Gr.:
744 2232 1019 2290 Ἀνδρόγυνον
1037 2245 1096 2275 est
1112 2251 1195 2292 par
1220 2239 1418 2276 hominum
1435 2237 1630 2291 acriusque
1657 2249 1792 2285 sextae,

352 2304 393 2335 ct
420 2288 878 2347 τυλοπροσκεφάλαιον,
924 2293 1119 2344 stragulae
1146 2307 1233 2331 cum
1260 2291 1461 2331 cervicali.
1519 2290 1690 2330 Possent
1721 2291 1796 2328 im-

350 2365 490 2392 manes
527 2349 659 2389 aecrvi
703 2347 894 2387 similium
929 2347 1199 2400 exemplorum
1237 2362 1258 2386 e
1299 2347 1462 2386 Graecis
1491 2346 1620 2385 omnis
1652 2345 1794 2385 aetatis

352 2407 597 2460 comportari
619 2435 631 2456 ‚
672 2406 703 2443 si
725 2404 767 2442 id
794 2417 1014 2456 ageremus.
1074 2403 1151 2441 Sed
1186 2402 1388 2442 voluimus
1414 2399 1696 2440 tantummodo
1724 2400 1795 2439 de—

355 2469 595 2510 monstrare,
623 2459 790 2498 modum
803 2459 911 2497 hunc
942 2459 1239 2511 compositionis
1259 2459 1471 2510 utramque
1490 2455 1592 2495 ferre
1616 2456 1797 2509 superius

352 2518 524 2569 positam
549 2515 835 2568 interpretandi
869 2515 1079 2553 rationem.
1138 2514 1256 2552 Patet
1282 2520 1415 2551 tamen
1441 2526 1463 2551 e
1491 2511 1623 2554 Nostri
1653 2525 1694 2564 p.
1717 2510 1786 2564 49.

356 2574 404 2611 B.
439 2585 530 2610 11.:
561 2565 856 2620 σπαθοβὰκλια
882 2569 1002 2608 fuisse
1025 2576 1164 2608 contos
1199 2569 1239 2607 in
1273 2580 1430 2607 summo
1451 2568 1601 2607 vertice
1627 2563 1796 2619 praefer-

357 2634 466 2665 ratos
482 2655 494 2676 ‚
531 2626 601 2664 ubi
635 2633 849 2679 postquam
876 2626 1040 2664 seorsim
1069 2631 1327 2663 memorasset
1353 2621 1540 2676 spathas,
1587 2620 1699 2660 addit
1726 2617 1801 2659 καί

356 2678 406 2720 τὰ
435 2678 730 2731 σπαθοβάκλια
759 2680 899 2719 αὕτῶν
926 2676 1166 2729 ἐπικείμενα
1194 2682 1279 2724 τοῖς
1307 2671 1437 2728 ὤμοις
1465 2674 1618 2716 αὕτῶν.
1672 2674 1798 2730 Vide·-

361 2744 430 2775 tur
453 2735 530 2774 hoc
554 2750 757 2774 armorum
785 2737 1105 2789 pompaticorum
1132 2748 1256 2788 genus
1285 2731 1506 2771 monachus
1534 2727 1799 2784 Smlgallensis

359 2791 409 2830 L.
431 2791 463 2830 l.
488 2790 539 2829 de
553 2791 673 2829 rebus
688 2794 806 2844 gestis
822 2791 953 2830 Caroli
971 2792 1028 2830 M.
1051 2805 1085 2830 c.
1109 2790 1173 2830 56.
1198 2790 1253 2828 ita
1267 2788 1515 2828 describere:
1539 2785 1799 2839 Antiqteonmu
