1890 3112
321 150 392 223 76
600 166 673 209 ιο.
706 163 811 207 1Ac.
850 165 1046 206 luzisxn
1079 163 1459 207 communali

425 272 480 310 D.
501 271 543 310 6.
578 269 652 324 [10
694 268 783 323 in]
829 264 854 307 ὅ
880 267 954 320 τῆς
978 267 1135 321 Βίγλης
1164 263 1453 323 δρουγγοῖριος.
1509 269 1765 324 Drungari'us

314 334 373 367 est
400 326 624 381 praefectus
639 299 799 378 Drungi
816 354 828 375 ,
859 323 924 364 vel
952 323 1060 378 globi
1088 323 1270 364 militaris
1287 353 1301 377 ,
1326 325 1564 379 χιλίαρχος.
1601 325 1666 366 De
1688 340 1763 367 vo-

315 384 370 421 cis
397 382 550 435 origine
577 380 663 420 vid.
694 381 871 419 Gretser.
912 379 964 419 ad
993 379 1137 419 Codin.
1167 394 1209 433 p.
1235 393 1327 435 ¹9¹·
1357 386 1398 419 et
1426 381 1548 421 Goar.
1580 381 1633 420 ad
1661 395 1763 421 eun-

315 437 406 475 dem
434 450 475 489 p.
498 436 567 475 26.
597 435 707 488 fine,
737 434 808 475 ubi
838 436 894 474 ait
911 435 1031 475 fuisse
1050 436 1269 490 Drungarii
1298 434 1458 488 vigiliae
1476 436 1691 491 providere
1708 437 1765 477 in-

313 492 463 530 cendiis
479 520 490 542 ‚
522 490 679 531 furibus
694 521 706 543 ‚
736 490 1026 546 grassatoribus
1042 520 1054 542 ‚
1097 491 1139 530 in
1168 491 1306 530 castris
1333 491 1490 546 vigilias
1505 521 1517 544 ,
1546 491 1765 532 circitatio-

311 561 383 586 nes
411 560 569 586 curare.
627 546 745 586 Conf.
786 547 854 586 Du
883 546 1017 600 Gange
1055 553 1229 601 utroque
1257 546 1389 586 Gloss.
1418 554 1461 586 et
1488 547 1542 587 ad
1570 546 1688 587 Alex.
1717 561 1760 601 p.

312 601 410 642 515.
467 601 581 657 *[Io.
617 602 795 642 Zonaras
833 616 884 641 ex
921 602 1037 641 aulae
1064 601 1166 656 Imp.
1207 601 1308 641 CPt.
1345 614 1494 656 magno
1531 602 1763 656 Drungario

312 658 472 711 vigiliae
500 664 540 696 et
567 658 896 711 protosecretario
925 664 1082 709 asceta,
1126 670 1196 696 seu
1224 655 1447 697 monachus
1460 687 1473 710 ‚
1513 656 1763 711 appellatur,

312 713 356 751 in
395 713 486 752 cod.
523 713 618 752 206.
649 713 758 767 apud
786 711 977 752 Lambec.
1009 713 1059 751 L.
1091 712 1166 751 IV.
1181 711 1222 767 ]*
1278 712 1443 767 Ergone
1481 712 1600 752 simul
1633 714 1766 767 potuit

314 767 457 821 aliquis
508 782 678 822 magnus
727 768 887 822 vigiliae
926 769 1181 821 Drungarius
1217 775 1258 807 et
1306 769 1608 822 protoasecretis
1648 772 1765 808 esse?

311 823 391 862 Vix
418 830 569 877 putem.
630 822 776 863 Officia
803 824 911 862 enim
938 837 1074 863 secum
1101 829 1299 877 pugnant.
1358 822 1467 863 Illud
1494 824 1763 877 paludatum,

311 876 390 918 hoc
417 885 599 933 togatum
626 885 701 918 est.
757 880 997 920 Fueruntne
1023 892 1185 932 quoque
1202 878 1339 932 plures
1366 891 1452 919 uno
1479 879 1687 933 drungarii
1707 880 1765 919 vi-

312 933 454 986 giliae,
485 935 581 988 quia
607 947 776 988 magnus
793 963 806 985 ,
835 934 948 988 quasi
977 934 1242 974 distinctionis
1269 947 1414 983 causa,
1456 934 1633 975 citatur?
1686 935 1762 974 Vi-

312 988 431 1028 detur
473 990 651 1044 quidem.
710 990 759 1029 In
796 989 875 1030 hoc
912 996 1049 1030 tamen
1087 989 1225 1029 codice
1264 989 1432 1043 vestigia
1458 989 1567 1031 illius
1592 990 1651 1030 rei
1678 1003 1763 1030 non

313 1045 465 1084 inveni.
523 1045 584 1085 Ex
623 1044 693 1085 illo
720 1052 831 1098 patet
849 1074 861 1096 ‚
901 1046 1036 1098 magni
1063 1044 1286 1099 Drungarii
1314 1044 1460 1097 fuisse,
1499 1044 1658 1086 scholas
1685 1046 1762 1084 mi-

313 1098 448 1194 }itares
499 1100 679 1155 quotidie
717 1101 760 1141 in
800 1100 920 1141 armis
961 1101 1144 1142 exercitia
1196 1100 1386 1141 facientes
1431 1113 1526 1142 cum
1566 1101 1766 1154 magistris

330 1162 502 1195 ustrare.

424 1211 480 1250 D.
501 1226 542 1267 7.
565 1210 657 1268 [xo‚
677 1227 691 1254 1
706 1211 765 1269 n]
795 1211 868 1254 καὶ
894 1213 971 1254 τοῦ
989 1211 1194 1266 πλωΐμου.
1221 1210 1532 1269 *[Βείοηςανίε,
1562 1210 1631 1252 sub
1657 1213 1765 1252 cuius

313 1279 433 1306 manu
450 1276 506 1307 est
530 1270 656 1308 omnis
677 1278 846 1324 potestas
865 1275 1042 1310 navium.
1075 1269 1317 1324 Luitprand.
1348 1268 1419 1308 An
1435 1267 1691 1322 Dnmgan‘m
1701 1266 1761 1322 ?]*

313 1321 437 1362 Recte
463 1336 560 1362 vero
588 1325 751 1379 corrigit
771 1325 827 1365 V.
845 1325 902 1365 D.
933 1326 1080 1366 vitium
1107 1324 1288 1373 librarii,
1317 1323 1428 1378 quod
1455 1322 1565 1377 apud
1591 1322 1766 1362 eundem

315 1376 469 1418 Histor.
487 1378 564 1417 VI.
585 1378 624 1419 5.
654 1394 746 1434 pag.
767 1380 817 1435 47
829 1394 865 1420 1.
899 1394 923 1421 a
939 1381 1110 1421 recurrit
1137 1380 1204 1421 De
1219 1379 1464 1433 Longaristis
1479 1378 1620 1419 Ploas.
1637 1377 1761 1418 scrib.

314 1432 542 1486 Drongarz's
567 1435 616 1473 tis
637 1436 771 1490 ploaS.
826 1431 1072 1490 Δρογγάρης
1101 1436 1178 1490 (ita
1206 1434 1350 1476 Graeci
1369 1432 1554 1474 moderni
1579 1432 1765 1473 scribunt

314 1494 356 1527 et
382 1489 654 1541 pronunciant
680 1503 757 1544 pro
793 1488 1077 1544 Δρογγάριος)
1120 1490 1196 1544 τῆς
1226 1487 1382 1536 πλώας.
1436 1489 1631 1530 Formam
1658 1488 1766 1528 hanc

313 1542 388 1595 τῆς
408 1539 553 1592 πλώας
580 1544 677 1585 alibi
704 1559 788 1586 non
814 1547 972 1600 reperio
987 1575 999 1597 ‚
1029 1546 1099 1587 sed
1127 1547 1169 1586 in
1187 1544 1265 1585 hoc
1282 1544 1419 1585 codice
1445 1545 1593 1599 passim
1619 1557 1764 1584 occur-

307 1599 396 1649 rit,
434 1598 511 1638 τοῦ
538 1600 756 1652 aminon,
802 1601 886 1640 τῶν
913 1600 1137 1653 πλωῖμων,
1179 1600 1259 1641 τοῦ
1286 1596 1414 1647 πλοὸς
1441 1606 1483 1640 et
1508 1599 1584 1665 τῆς
1609 1595 1766 1646 πλοᾶας.

315 1653 490 1693 Videtur
516 1667 599 1695 esse
627 1669 701 1709 pro
729 1652 883 1709 πλόηςς
930 1657 1211 1724 formaturque
1237 1651 1344 1708 πλόη
1372 1669 1448 1708 pro
1474 1657 1674 1707 πλοησις,
1716 1661 1766 1693 ut

317 1707 394 1748 alia
422 1708 518 1750 talia
535 1709 678 1751 multa.
737 1711 851 1751 Alibi
875 1726 1035 1767 quoque
1054 1719 1112 1752 est
1141 1726 1162 1751 ο
1194 1705 1466 1765 δρουγγάριος
1491 1710 1572 1749 τοῦ·
1597 1707 1764 1750 στόλου.

425 1765 480 1804 D.
503 1780 544 1821 9.
603 1765 694 1820 [10,
719 1766 805 1821 13]
835 1767 877 1807 οἵ
900 1781 947 1807 τε
976 1765 1209 1820 μάγιστροι.
1254 1767 1316 1805 Ita
1342 1764 1420 1819 leg.
1452 1778 1476 1804 e
1501 1763 1764 1804 membranis.

426 1820 480 1860 D.
508 1835 568 1861 11.
599 1821 690 1877 [10,
715 1822 800 1877 15.]
829 1823 906 1862 τοῦ
937 1823 1012 1875 τῆς
1039 1817 1345 1867 καταστάσεως.
1398 1821 1474 1860 Est
1499 1820 1570 1875 qui
1598 1833 1674 1859 suo
1698 1833 1764 1860 res

318 1875 459 1916 ordine
487 1875 752 1932 decenterque
780 1878 865 1918 fieri
894 1885 1023 1917 curat.
1081 1874 1354 1922 Κατάστασις
1389 1875 1473 1915 ταῖν
1508 1870 1764 1929 πραγμάτων

317 1938 378 1971 est
405 1931 513 1986 apud
541 1932 779 1987 Theophan.
810 1948 853 1987 p.
874 1932 943 1972 63.
975 1933 1021 1972 C.
1052 1947 1182 1972 rerum
1209 1940 1327 1970 antea
1351 1931 1595 1970 turbaturum
1619 1931 1766 1970 consti—

318 1989 412 2026 tutio
431 2017 443 2039 ,
484 1988 683 2028 restitutio
711 1989 753 2029 in
781 1989 978 2028 ordinem.
1038 1987 1163 2041 Apud
1190 1986 1363 2026 eundem
1389 1993 1486 2026 sunt
1525 1984 1768 2025 ἀκαταστα-

319 2039 436 2093 σίαι,
464 2057 526 2082 res
553 2044 731 2084 tur-bidae
758 2059 799 2098 p.
825 2045 891 2097 73.
911 2043 957 2082 C.
1018 2043 1129 2082 Idem
1157 2056 1200 2094 p.
1220 2041 1314 2093 243.
1335 2040 1381 2079 C.
1439 2036 1555 2092 μάθε
1583 2036 1660 2092 τὴν
1687 2053 1767 2080 κα·-

319 2091 515 2138 τάστασιν
541 2096 690 2151 habet3
725 2101 831 2139 disce
857 2099 1026 2139 modeste
1040 2128 1052 2148 ,
1081 2097 1220 2137 ordine
1235 2125 1247 2149 ‚
1276 2095 1408 2136 sedate
1433 2111 1565 2151 agere.
1623 2095 1672 2135 In
1698 2094 1764 2135 of-

322 2151 516 2193 ficialibus
541 2154 798 2195 Patriarchae
826 2161 911 2194 erat
950 2151 974 2193 ὄ
1003 2152 1078 2205 τῆς
1106 2149 1222 2205 ἱερᾶς
1249 2147 1562 2202 καταστάσεως,
1603 2149 1654 2189 de
1682 2164 1767 2204 quo

323 2207 446 2246 Goar.
477 2222 567 2262 pag.
596 2210 657 2249 13.
689 2210 742 2250 ad
769 2209 912 2250 Codin.
951 2216 993 2248 et
1020 2208 1196 2248 Gretser.
1227 2222 1270 2261 p.
1308 2205 1398 2261 167.
1458 2207 1605 2246 Petrus
1632 2205 1764 2258 Magi-

321 2268 402 2301 ster
429 2265 584 2317 scripsit
610 2264 735 2305 libros
760 2263 860 2319 περὶ
883 2265 958 2318 τῆς
985 2263 1200 2315 πολιτικῆς
1235 2257 1551 2312 καταστάσεως,
1593 2260 1645 2300 de
1671 2260 1766 2313 qui-

322 2315 399 2356 bus
427 2318 508 2358 dixi
536 2320 578 2359 in
605 2322 875 2374 praefatione3
904 2334 946 2360 v.
966 2319 1035 2359 Du
1055 2318 1189 2372 Gange
1216 2317 1347 2357 Gloss.
1371 2318 1444 2356 Gr.
1477 2315 1766 2356 Geremoniarii

322 2379 409 2410 erat
435 2375 620 2414 ordinare
638 2390 820 2429 proceres
847 2375 1066 2416 secundum
1083 2372 1347 2427 praecedendi
1375 2379 1416 2411 et
1433 2371 1624 2426 sequendi
1645 2371 1733 2410 iura
1749 2398 1764 2421 ,

322 2426 498 2480 incipere
525 2432 748 2484 troparium
765 2463 777 2483 ‚
823 2444 990 2472 evocare
1017 2443 1201 2484 proceres
1229 2426 1450 2468 secundum
1477 2440 1570 2466 suos
1601 2425 1767 2465 ordines

324 2481 376 2519 ad
404 2496 557 2522 sacram
584 2488 905 2527 communionem
921 2516 933 2539 ,
962 2486 1004 2525 in
1035 2485 1189 2538 magnis
1217 2482 1535 2537 processionibus
1556 2481 1600 2520 in
1617 2493 1765 2533 magna

324 2536 489 2577 ecclesia
517 2541 698 2580 osculum
717 2543 827 2595 pacis
854 2542 907 2582 ab
933 2543 1176 2595 Imperatore
1205 2545 1435 2591 accepturos
1459 2550 1583 2576 manu
1602 2535 1653 2574 ad
1669 2548 1765 2574 eum

324 2591 470 2632 ducere
486 2623 498 2643 ‚
538 2594 627 2634 vela
643 2625 654 2645 ,
703 2612 773 2637 seu
799 2598 942 2637 classes
972 2609 1183 2651 procerum
1200 2624 1212 2645 ‚
1251 2601 1291 2632 et
1328 2593 1478 2646 legatos
1513 2590 1767 2630 introducere

325 2653 402 2685 etc.
439 2649 474 2687 E
503 2664 544 2701 p.
583 2651 644 2700 14.
678 2652 723 2690 C.
755 2655 793 2693 3.
832 2652 968 2693 Nostri
1006 2652 1087 2691 fere
1116 2649 1331 2689 concludas
1366 2661 1459 2686 eum
1487 2644 1606 2685 fuisse
1641 2650 1763 2699 caput

325 2700 661 2744 Silentiariorum.

436 2774 474 2813 7.
499 2759 552 2798 A.
573 2761 612 2800 5.
636 2760 728 2815 [105
753 2762 837 2818 19.]
868 2760 1177 2816 κονσιστωριόυ.
1234 2758 1523 2798 Consistorium
1551 2761 1612 2795 est
1636 2752 1767 2805 locus,
