<?xml version="1.0" encoding="UTF-8"?>
<!DOCTYPE html PUBLIC "-//W3C//DTD XHTML 1.0 Transitional//EN"
    "http://www.w3.org/TR/xhtml1/DTD/xhtml1-transitional.dtd">
<html xmlns="http://www.w3.org/1999/xhtml" xml:lang="en" lang="en">
 <head>
  <title>
</title>
<meta http-equiv="Content-Type" content="text/html;charset=utf-8" />
  <meta name='ocr-system' content='tesseract 3.04.00' />
  <meta name='ocr-capabilities' content='ocr_page ocr_carea ocr_par ocr_line ocrx_word'/>
</head>
<body>
  <div class='ocr_page' id='page_1' title='image "./corpusscriptorum08niebuoft/corpusscriptorum08niebuoft_0095.png"; bbox 0 0 1832 3126; ppageno 0'>
   <div class='ocr_carea' id='block_1_1' title="bbox 226 164 1545 238">
    <p class='ocr_par' dir='ltr' id='par_1_1' title="bbox 226 164 1545 238">
     <span class='ocr_line' id='line_1_1' title="bbox 226 164 1545 238; baseline -0.005 -12"><span class='ocrx_word' id='word_1_1' title='bbox 226 182 300 226; x_wconf 73' lang='lat' dir='ltr'><strong>An</strong></span> <span class='ocrx_word' id='word_1_2' title='bbox 339 164 636 226; x_wconf 77' lang='lat' dir='ltr'><strong>CONSTANT.</strong></span> <span class='ocrx_word' id='word_1_3' title='bbox 679 180 877 224; x_wconf 73' lang='lat' dir='ltr'><strong>ponpa.</strong></span> <span class='ocrx_word' id='word_1_4' title='bbox 913 183 985 223; x_wconf 86' lang='lat' dir='ltr'><strong>DE</strong></span> <span class='ocrx_word' id='word_1_5' title='bbox 1027 178 1211 224; x_wconf 71' lang='lat' dir='ltr'><strong>cmm.</strong></span> <span class='ocrx_word' id='word_1_6' title='bbox 1250 175 1349 222; x_wconf 71' lang='lat' dir='ltr'><strong>Lm.</strong></span> <span class='ocrx_word' id='word_1_7' title='bbox 1391 185 1423 222; x_wconf 93' lang='lat'><strong>1.</strong></span> <span class='ocrx_word' id='word_1_8' title='bbox 1475 164 1545 238; x_wconf 84' lang='lat'><strong>87</strong></span> 
     </span>
    </p>
   </div>
   <div class='ocr_carea' id='block_1_2' title="bbox 533 286 1119 360">
    <p class='ocr_par' dir='ltr' id='par_1_2' title="bbox 533 286 1119 360">
     <span class='ocr_line' id='line_1_2' title="bbox 533 286 1119 360; baseline -0.002 -14"><span class='ocrx_word' id='word_1_9' title='bbox 533 288 562 317; x_wconf 70' lang='lat'><strong>³*</strong></span> <span class='ocrx_word' id='word_1_10' title='bbox 577 286 602 360; x_wconf 95' lang='lat'><strong>[</strong></span> <span class='ocrx_word' id='word_1_11' title='bbox 615 288 1119 347; x_wconf 79' lang='lat' dir='ltr'><strong>AcclamationeS.</strong></span> 
     </span>
    </p>
   </div>
   <div class='ocr_carea' id='block_1_3' title="bbox 107 391 1552 777">
    <p class='ocr_par' dir='ltr' id='par_1_3' title="bbox 107 391 1552 724">
     <span class='ocr_line' id='line_1_3' title="bbox 217 391 1548 449; baseline 0 -14"><span class='ocrx_word' id='word_1_12' title='bbox 217 395 415 436; x_wconf 84' lang='lat' dir='ltr'><strong>Consueta</strong></span> <span class='ocrx_word' id='word_1_13' title='bbox 453 393 769 449; x_wconf 77' lang='lat' dir='ltr'><strong>Imperatoribus</strong></span> <span class='ocrx_word' id='word_1_14' title='bbox 810 391 1058 432; x_wconf 82' lang='lat' dir='ltr'><strong>acclamatio.</strong></span> <span class='ocrx_word' id='word_1_15' title='bbox 1116 393 1255 433; x_wconf 81' lang='lat' dir='ltr'><strong>Const.</strong></span> <span class='ocrx_word' id='word_1_16' title='bbox 1283 395 1359 434; x_wconf 84' lang='lat' dir='ltr'><strong>vit.</strong></span> <span class='ocrx_word' id='word_1_17' title='bbox 1389 396 1479 437; x_wconf 87' lang='lat' dir='ltr'><strong>Bas.</strong></span> <span class='ocrx_word' id='word_1_18' title='bbox 1510 411 1548 436; x_wconf 83' lang='lat' dir='ltr'><strong>c.</strong></span> 
     </span>
     <span class='ocr_line' id='line_1_4' title="bbox 109 448 1552 504; baseline 0.001 -13"><span class='ocrx_word' id='word_1_19' title='bbox 109 450 183 491; x_wconf 84' lang='lat' dir='ltr'><strong>IX.</strong></span> <span class='ocrx_word' id='word_1_20' title='bbox 215 452 352 490; x_wconf 86' lang='lat' dir='ltr'><strong>Benno</strong></span> <span class='ocrx_word' id='word_1_21' title='bbox 385 452 425 490; x_wconf 91' lang='lat' dir='ltr'><strong>in</strong></span> <span class='ocrx_word' id='word_1_22' title='bbox 451 451 534 489; x_wconf 83' lang='lat' dir='ltr'><strong>vita</strong></span> <span class='ocrx_word' id='word_1_23' title='bbox 574 448 838 487; x_wconf 83' lang='lat' dir='ltr'><strong>Hildebrandi</strong></span> <span class='ocrx_word' id='word_1_24' title='bbox 882 448 1015 500; x_wconf 87' lang='lat' dir='ltr'>Papae</span> <span class='ocrx_word' id='word_1_25' title='bbox 1034 463 1046 487; x_wconf 73' lang='grc' dir='ltr'><em>τ</em></span> <span class='ocrx_word' id='word_1_26' title='bbox 1092 449 1292 488; x_wconf 89' lang='lat' dir='ltr'><strong>Henricus</strong></span> <span class='ocrx_word' id='word_1_27' title='bbox 1331 451 1433 504; x_wconf 87' lang='lat' dir='ltr'>Imp.</span> <span class='ocrx_word' id='word_1_28' title='bbox 1464 453 1552 492; x_wconf 87' lang='lat' dir='ltr'><strong>solo</strong></span> 
     </span>
     <span class='ocr_line' id='line_1_5' title="bbox 107 503 1551 559; baseline 0.001 -14"><span class='ocrx_word' id='word_1_29' title='bbox 107 513 322 545; x_wconf 90' lang='lat' dir='ltr'><strong>contentus</strong></span> <span class='ocrx_word' id='word_1_30' title='bbox 339 505 544 558; x_wconf 87' lang='lat' dir='ltr'><strong>triumpho</strong></span> <span class='ocrx_word' id='word_1_31' title='bbox 563 504 655 553; x_wconf 84' lang='lat' dir='ltr'><strong>fuit,</strong></span> <span class='ocrx_word' id='word_1_32' title='bbox 682 517 802 557; x_wconf 90' lang='lat' dir='ltr'><strong>quem</strong></span> <span class='ocrx_word' id='word_1_33' title='bbox 822 503 972 542; x_wconf 85' lang='lat' dir='ltr'><strong>Romae</strong></span> <span class='ocrx_word' id='word_1_34' title='bbox 999 503 1158 542; x_wconf 86' lang='lat' dir='ltr'><strong>hahuit.</strong></span> <span class='ocrx_word' id='word_1_35' title='bbox 1217 505 1467 559; x_wconf 81' lang='lat' dir='ltr'><strong>Triumphus</strong></span> <span class='ocrx_word' id='word_1_36' title='bbox 1492 516 1551 547; x_wconf 87' lang='lat' dir='ltr'><strong>est</strong></span> 
     </span>
     <span class='ocr_line' id='line_1_6' title="bbox 110 557 1551 614; baseline 0.002 -15"><span class='ocrx_word' id='word_1_37' title='bbox 110 561 323 614; x_wconf 80' lang='lat' dir='ltr'><strong>applausus</strong></span> <span class='ocrx_word' id='word_1_38' title='bbox 355 561 422 600; x_wconf 88' lang='lat' dir='ltr'><strong>ille</strong></span> <span class='ocrx_word' id='word_1_39' title='bbox 450 561 686 612; x_wconf 82' lang='lat' dir='ltr'>inaugurato</span> <span class='ocrx_word' id='word_1_40' title='bbox 712 557 975 610; x_wconf 78' lang='lat' dir='ltr'><strong>acclamatus:</strong></span> <span class='ocrx_word' id='word_1_41' title='bbox 1008 559 1184 597; x_wconf 89' lang='lat' dir='ltr'><strong>Henrico</strong></span> <span class='ocrx_word' id='word_1_42' title='bbox 1209 558 1394 613; x_wconf 81' lang='lat' dir='ltr'><strong>Augusto</strong></span> <span class='ocrx_word' id='word_1_43' title='bbox 1422 577 1446 600; x_wconf 88' lang='lat' dir='ltr'><strong>a</strong></span> <span class='ocrx_word' id='word_1_44' title='bbox 1463 563 1551 602; x_wconf 83' lang='lat' dir='ltr'><strong>Deo</strong></span> 
     </span>
     <span class='ocr_line' id='line_1_7' title="bbox 108 613 1550 668; baseline 0.001 -14"><span class='ocrx_word' id='word_1_45' title='bbox 108 623 300 655; x_wconf 84' lang='lat' dir='ltr'><strong>coronato</strong></span> <span class='ocrx_word' id='word_1_46' title='bbox 317 645 329 666; x_wconf 86' lang='lat'>‚</span> <span class='ocrx_word' id='word_1_47' title='bbox 358 629 504 668; x_wconf 85' lang='lat' dir='ltr'><strong>magno</strong></span> <span class='ocrx_word' id='word_1_48' title='bbox 533 621 573 653; x_wconf 87' lang='lat' dir='ltr'><strong>et</strong></span> <span class='ocrx_word' id='word_1_49' title='bbox 600 613 763 667; x_wconf 77' lang='lat' dir='ltr'><strong>pacifico</strong></span> <span class='ocrx_word' id='word_1_50' title='bbox 782 643 794 662; x_wconf 90' lang='lat'>‚</span> <span class='ocrx_word' id='word_1_51' title='bbox 825 614 926 666; x_wconf 90' lang='lat' dir='ltr'><strong>Imp.</strong></span> <span class='ocrx_word' id='word_1_52' title='bbox 957 614 1235 653; x_wconf 80' lang='lat' dir='ltr'><strong>Romanorum</strong></span> <span class='ocrx_word' id='word_1_53' title='bbox 1251 637 1271 644; x_wconf 92' lang='lat'><em>-</em></span> <span class='ocrx_word' id='word_1_54' title='bbox 1289 637 1309 645; x_wconf 83' lang='lat'><strong>·</strong></span> <span class='ocrx_word' id='word_1_55' title='bbox 1328 618 1413 656; x_wconf 78' lang='lat' dir='ltr'><strong>vita</strong></span> <span class='ocrx_word' id='word_1_56' title='bbox 1441 625 1480 656; x_wconf 88' lang='lat' dir='ltr'><strong>et</strong></span> <span class='ocrx_word' id='word_1_57' title='bbox 1496 619 1550 658; x_wconf 85' lang='lat' dir='ltr'><strong>vi·</strong></span> 
     </span>
     <span class='ocr_line' id='line_1_8' title="bbox 110 667 1011 724; baseline -0.002 -14"><span class='ocrx_word' id='word_1_58' title='bbox 110 671 251 710; x_wconf 82' lang='lat' dir='ltr'><strong>ctoria.</strong></span> <span class='ocrx_word' id='word_1_59' title='bbox 281 670 360 724; x_wconf 85' lang='lat' dir='ltr'><strong>Ap.</strong></span> <span class='ocrx_word' id='word_1_60' title='bbox 381 670 562 709; x_wconf 88' lang='lat' dir='ltr'><strong>Goldast.</strong></span> <span class='ocrx_word' id='word_1_61' title='bbox 593 670 644 708; x_wconf 87' lang='lat' dir='ltr'><strong>ad</strong></span> <span class='ocrx_word' id='word_1_62' title='bbox 669 667 820 721; x_wconf 80' lang='lat' dir='ltr'><strong>Eginh.</strong></span> <span class='ocrx_word' id='word_1_63' title='bbox 851 683 893 722; x_wconf 89' lang='lat' dir='ltr'><strong>p.</strong></span> <span class='ocrx_word' id='word_1_64' title='bbox 921 682 1011 722; x_wconf 83' lang='lat'><strong>¹7⁰·</strong></span> 
     </span>
    </p>

    <p class='ocr_par' dir='ltr' id='par_1_4' title="bbox 217 724 1549 777">
     <span class='ocr_line' id='line_1_9' title="bbox 217 724 1549 777; baseline 0.002 -14"><span class='ocrx_word' id='word_1_65' title='bbox 217 724 311 764; x_wconf 82' lang='lat' dir='ltr'>Filii</span> <span class='ocrx_word' id='word_1_66' title='bbox 348 724 480 764; x_wconf 88' lang='lat' dir='ltr'><strong>Basilii</strong></span> <span class='ocrx_word' id='word_1_67' title='bbox 508 724 737 764; x_wconf 86' lang='lat' dir='ltr'><strong>Macedonis</strong></span> <span class='ocrx_word' id='word_1_68' title='bbox 766 724 956 763; x_wconf 83' lang='lat' dir='ltr'><strong>invocant</strong></span> <span class='ocrx_word' id='word_1_69' title='bbox 983 724 1024 762; x_wconf 91' lang='lat' dir='ltr'><strong>in</strong></span> <span class='ocrx_word' id='word_1_70' title='bbox 1052 731 1188 763; x_wconf 84' lang='lat' dir='ltr'><strong>vetere</strong></span> <span class='ocrx_word' id='word_1_71' title='bbox 1215 725 1372 777; x_wconf 86' lang='lat' dir='ltr'><strong>pictura</strong></span> <span class='ocrx_word' id='word_1_72' title='bbox 1400 726 1549 777; x_wconf 82' lang='lat' dir='ltr'><strong>Deum,</strong></span> 
     </span>
    </p>
   </div>
   <div class='ocr_carea' id='block_1_4' title="bbox 34 779 1550 835">
    <p class='ocr_par' dir='ltr' id='par_1_5' title="bbox 34 779 1550 835">
     <span class='ocr_line' id='line_1_10' title="bbox 34 779 1550 835; baseline 0.001 -17"><span class='ocrx_word' id='word_1_73' title='bbox 34 805 38 809; x_wconf 90' lang='lat'><em>-</em></span> <span class='ocrx_word' id='word_1_74' title='bbox 108 785 155 818; x_wconf 74' lang='lat' dir='ltr'><strong>ut</strong></span> <span class='ocrx_word' id='word_1_75' title='bbox 180 786 344 819; x_wconf 85' lang='lat' dir='ltr'><strong>coronet</strong></span> <span class='ocrx_word' id='word_1_76' title='bbox 370 794 493 819; x_wconf 90' lang='lat' dir='ltr'><strong>manu</strong></span> <span class='ocrx_word' id='word_1_77' title='bbox 529 794 602 818; x_wconf 84' lang='lat' dir='ltr'><strong>sua</strong></span> <span class='ocrx_word' id='word_1_78' title='bbox 631 792 723 818; x_wconf 90' lang='lat' dir='ltr'><strong>cum</strong></span> <span class='ocrx_word' id='word_1_79' title='bbox 755 780 955 832; x_wconf 84' lang='lat' dir='ltr'><strong>genetrice</strong></span> <span class='ocrx_word' id='word_1_80' title='bbox 994 787 1147 832; x_wconf 88' lang='lat' dir='ltr'><strong>patrem</strong></span> <span class='ocrx_word' id='word_1_81' title='bbox 1166 809 1179 831; x_wconf 87' lang='lat'>,</span> <span class='ocrx_word' id='word_1_82' title='bbox 1227 779 1395 834; x_wconf 88' lang='lat' dir='ltr'><strong>dignum</strong></span> <span class='ocrx_word' id='word_1_83' title='bbox 1422 781 1550 835; x_wconf 87' lang='lat' dir='ltr'><strong>ipsum</strong></span> 
     </span>
    </p>
   </div>
   <div class='ocr_carea' id='block_1_5' title="bbox 105 834 1552 2811">
    <p class='ocr_par' dir='ltr' id='par_1_6' title="bbox 106 834 1050 889">
     <span class='ocr_line' id='line_1_11' title="bbox 106 834 1050 889; baseline 0.001 -16"><span class='ocrx_word' id='word_1_84' title='bbox 106 834 253 874; x_wconf 76' lang='lat' dir='ltr'><strong>faciens</strong></span> <span class='ocrx_word' id='word_1_85' title='bbox 278 850 402 889; x_wconf 84' lang='lat' dir='ltr'><strong>regno</strong></span> <span class='ocrx_word' id='word_1_86' title='bbox 429 835 603 878; x_wconf 85' lang='lat' dir='ltr'><strong>coelesti.</strong></span> <span class='ocrx_word' id='word_1_87' title='bbox 660 834 755 873; x_wconf 83' lang='lat' dir='ltr'><strong>Vita</strong></span> <span class='ocrx_word' id='word_1_88' title='bbox 782 835 866 874; x_wconf 86' lang='lat' dir='ltr'><strong>eius</strong></span> <span class='ocrx_word' id='word_1_89' title='bbox 893 848 935 887; x_wconf 92' lang='lat' dir='ltr'><strong>p.</strong></span> <span class='ocrx_word' id='word_1_90' title='bbox 962 835 1050 874; x_wconf 82' lang='lat'><strong>155.</strong></span> 
     </span>
    </p>

    <p class='ocr_par' dir='ltr' id='par_1_7' title="bbox 217 888 1217 944">
     <span class='ocr_line' id='line_1_12' title="bbox 217 888 1217 944; baseline 0 -15"><span class='ocrx_word' id='word_1_91' title='bbox 217 891 316 929; x_wconf 73' lang='lat' dir='ltr'><strong>Paz-</strong></span> <span class='ocrx_word' id='word_1_92' title='bbox 345 890 540 943; x_wconf 75' lang='lat' dir='ltr'><strong>Augustae</strong></span> <span class='ocrx_word' id='word_1_93' title='bbox 566 891 634 928; x_wconf 92' lang='lat' dir='ltr'><strong>Du</strong></span> <span class='ocrx_word' id='word_1_94' title='bbox 659 889 792 942; x_wconf 82' lang='lat' dir='ltr'><strong>Gange</strong></span> <span class='ocrx_word' id='word_1_95' title='bbox 822 890 873 928; x_wconf 91' lang='lat' dir='ltr'><strong>ad</strong></span> <span class='ocrx_word' id='word_1_96' title='bbox 901 888 1019 929; x_wconf 82' lang='lat' dir='ltr'><strong>Alex.</strong></span> <span class='ocrx_word' id='word_1_97' title='bbox 1047 904 1090 944; x_wconf 87' lang='lat' dir='ltr'><strong>p.</strong></span> <span class='ocrx_word' id='word_1_98' title='bbox 1122 889 1217 944; x_wconf 83' lang='lat'><strong>267.</strong></span> 
     </span>
    </p>

    <p class='ocr_par' dir='ltr' id='par_1_8' title="bbox 107 945 1552 1165">
     <span class='ocr_line' id='line_1_13' title="bbox 217 945 1552 1001; baseline 0.002 -18"><span class='ocrx_word' id='word_1_99' title='bbox 217 945 334 984; x_wconf 85' lang='lat' dir='ltr'><strong>Conf.</strong></span> <span class='ocrx_word' id='word_1_100' title='bbox 367 945 502 995; x_wconf 74' lang='grc' dir='ltr'><strong><em>Νίκα,</em></strong></span> <span class='ocrx_word' id='word_1_101' title='bbox 530 945 602 983; x_wconf 91' lang='lat' dir='ltr'><strong>ubi</strong></span> <span class='ocrx_word' id='word_1_102' title='bbox 630 954 670 984; x_wconf 82' lang='lat' dir='ltr'><strong>tu</strong></span> <span class='ocrx_word' id='word_1_103' title='bbox 695 945 834 984; x_wconf 79' lang='lat' dir='ltr'><strong>vincas</strong></span> <span class='ocrx_word' id='word_1_104' title='bbox 858 946 1054 998; x_wconf 80' lang='lat' dir='ltr'><strong>expressi,</strong></span> <span class='ocrx_word' id='word_1_105' title='bbox 1082 946 1192 999; x_wconf 89' lang='lat' dir='ltr'><strong>quod</strong></span> <span class='ocrx_word' id='word_1_106' title='bbox 1211 945 1316 985; x_wconf 88' lang='lat' dir='ltr'><strong>idem</strong></span> <span class='ocrx_word' id='word_1_107' title='bbox 1343 953 1404 995; x_wconf 65' lang='lat' dir='ltr'><strong>est</strong></span> <span class='ocrx_word' id='word_1_108' title='bbox 1430 953 1552 1001; x_wconf 83' lang='lat' dir='ltr'><strong>atque</strong></span> 
     </span>
     <span class='ocr_line' id='line_1_14' title="bbox 107 997 1551 1055; baseline 0.001 -16"><span class='ocrx_word' id='word_1_109' title='bbox 107 1001 345 1052; x_wconf 73' lang='grc' dir='ltr'><strong><em>τουμβηκας</em></strong></span> <span class='ocrx_word' id='word_1_110' title='bbox 385 1001 491 1054; x_wconf 85' lang='lat' dir='ltr'><strong>apud</strong></span> <span class='ocrx_word' id='word_1_111' title='bbox 530 1000 712 1039; x_wconf 89' lang='lat' dir='ltr'><strong>Suidam.</strong></span> <span class='ocrx_word' id='word_1_112' title='bbox 770 1001 834 1040; x_wconf 90' lang='lat' dir='ltr'><strong>Sic</strong></span> <span class='ocrx_word' id='word_1_113' title='bbox 879 997 1079 1053; x_wconf 75' lang='grc' dir='ltr'><strong><em>ὄμφύειον</em></strong></span> <span class='ocrx_word' id='word_1_114' title='bbox 1123 1014 1196 1053; x_wconf 88' lang='lat' dir='ltr'><strong>pro</strong></span> <span class='ocrx_word' id='word_1_115' title='bbox 1234 999 1405 1053; x_wconf 75' lang='lat' dir='ltr'><strong>officium</strong></span> <span class='ocrx_word' id='word_1_116' title='bbox 1443 1002 1551 1055; x_wconf 90' lang='lat' dir='ltr'><strong>apud</strong></span> 
     </span>
     <span class='ocr_line' id='line_1_15' title="bbox 107 1054 1552 1108; baseline 0.002 -15"><span class='ocrx_word' id='word_1_117' title='bbox 107 1054 294 1108; x_wconf 84' lang='lat' dir='ltr'><strong>Theoph.</strong></span> <span class='ocrx_word' id='word_1_118' title='bbox 325 1055 421 1095; x_wconf 79' lang='lat'><strong>316.</strong></span> <span class='ocrx_word' id='word_1_119' title='bbox 460 1055 558 1094; x_wconf 89' lang='lat' dir='ltr'><strong>Inde</strong></span> <span class='ocrx_word' id='word_1_120' title='bbox 585 1062 747 1108; x_wconf 86' lang='lat' dir='ltr'><strong>apparet</strong></span> <span class='ocrx_word' id='word_1_121' title='bbox 774 1070 806 1106; x_wconf 89' lang='grc' dir='ltr'>μ</span> <span class='ocrx_word' id='word_1_122' title='bbox 834 1056 954 1095; x_wconf 88' lang='lat' dir='ltr'><strong>inseri</strong></span> <span class='ocrx_word' id='word_1_123' title='bbox 982 1062 1076 1095; x_wconf 88' lang='lat' dir='ltr'><strong>ante</strong></span> <span class='ocrx_word' id='word_1_124' title='bbox 1103 1055 1282 1095; x_wconf 86' lang='lat' dir='ltr'><strong>labiales.</strong></span> <span class='ocrx_word' id='word_1_125' title='bbox 1341 1057 1390 1095; x_wconf 90' lang='lat' dir='ltr'><strong>In</strong></span> <span class='ocrx_word' id='word_1_126' title='bbox 1409 1064 1552 1096; x_wconf 84' lang='lat' dir='ltr'><strong>nostro</strong></span> 
     </span>
     <span class='ocr_line' id='line_1_16' title="bbox 107 1109 881 1165; baseline 0.003 -17"><span class='ocrx_word' id='word_1_127' title='bbox 107 1115 241 1148; x_wconf 73' lang='lat' dir='ltr'><strong>autem</strong></span> <span class='ocrx_word' id='word_1_128' title='bbox 269 1109 543 1164; x_wconf 73' lang='grc' dir='ltr'><em>πρεμφέκτωρ</em></span> <span class='ocrx_word' id='word_1_129' title='bbox 572 1125 645 1163; x_wconf 90' lang='lat' dir='ltr'><strong>pro</strong></span> <span class='ocrx_word' id='word_1_130' title='bbox 666 1112 881 1165; x_wconf 80' lang='lat' dir='ltr'><strong>praesecto.</strong></span> 
     </span>
    </p>

    <p class='ocr_par' dir='ltr' id='par_1_9' title="bbox 108 1164 1551 1317">
     <span class='ocr_line' id='line_1_17' title="bbox 217 1164 1551 1220; baseline 0.002 -17"><span class='ocrx_word' id='word_1_131' title='bbox 217 1164 303 1204; x_wconf 89' lang='lat' dir='ltr'><strong>Sub</strong></span> <span class='ocrx_word' id='word_1_132' title='bbox 333 1165 544 1204; x_wconf 83' lang='lat' dir='ltr'><strong>Anastasio</strong></span> <span class='ocrx_word' id='word_1_133' title='bbox 572 1180 665 1204; x_wconf 91' lang='lat' dir='ltr'><strong>cum</strong></span> <span class='ocrx_word' id='word_1_134' title='bbox 702 1166 962 1219; x_wconf 79' lang='lat' dir='ltr'><strong>procederent</strong></span> <span class='ocrx_word' id='word_1_135' title='bbox 988 1166 1178 1205; x_wconf 88' lang='lat' dir='ltr'><strong>Monachi</strong></span> <span class='ocrx_word' id='word_1_136' title='bbox 1214 1167 1416 1205; x_wconf 78' lang='lat' dir='ltr'><strong>canticum</strong></span> <span class='ocrx_word' id='word_1_137' title='bbox 1446 1167 1551 1220; x_wconf 85' lang='lat' dir='ltr'><strong>psal-</strong></span> 
     </span>
     <span class='ocr_line' id='line_1_18' title="bbox 108 1213 1548 1315; baseline 0.002 -57"><span class='ocrx_word' id='word_1_138' title='bbox 108 1218 522 1315; x_wconf 42' lang='lat' dir='ltr'><strong>leffgesffiZXCIaffabat</strong></span> <span class='ocrx_word' id='word_1_139' title='bbox 547 1221 739 1275; x_wconf 86' lang='lat' dir='ltr'><strong>populus:</strong></span> <span class='ocrx_word' id='word_1_140' title='bbox 767 1222 903 1268; x_wconf 82' lang='grc' dir='ltr'><strong><em>καλῶς</em></strong></span> <span class='ocrx_word' id='word_1_141' title='bbox 929 1213 1060 1273; x_wconf 77' lang='grc' dir='ltr'><em>ἦλθον</em></span> <span class='ocrx_word' id='word_1_142' title='bbox 1087 1218 1125 1260; x_wconf 77' lang='grc' dir='ltr'><strong>οἱ</strong></span> <span class='ocrx_word' id='word_1_143' title='bbox 1156 1217 1394 1274; x_wconf 75' lang='grc' dir='ltr'><em>ὄρθόὅοξοι.</em></span> <span class='ocrx_word' id='word_1_144' title='bbox 1448 1224 1548 1283; x_wconf 70' lang='lat' dir='ltr'><strong>Bag.</strong></span> 
     </span>
     <span class='ocr_line' id='line_1_19' title="bbox 114 1287 1156 1317; baseline 0.004 -4"><span class='ocrx_word' id='word_1_145' title='bbox 114 1287 128 1312; x_wconf 82' lang='grc' dir='ltr'><strong><em>ι</em></strong></span> <span class='ocrx_word' id='word_1_146' title='bbox 194 1304 205 1314; x_wconf 88' lang='grc'><strong>.</strong></span> <span class='ocrx_word' id='word_1_147' title='bbox 300 1289 347 1313; x_wconf 84' lang='lat' dir='ltr'><strong>eo</strong></span> <span class='ocrx_word' id='word_1_148' title='bbox 408 1304 417 1314; x_wconf 91' lang='lat'><strong>.</strong></span> <span class='ocrx_word' id='word_1_149' title='bbox 1143 1305 1156 1317; x_wconf 84' lang='lat'><strong>.</strong></span> 
     </span>
    </p>

    <p class='ocr_par' dir='ltr' id='par_1_10' title="bbox 110 1290 1546 1441">
     <span class='ocr_line' id='line_1_20' title="bbox 217 1290 1546 1385; baseline 0.002 -17"><span class='ocrx_word' id='word_1_150' title='bbox 217 1331 291 1369; x_wconf 89' lang='lat' dir='ltr'><strong>Du</strong></span> <span class='ocrx_word' id='word_1_151' title='bbox 318 1290 471 1370; x_wconf 45' lang='lat' dir='ltr'><strong>Feesne</strong></span> <span class='ocrx_word' id='word_1_152' title='bbox 489 1331 541 1370; x_wconf 87' lang='lat' dir='ltr'><strong>ad</strong></span> <span class='ocrx_word' id='word_1_153' title='bbox 569 1332 717 1371; x_wconf 86' lang='lat' dir='ltr'><strong>Zonar.</strong></span> <span class='ocrx_word' id='word_1_154' title='bbox 734 1345 776 1385; x_wconf 90' lang='lat' dir='ltr'><strong>p.</strong></span> <span class='ocrx_word' id='word_1_155' title='bbox 803 1330 916 1371; x_wconf 86' lang='lat'><strong>106.:</strong></span> <span class='ocrx_word' id='word_1_156' title='bbox 945 1326 1085 1383; x_wconf 74' lang='grc' dir='ltr'><strong><em>Κύριε</em></strong></span> <span class='ocrx_word' id='word_1_157' title='bbox 1110 1327 1273 1385; x_wconf 67' lang='grc' dir='ltr'>βοήθει.</span> <span class='ocrx_word' id='word_1_158' title='bbox 1309 1333 1407 1372; x_wconf 80' lang='lat' dir='ltr'><strong>vid.</strong></span> <span class='ocrx_word' id='word_1_159' title='bbox 1424 1332 1546 1372; x_wconf 90' lang='lat' dir='ltr'><strong>eund.</strong></span> 
     </span>
     <span class='ocr_line' id='line_1_21' title="bbox 110 1385 1107 1441; baseline 0.002 -18"><span class='ocrx_word' id='word_1_160' title='bbox 110 1385 153 1424; x_wconf 82' lang='lat' dir='ltr'><strong>in</strong></span> <span class='ocrx_word' id='word_1_161' title='bbox 167 1385 336 1424; x_wconf 84' lang='lat' dir='ltr'><strong>Dissert.</strong></span> <span class='ocrx_word' id='word_1_162' title='bbox 369 1386 419 1425; x_wconf 90' lang='lat' dir='ltr'><strong>de</strong></span> <span class='ocrx_word' id='word_1_163' title='bbox 444 1387 577 1426; x_wconf 91' lang='lat' dir='ltr'><strong>numis</strong></span> <span class='ocrx_word' id='word_1_164' title='bbox 606 1387 723 1426; x_wconf 88' lang='lat' dir='ltr'><strong>infer.</strong></span> <span class='ocrx_word' id='word_1_165' title='bbox 755 1388 843 1426; x_wconf 86' lang='lat' dir='ltr'><strong>aevi</strong></span> <span class='ocrx_word' id='word_1_166' title='bbox 873 1386 910 1441; x_wconf 69' lang='lat' dir='ltr'><strong>S.</strong></span> <span class='ocrx_word' id='word_1_167' title='bbox 940 1385 1008 1426; x_wconf 80' lang='lat'><strong>28.</strong></span> <span class='ocrx_word' id='word_1_168' title='bbox 1038 1388 1107 1426; x_wconf 80' lang='lat'><strong>50.</strong></span> 
     </span>
    </p>

    <p class='ocr_par' dir='ltr' id='par_1_11' title="bbox 107 1440 1551 1712">
     <span class='ocr_line' id='line_1_22' title="bbox 222 1440 1551 1495; baseline 0.001 -17"><span class='ocrx_word' id='word_1_169' title='bbox 222 1441 270 1478; x_wconf 89' lang='lat' dir='ltr'><strong>In</strong></span> <span class='ocrx_word' id='word_1_170' title='bbox 298 1440 462 1494; x_wconf 85' lang='lat' dir='ltr'><strong>Synodo</strong></span> <span class='ocrx_word' id='word_1_171' title='bbox 492 1449 633 1481; x_wconf 84' lang='lat' dir='ltr'><strong>contra</strong></span> <span class='ocrx_word' id='word_1_172' title='bbox 670 1443 860 1495; x_wconf 83' lang='lat' dir='ltr'><strong>imagines</strong></span> <span class='ocrx_word' id='word_1_173' title='bbox 892 1441 968 1480; x_wconf 88' lang='lat' dir='ltr'><strong>sub</strong></span> <span class='ocrx_word' id='word_1_174' title='bbox 1009 1441 1263 1495; x_wconf 85' lang='lat' dir='ltr'><strong>Copronymo</strong></span> <span class='ocrx_word' id='word_1_175' title='bbox 1298 1441 1551 1494; x_wconf 79' lang='lat' dir='ltr'><strong>patriarchae</strong></span> 
     </span>
     <span class='ocr_line' id='line_1_23' title="bbox 109 1490 1550 1559; baseline 0.001 -27"><span class='ocrx_word' id='word_1_176' title='bbox 109 1492 395 1559; x_wconf 53' lang='lat' dir='ltr'><strong>acclamatum:</strong></span> <span class='ocrx_word' id='word_1_177' title='bbox 430 1495 755 1536; x_wconf 80' lang='grc' dir='ltr'><em>Κωνσταντίνου</em></span> <span class='ocrx_word' id='word_1_178' title='bbox 786 1496 1071 1547; x_wconf 76' lang='grc' dir='ltr'><strong><em>οἰκουμενικοῦ</em></strong></span> <span class='ocrx_word' id='word_1_179' title='bbox 1100 1492 1367 1550; x_wconf 78' lang='grc' dir='ltr'><em>πατριάρχου</em></span> <span class='ocrx_word' id='word_1_180' title='bbox 1416 1490 1550 1535; x_wconf 70' lang='grc' dir='ltr'><strong><em>πολλαὶ</em></strong></span> 
     </span>
     <span class='ocr_line' id='line_1_24' title="bbox 107 1550 1543 1658; baseline 0 -15"><span class='ocrx_word' id='word_1_181' title='bbox 107 1562 163 1588; x_wconf 66' lang='grc' dir='ltr'><strong>τα</strong></span> <span class='ocrx_word' id='word_1_182' title='bbox 191 1550 727 1644; x_wconf 44' lang='lat' dir='ltr'><strong>&amp;chlfm&#39;gffi-Clartilissffl.</strong></span> <span class='ocrx_word' id='word_1_183' title='bbox 761 1605 864 1644; x_wconf 85' lang='lat' dir='ltr'><strong>facta</strong></span> <span class='ocrx_word' id='word_1_184' title='bbox 890 1619 981 1658; x_wconf 86' lang='lat' dir='ltr'><strong>pag.</strong></span> <span class='ocrx_word' id='word_1_185' title='bbox 998 1605 1069 1658; x_wconf 80' lang='lat'><strong>93.</strong></span> <span class='ocrx_word' id='word_1_186' title='bbox 1102 1602 1172 1658; x_wconf 72' lang='grc'><strong>94.</strong></span> <span class='ocrx_word' id='word_1_187' title='bbox 1208 1604 1365 1644; x_wconf 86' lang='lat' dir='ltr'><strong>Cerem.</strong></span> <span class='ocrx_word' id='word_1_188' title='bbox 1394 1603 1543 1643; x_wconf 84' lang='lat' dir='ltr'><strong>Franc.</strong></span> 
     </span>
     <span class='ocr_line' id='line_1_25' title="bbox 107 1657 1546 1712; baseline 0 -15"><span class='ocrx_word' id='word_1_189' title='bbox 107 1657 161 1698; x_wconf 87' lang='lat' dir='ltr'><strong>T.</strong></span> <span class='ocrx_word' id='word_1_190' title='bbox 183 1659 220 1698; x_wconf 89' lang='grc' dir='ltr'><strong>Ῑ.</strong></span> <span class='ocrx_word' id='word_1_191' title='bbox 277 1660 390 1699; x_wconf 88' lang='lat' dir='ltr'><strong>Dans</strong></span> <span class='ocrx_word' id='word_1_192' title='bbox 415 1660 453 1699; x_wconf 87' lang='lat' dir='ltr'><strong>la</strong></span> <span class='ocrx_word' id='word_1_193' title='bbox 486 1674 611 1700; x_wconf 89' lang='lat' dir='ltr'><strong>messe</strong></span> <span class='ocrx_word' id='word_1_194' title='bbox 642 1659 694 1699; x_wconf 90' lang='lat' dir='ltr'><strong>de</strong></span> <span class='ocrx_word' id='word_1_195' title='bbox 720 1661 860 1698; x_wconf 87' lang='lat' dir='ltr'><strong>tierces</strong></span> <span class='ocrx_word' id='word_1_196' title='bbox 881 1674 995 1712; x_wconf 87' lang='lat' dir='ltr'><strong>apres</strong></span> <span class='ocrx_word' id='word_1_197' title='bbox 1023 1659 1209 1698; x_wconf 87' lang='lat' dir='ltr'><strong>l&#39;oraison</strong></span> <span class='ocrx_word' id='word_1_198' title='bbox 1237 1659 1413 1698; x_wconf 77' lang='lat' dir='ltr'><strong>Concede</strong></span> <span class='ocrx_word' id='word_1_199' title='bbox 1439 1659 1546 1697; x_wconf 78' lang='lat' dir='ltr'><strong>deux</strong></span> 
     </span>
    </p>

    <p class='ocr_par' dir='ltr' id='par_1_12' title="bbox 107 1712 1552 1880">
     <span class='ocr_line' id='line_1_26' title="bbox 181 1712 1552 1755; baseline 0 -3"><span class='ocrx_word' id='word_1_200' title='bbox 181 1714 255 1753; x_wconf 87' lang='lat' dir='ltr'><strong>nds</strong></span> <span class='ocrx_word' id='word_1_201' title='bbox 289 1714 515 1754; x_wconf 84' lang='lat' dir='ltr'><strong>Chanoines</strong></span> <span class='ocrx_word' id='word_1_202' title='bbox 551 1716 711 1754; x_wconf 84' lang='lat' dir='ltr'><strong>Pretres</strong></span> <span class='ocrx_word' id='word_1_203' title='bbox 750 1715 981 1753; x_wconf 86' lang='lat' dir='ltr'><strong>chantoient</strong></span> <span class='ocrx_word' id='word_1_204' title='bbox 1020 1722 1060 1755; x_wconf 82' lang='lat' dir='ltr'><strong>et</strong></span> <span class='ocrx_word' id='word_1_205' title='bbox 1091 1713 1284 1753; x_wconf 86' lang='lat' dir='ltr'><strong>chantent</strong></span> <span class='ocrx_word' id='word_1_206' title='bbox 1318 1728 1463 1752; x_wconf 86' lang='lat' dir='ltr'><strong>encore</strong></span> <span class='ocrx_word' id='word_1_207' title='bbox 1494 1712 1552 1753; x_wconf 85' lang='lat' dir='ltr'><strong>les</strong></span> 
     </span>
     <span class='ocr_line' id='line_1_27' title="bbox 107 1727 1548 1823; baseline 0 -16"><span class='ocrx_word' id='word_1_208' title='bbox 107 1727 297 1823; x_wconf 44' lang='lat' dir='ltr'><strong>&amp;anges</strong></span> <span class='ocrx_word' id='word_1_209' title='bbox 326 1783 380 1809; x_wconf 91' lang='lat' dir='ltr'><strong>ou</strong></span> <span class='ocrx_word' id='word_1_210' title='bbox 419 1770 475 1810; x_wconf 85' lang='lat' dir='ltr'><strong>les</strong></span> <span class='ocrx_word' id='word_1_211' title='bbox 509 1769 806 1810; x_wconf 83' lang='lat' dir='ltr'><strong>acclamations.</strong></span> <span class='ocrx_word' id='word_1_212' title='bbox 867 1770 1040 1809; x_wconf 59' lang='lat' dir='ltr'><strong>Christus</strong></span> <span class='ocrx_word' id='word_1_213' title='bbox 1074 1770 1220 1819; x_wconf 80' lang='lat' dir='ltr'><strong>vincit,</strong></span> <span class='ocrx_word' id='word_1_214' title='bbox 1268 1769 1352 1808; x_wconf 81' lang='lat' dir='ltr'><strong>er</strong></span> <span class='ocrx_word' id='word_1_215' title='bbox 1384 1778 1548 1822; x_wconf 76' lang='lat' dir='ltr'><strong>regnat,</strong></span> 
     </span>
     <span class='ocr_line' id='line_1_28' title="bbox 108 1823 772 1880; baseline 0.003 -18"><span class='ocrx_word' id='word_1_216' title='bbox 108 1823 191 1863; x_wconf 81' lang='lat' dir='ltr'><strong>er</strong></span> <span class='ocrx_word' id='word_1_217' title='bbox 216 1826 400 1880; x_wconf 83' lang='lat' dir='ltr'><strong>imperat.</strong></span> <span class='ocrx_word' id='word_1_218' title='bbox 456 1824 610 1865; x_wconf 80' lang='lat' dir='ltr'><strong>Melon.</strong></span> <span class='ocrx_word' id='word_1_219' title='bbox 639 1840 681 1878; x_wconf 86' lang='lat' dir='ltr'><strong>p.</strong></span> <span class='ocrx_word' id='word_1_220' title='bbox 708 1839 772 1879; x_wconf 87' lang='lat'><strong>17.</strong></span> 
     </span>
    </p>

    <p class='ocr_par' dir='ltr' id='par_1_13' title="bbox 108 1878 1552 1987">
     <span class='ocr_line' id='line_1_29' title="bbox 215 1878 1552 1934; baseline -0.001 -15"><span class='ocrx_word' id='word_1_221' title='bbox 215 1881 291 1919; x_wconf 85' lang='lat' dir='ltr'><strong>Les</strong></span> <span class='ocrx_word' id='word_1_222' title='bbox 321 1879 511 1934; x_wconf 68' lang='lat' dir='ltr'><strong>louangoe</strong></span> <span class='ocrx_word' id='word_1_223' title='bbox 526 1910 537 1931; x_wconf 88' lang='lat'>‚</span> <span class='ocrx_word' id='word_1_224' title='bbox 565 1895 619 1919; x_wconf 91' lang='lat' dir='ltr'><strong>ou</strong></span> <span class='ocrx_word' id='word_1_225' title='bbox 645 1881 701 1920; x_wconf 66' lang='lat' dir='ltr'><strong>1ae</strong></span> <span class='ocrx_word' id='word_1_226' title='bbox 731 1878 1035 1919; x_wconf 82' lang='lat' dir='ltr'><strong>acclamations:</strong></span> <span class='ocrx_word' id='word_1_227' title='bbox 1082 1878 1204 1919; x_wconf 87' lang='lat' dir='ltr'><strong>Hunc</strong></span> <span class='ocrx_word' id='word_1_228' title='bbox 1232 1879 1338 1919; x_wconf 89' lang='lat' dir='ltr'><strong>diem</strong></span> <span class='ocrx_word' id='word_1_229' title='bbox 1352 1908 1366 1930; x_wconf 87' lang='lat'>‚</span> <span class='ocrx_word' id='word_1_230' title='bbox 1402 1878 1552 1918; x_wconf 83' lang='lat' dir='ltr'><strong>multos</strong></span> 
     </span>
     <span class='ocr_line' id='line_1_30' title="bbox 108 1935 1182 1987; baseline 0.001 -15"><span class='ocrx_word' id='word_1_231' title='bbox 108 1944 235 1973; x_wconf 81' lang='lat' dir='ltr'><strong>annos</strong></span> <span class='ocrx_word' id='word_1_232' title='bbox 260 1935 375 1974; x_wconf 83' lang='lat' dir='ltr'><strong>istam</strong></span> <span class='ocrx_word' id='word_1_233' title='bbox 404 1937 536 1975; x_wconf 85' lang='lat' dir='ltr'><strong>sedem</strong></span> <span class='ocrx_word' id='word_1_234' title='bbox 565 1936 675 1974; x_wconf 84' lang='lat' dir='ltr'><strong>Deus</strong></span> <span class='ocrx_word' id='word_1_235' title='bbox 704 1935 914 1974; x_wconf 84' lang='lat' dir='ltr'><strong>confirmet</strong></span> <span class='ocrx_word' id='word_1_236' title='bbox 940 1942 1018 1973; x_wconf 80' lang='lat' dir='ltr'><strong>ete.</strong></span> <span class='ocrx_word' id='word_1_237' title='bbox 1050 1949 1092 1987; x_wconf 90' lang='lat' dir='ltr'><strong>p.</strong></span> <span class='ocrx_word' id='word_1_238' title='bbox 1119 1936 1182 1976; x_wconf 83' lang='lat'><strong>18.</strong></span> 
     </span>
    </p>

    <p class='ocr_par' dir='ltr' id='par_1_14' title="bbox 106 1987 1549 2143">
     <span class='ocr_line' id='line_1_31' title="bbox 217 1987 1549 2043; baseline -0.002 -14"><span class='ocrx_word' id='word_1_239' title='bbox 217 1989 458 2041; x_wconf 86' lang='lat' dir='ltr'><strong>Aureliani,</strong></span> <span class='ocrx_word' id='word_1_240' title='bbox 515 1991 600 2030; x_wconf 79' lang='lat' dir='ltr'><strong>er</strong></span> <span class='ocrx_word' id='word_1_241' title='bbox 645 1992 772 2030; x_wconf 81' lang='lat' dir='ltr'><strong>vincit</strong></span> <span class='ocrx_word' id='word_1_242' title='bbox 809 1997 887 2028; x_wconf 83' lang='lat' dir='ltr'><strong>etc.</strong></span> <span class='ocrx_word' id='word_1_243' title='bbox 944 1990 1144 2043; x_wconf 83' lang='lat' dir='ltr'><strong>Episcopo</strong></span> <span class='ocrx_word' id='word_1_244' title='bbox 1182 1987 1462 2036; x_wconf 75' lang='lat' dir='ltr'><strong>Aurelianensi</strong></span> <span class='ocrx_word' id='word_1_245' title='bbox 1500 1992 1549 2027; x_wconf 56' lang='grc' dir='ltr'><strong>εἰ</strong></span> 
     </span>
     <span class='ocr_line' id='line_1_32' title="bbox 106 2039 1544 2097; baseline -0.001 -13"><span class='ocrx_word' id='word_1_246' title='bbox 106 2039 214 2084; x_wconf 87' lang='lat' dir='ltr'><strong>omni</strong></span> <span class='ocrx_word' id='word_1_247' title='bbox 241 2043 374 2084; x_wconf 82' lang='lat' dir='ltr'><strong>clero:</strong></span> <span class='ocrx_word' id='word_1_248' title='bbox 417 2047 533 2097; x_wconf 69' lang='lat' dir='ltr'><strong>Pax,</strong></span> <span class='ocrx_word' id='word_1_249' title='bbox 560 2047 646 2085; x_wconf 78' lang='lat' dir='ltr'><strong>vica</strong></span> <span class='ocrx_word' id='word_1_250' title='bbox 676 2053 754 2085; x_wconf 87' lang='lat' dir='ltr'><strong>etc.</strong></span> <span class='ocrx_word' id='word_1_251' title='bbox 812 2045 986 2084; x_wconf 75' lang='lat' dir='ltr'><strong>Donu&#39;ne</strong></span> <span class='ocrx_word' id='word_1_252' title='bbox 1016 2054 1056 2085; x_wconf 85' lang='lat' dir='ltr'><strong>tu</strong></span> <span class='ocrx_word' id='word_1_253' title='bbox 1082 2046 1194 2097; x_wconf 81' lang='lat' dir='ltr'><strong>illum</strong></span> <span class='ocrx_word' id='word_1_254' title='bbox 1219 2045 1371 2084; x_wconf 81' lang='lat' dir='ltr'><strong>adiuva</strong></span> <span class='ocrx_word' id='word_1_255' title='bbox 1394 2051 1471 2083; x_wconf 87' lang='lat' dir='ltr'><strong>etc.</strong></span> <span class='ocrx_word' id='word_1_256' title='bbox 1501 2058 1544 2096; x_wconf 87' lang='lat' dir='ltr'><strong>p.</strong></span> 
     </span>
     <span class='ocr_line' id='line_1_33' title="bbox 115 2100 479 2143; baseline 0.005 -5"><span class='ocrx_word' id='word_1_257' title='bbox 115 2113 130 2138; x_wconf 81' lang='grc' dir='ltr'>ι</span> <span class='ocrx_word' id='word_1_258' title='bbox 196 2128 207 2139; x_wconf 88' lang='grc'><strong>.</strong></span> <span class='ocrx_word' id='word_1_259' title='bbox 236 2100 345 2138; x_wconf 85' lang='lat' dir='ltr'><strong>conf.</strong></span> <span class='ocrx_word' id='word_1_260' title='bbox 375 2100 479 2143; x_wconf 69' lang='lat'><strong>205.</strong></span> 
     </span>
    </p>

    <p class='ocr_par' dir='ltr' id='par_1_15' title="bbox 105 2099 1542 2427">
     <span class='ocr_line' id='line_1_34' title="bbox 137 2099 1540 2208; baseline -0.001 -15"><span class='ocrx_word' id='word_1_261' title='bbox 137 2099 192 2154; x_wconf 76' lang='grc'><strong>89</strong></span> <span class='ocrx_word' id='word_1_262' title='bbox 214 2154 396 2194; x_wconf 78' lang='lat' dir='ltr'><strong>Christus</strong></span> <span class='ocrx_word' id='word_1_263' title='bbox 433 2155 558 2195; x_wconf 76' lang='lat' dir='ltr'><strong>vincit</strong></span> <span class='ocrx_word' id='word_1_264' title='bbox 591 2162 670 2195; x_wconf 82' lang='lat' dir='ltr'><strong>etc.</strong></span> <span class='ocrx_word' id='word_1_265' title='bbox 702 2154 912 2194; x_wconf 85' lang='lat' dir='ltr'><strong>Ludovico</strong></span> <span class='ocrx_word' id='word_1_266' title='bbox 942 2153 1042 2208; x_wconf 86' lang='lat' dir='ltr'><strong>Regi</strong></span> <span class='ocrx_word' id='word_1_267' title='bbox 1081 2153 1333 2194; x_wconf 84' lang='lat' dir='ltr'><strong>Francorum</strong></span> <span class='ocrx_word' id='word_1_268' title='bbox 1359 2167 1434 2208; x_wconf 84' lang='lat' dir='ltr'><strong>pax</strong></span> <span class='ocrx_word' id='word_1_269' title='bbox 1463 2159 1540 2192; x_wconf 86' lang='lat' dir='ltr'><strong>etc.</strong></span> 
     </span>
     <span class='ocr_line' id='line_1_35' title="bbox 136 2209 281 2248; baseline 0 0"><span class='ocrx_word' id='word_1_270' title='bbox 136 2236 148 2248; x_wconf 89' lang='lat'><strong>.</strong></span> <span class='ocrx_word' id='word_1_271' title='bbox 183 2209 281 2248; x_wconf 79' lang='lat'><strong>523.</strong></span> 
     </span>
     <span class='ocr_line' id='line_1_36' title="bbox 105 2222 1542 2318; baseline -0.001 -16"><span class='ocrx_word' id='word_1_272' title='bbox 105 2222 133 2262; x_wconf 72' lang='lat' dir='ltr'>p</span> <span class='ocrx_word' id='word_1_273' title='bbox 216 2263 414 2317; x_wconf 79' lang='lat' dir='ltr'><strong>Optamus</strong></span> <span class='ocrx_word' id='word_1_274' title='bbox 445 2272 488 2304; x_wconf 88' lang='lat' dir='ltr'><strong>te</strong></span> <span class='ocrx_word' id='word_1_275' title='bbox 513 2279 586 2318; x_wconf 86' lang='lat' dir='ltr'><strong>per</strong></span> <span class='ocrx_word' id='word_1_276' title='bbox 612 2265 759 2304; x_wconf 73' lang='lat' dir='ltr'><strong>multos</strong></span> <span class='ocrx_word' id='word_1_277' title='bbox 786 2277 912 2303; x_wconf 85' lang='lat' dir='ltr'><strong>annos</strong></span> <span class='ocrx_word' id='word_1_278' title='bbox 941 2262 1045 2302; x_wconf 83' lang='lat' dir='ltr'><strong>bene</strong></span> <span class='ocrx_word' id='word_1_279' title='bbox 1061 2262 1211 2313; x_wconf 85' lang='lat' dir='ltr'><strong>valere,</strong></span> <span class='ocrx_word' id='word_1_280' title='bbox 1243 2263 1417 2302; x_wconf 88' lang='lat' dir='ltr'><strong>Domine</strong></span> <span class='ocrx_word' id='word_1_281' title='bbox 1443 2261 1542 2301; x_wconf 86' lang='lat' dir='ltr'><strong>bea-</strong></span> 
     </span>
     <span class='ocr_line' id='line_1_37' title="bbox 109 2317 1541 2374; baseline -0.001 -17"><span class='ocrx_word' id='word_1_282' title='bbox 109 2317 260 2358; x_wconf 82' lang='lat' dir='ltr'><strong>tissime</strong></span> <span class='ocrx_word' id='word_1_283' title='bbox 285 2319 411 2372; x_wconf 86' lang='lat' dir='ltr'><strong>Papa.</strong></span> <span class='ocrx_word' id='word_1_284' title='bbox 468 2320 590 2360; x_wconf 87' lang='lat' dir='ltr'><strong>Liber</strong></span> <span class='ocrx_word' id='word_1_285' title='bbox 610 2321 792 2360; x_wconf 70' lang='lat' dir='ltr'><strong>Dim-nus</strong></span> <span class='ocrx_word' id='word_1_286' title='bbox 816 2334 859 2374; x_wconf 89' lang='lat' dir='ltr'><strong>p.</strong></span> <span class='ocrx_word' id='word_1_287' title='bbox 892 2318 959 2373; x_wconf 82' lang='lat'><strong>57.</strong></span> <span class='ocrx_word' id='word_1_288' title='bbox 991 2318 1031 2357; x_wconf 89' lang='lat' dir='ltr'><strong>in</strong></span> <span class='ocrx_word' id='word_1_289' title='bbox 1064 2319 1235 2358; x_wconf 86' lang='lat' dir='ltr'><strong>Decreto</strong></span> <span class='ocrx_word' id='word_1_290' title='bbox 1269 2318 1541 2371; x_wconf 84' lang='lat' dir='ltr'><strong>subscriptum</strong></span> 
     </span>
     <span class='ocr_line' id='line_1_38' title="bbox 109 2373 1083 2427; baseline 0.007 -15"><span class='ocrx_word' id='word_1_291' title='bbox 109 2387 184 2427; x_wconf 86' lang='lat' dir='ltr'><strong>pro</strong></span> <span class='ocrx_word' id='word_1_292' title='bbox 212 2373 340 2413; x_wconf 79' lang='lat' dir='ltr'><strong>electo</strong></span> <span class='ocrx_word' id='word_1_293' title='bbox 363 2374 565 2427; x_wconf 85' lang='lat' dir='ltr'><strong>pontifice.</strong></span> <span class='ocrx_word' id='word_1_294' title='bbox 1069 2410 1083 2419; x_wconf 90' lang='lat'><strong>.</strong></span> 
     </span>
    </p>

    <p class='ocr_par' dir='ltr' id='par_1_16' title="bbox 108 2425 1541 2698">
     <span class='ocr_line' id='line_1_39' title="bbox 217 2425 1541 2484; baseline -0.002 -17"><span class='ocrx_word' id='word_1_295' title='bbox 217 2427 534 2472; x_wconf 86' lang='lat' dir='ltr'><strong>Archidiaconus</strong></span> <span class='ocrx_word' id='word_1_296' title='bbox 566 2431 703 2484; x_wconf 88' lang='lat' dir='ltr'><strong>incipit</strong></span> <span class='ocrx_word' id='word_1_297' title='bbox 715 2429 889 2477; x_wconf 69' lang='lat' dir='ltr'><strong>,laudem</strong></span> <span class='ocrx_word' id='word_1_298' title='bbox 917 2427 998 2466; x_wconf 77' lang='lat' dir='ltr'><strong>alta</strong></span> <span class='ocrx_word' id='word_1_299' title='bbox 1027 2440 1151 2466; x_wconf 82' lang='lat' dir='ltr'><strong>voce:</strong></span> <span class='ocrx_word' id='word_1_300' title='bbox 1189 2425 1369 2481; x_wconf 63' lang='lat' dir='ltr'><strong>Domino</strong></span> <span class='ocrx_word' id='word_1_301' title='bbox 1401 2432 1541 2465; x_wconf 80' lang='lat' dir='ltr'><strong>nostro</strong></span> 
     </span>
     <span class='ocr_line' id='line_1_40' title="bbox 109 2480 1535 2576; baseline 0 -56"><span class='ocrx_word' id='word_1_302' title='bbox 109 2482 241 2576; x_wconf 56' lang='grc' dir='ltr'><strong>Ρειξὲιε</strong></span> <span class='ocrx_word' id='word_1_303' title='bbox 268 2484 367 2523; x_wconf 87' lang='lat' dir='ltr'><strong>vita.</strong></span> <span class='ocrx_word' id='word_1_304' title='bbox 424 2485 626 2524; x_wconf 85' lang='lat' dir='ltr'><strong>Scriniarii</strong></span> <span class='ocrx_word' id='word_1_305' title='bbox 658 2485 925 2539; x_wconf 77' lang='lat' dir='ltr'><strong>respondent:</strong></span> <span class='ocrx_word' id='word_1_306' title='bbox 960 2483 1025 2521; x_wconf 91' lang='lat' dir='ltr'><strong>Tu</strong></span> <span class='ocrx_word' id='word_1_307' title='bbox 1050 2481 1164 2522; x_wconf 89' lang='lat' dir='ltr'><strong>illum</strong></span> <span class='ocrx_word' id='word_1_308' title='bbox 1182 2481 1346 2521; x_wconf 84' lang='lat' dir='ltr'><strong>adiuva.</strong></span> <span class='ocrx_word' id='word_1_309' title='bbox 1376 2495 1417 2535; x_wconf 89' lang='lat' dir='ltr'><strong>p.</strong></span> <span class='ocrx_word' id='word_1_310' title='bbox 1446 2480 1535 2521; x_wconf 85' lang='lat'><strong>168.</strong></span> 
     </span>
     <span class='ocr_line' id='line_1_41' title="bbox 109 2539 656 2580; baseline 0.009 -6"><span class='ocrx_word' id='word_1_311' title='bbox 109 2551 156 2575; x_wconf 90' lang='lat' dir='ltr'><strong>co</strong></span> <span class='ocrx_word' id='word_1_312' title='bbox 206 2566 216 2576; x_wconf 91' lang='lat'><strong>.</strong></span> <span class='ocrx_word' id='word_1_313' title='bbox 275 2551 357 2578; x_wconf 73' lang='lat'><strong>‚22</strong></span> <span class='ocrx_word' id='word_1_314' title='bbox 390 2539 480 2578; x_wconf 76' lang='lat'><strong>‚25</strong></span> <span class='ocrx_word' id='word_1_315' title='bbox 513 2568 524 2578; x_wconf 92' lang='lat'><strong>.</strong></span> <span class='ocrx_word' id='word_1_316' title='bbox 561 2539 656 2580; x_wconf 80' lang='lat'><strong>266.</strong></span> 
     </span>
     <span class='ocr_line' id='line_1_42' title="bbox 181 2552 1536 2698; baseline -0.002 -67"><span class='ocrx_word' id='word_1_317' title='bbox 181 2552 534 2698; x_wconf 43' lang='lat' dir='ltr'><strong>KAzclaniationizs</strong></span> <span class='ocrx_word' id='word_1_318' title='bbox 560 2601 750 2635; x_wconf 78' lang='lat' dir='ltr'><strong>coronato</strong></span> <span class='ocrx_word' id='word_1_319' title='bbox 773 2593 1007 2647; x_wconf 84' lang='lat' dir='ltr'><strong>Imperatori</strong></span> <span class='ocrx_word' id='word_1_320' title='bbox 1033 2592 1160 2631; x_wconf 78' lang='lat' dir='ltr'><strong>factae</strong></span> <span class='ocrx_word' id='word_1_321' title='bbox 1187 2590 1331 2632; x_wconf 81' lang='lat' dir='ltr'><strong>similes</strong></span> <span class='ocrx_word' id='word_1_322' title='bbox 1360 2590 1536 2631; x_wconf 67' lang='lat' dir='ltr'><strong>Graecis.</strong></span> 
     </span>
     <span class='ocr_line' id='line_1_43' title="bbox 108 2648 733 2698; baseline 0.006 -15"><span class='ocrx_word' id='word_1_323' title='bbox 108 2658 150 2698; x_wconf 81' lang='lat' dir='ltr'><strong>p.</strong></span> <span class='ocrx_word' id='word_1_324' title='bbox 207 2648 276 2687; x_wconf 72' lang='grc' dir='ltr'><strong>οὔ.</strong></span> <span class='ocrx_word' id='word_1_325' title='bbox 729 2657 733 2660; x_wconf 93' lang='grc'><strong>’</strong></span> 
     </span>
    </p>

    <p class='ocr_par' dir='ltr' id='par_1_17' title="bbox 217 2696 1080 2756">
     <span class='ocr_line' id='line_1_44' title="bbox 217 2696 1080 2756; baseline -0.002 -14"><span class='ocrx_word' id='word_1_326' title='bbox 217 2696 444 2752; x_wconf 70' lang='grc' dir='ltr'><strong>Αὔγουστα</strong></span> <span class='ocrx_word' id='word_1_327' title='bbox 470 2717 544 2743; x_wconf 87' lang='grc' dir='ltr'><strong>του</strong></span> <span class='ocrx_word' id='word_1_328' title='bbox 572 2705 718 2756; x_wconf 75' lang='grc' dir='ltr'><strong><em>βῆκας.</em></strong></span> <span class='ocrx_word' id='word_1_329' title='bbox 770 2703 957 2755; x_wconf 88' lang='lat' dir='ltr'><strong>Theoph.</strong></span> <span class='ocrx_word' id='word_1_330' title='bbox 984 2715 1080 2741; x_wconf 78' lang='lat'><strong>211.</strong></span> 
     </span>
    </p>

    <p class='ocr_par' dir='ltr' id='par_1_18' title="bbox 211 2753 1394 2811">
     <span class='ocr_line' id='line_1_45' title="bbox 211 2753 1394 2811; baseline 0 -16"><span class='ocrx_word' id='word_1_331' title='bbox 211 2756 530 2811; x_wconf 71' lang='grc' dir='ltr'><strong>Φιλανθρώπον</strong></span> <span class='ocrx_word' id='word_1_332' title='bbox 558 2755 760 2799; x_wconf 70' lang='grc' dir='ltr'><strong>δεσπότου</strong></span> <span class='ocrx_word' id='word_1_333' title='bbox 795 2754 924 2797; x_wconf 76' lang='grc' dir='ltr'><em>πολλὰ</em></span> <span class='ocrx_word' id='word_1_334' title='bbox 946 2754 998 2796; x_wconf 75' lang='grc' dir='ltr'><strong>τὰ</strong></span> <span class='ocrx_word' id='word_1_335' title='bbox 1027 2753 1110 2809; x_wconf 71' lang='grc' dir='ltr'><strong>ἔτη,</strong></span> <span class='ocrx_word' id='word_1_336' title='bbox 1141 2772 1184 2810; x_wconf 87' lang='lat' dir='ltr'><strong>p.</strong></span> <span class='ocrx_word' id='word_1_337' title='bbox 1211 2757 1306 2811; x_wconf 67' lang='lat'><strong>247.</strong></span> <span class='ocrx_word' id='word_1_338' title='bbox 1335 2754 1394 2795; x_wconf 85' lang='lat' dir='ltr'><strong>ib.</strong></span> 
     </span>
    </p>
   </div>
  </div>
 </body>
</html>
