1884 3132
280 119 398 187 '524
499 173 501 176 Α
558 137 631 178 10.
672 137 778 182 1Ac.
819 139 1015 182 masxn
1056 140 1433 186 COMMENTARH

282 251 417 299 gentes
445 250 514 285 aut
542 242 705 299 aliquod
745 259 846 298 opus
875 247 1132 300 suscipientes
1161 247 1352 288 evolvunt
1379 259 1491 288 sacra
1502 249 1660 303 biblia,
1687 261 1727 294 et

282 315 304 340 e
331 300 442 339 laetis
462 300 694 340 tristibusve
710 331 722 353 ,
759 302 879 340 minis
904 310 973 340 aut
997 303 1326 355 promissionibus
1355 303 1406 343 de
1431 304 1576 344 futuris
1598 310 1723 348 conii-

281 357 407 395 ciunt.
468 356 580 395 Idem
614 355 712 395 olim
741 357 884 396 Graeci
927 358 1126 397 faciebant
1165 374 1258 398 cum
1296 373 1409 399 sacro
1449 361 1602 412 codice,
1634 371 1680 403 ut
1701 379 1724 403 e

281 411 529 465 Theophane
556 426 596 464 p.
622 410 718 452 258.
746 413 794 451 Β.
822 414 885 452 13.
903 443 913 461 ‚
947 413 1117 453 Cedren.
1146 429 1187 467 p.
1216 414 1308 466 412.
1338 414 1384 453 B.
1413 429 1455 469 9.
1479 423 1601 469 patet.
1629 419 1725 458 Mu-

279 465 537 506 hammedani
567 481 640 506 suo
670 467 876 507 Alcorano
916 469 1088 508 eundem
1130 470 1171 508 in
1195 470 1316 510 finem
1353 477 1550 522 utuntur,
1580 480 1620 512 et
1639 473 1724 514 vidi

281 533 429 572 multos
460 533 650 572 Alcorani
679 534 859 584 codices,
890 535 1037 587 quibus
1067 536 1106 574 in
1136 536 1215 575 fine
1235 536 1417 576 additum
1442 546 1527 577 erat
1556 529 1641 572 &hl-3
1670 526 1726 581 23¹5

282 603 351 628 seu
371 591 566 644 interpres
594 589 773 628 ominum
803 604 847 628 ex
874 590 1074 630 Alcorano
1100 594 1404 646 emergentium.
1460 592 1523 633 De
1549 595 1725 634 sortibus

281 644 516 699 Virgilianis
565 647 644 699 egit
677 646 938 686 casaubonus
967 647 1017 684 ad
1059 647 1206 700 Script.
1247 648 1351 687 Hist.
1393 648 1500 702 Aug.
1544 650 1594 691 Τ.
1623 651 1655 690 1.
1679 665 1721 703 p.

286 714 352 754 ¹9·
381 701 432 740 ad
467 701 601 740 locum
635 701 858 754 Sparflani,
912 716 1032 754 quem
1065 702 1172 741 bona
1209 718 1301 742 cum
1332 703 1490 744 lectoris
1523 706 1639 745 venia
1679 707 1724 745 in

278 758 451 795 transitu
469 757 587 796 simul
608 757 830 796 emendabo
865 764 904 797 et
925 757 1134 796 illustrabo
1149 758 1352 798 brevibus.
1384 760 1491 799 Puto
1507 775 1651 814 nempe
1667 763 1723 801 sic

279 810 492 864 legendum
522 827 613 852 eum
637 826 720 851 esse
741 828 751 851 :
770 814 861 866 ficit
890 812 1123 864 (Adrianus)
1139 815 1180 852 in
1197 828 1334 853 amore
1361 815 1546 864 Traiani,
1566 831 1636 855 nec
1663 826 1725 856 ta·

281 878 370 906 men
394 870 434 906 ei
452 868 661 919 (Adriano)
687 881 765 922 per
784 868 840 918 (id
866 876 924 907 est
941 869 1008 917 ob,
1028 870 1206 923 propter)
1225 870 1476 923 paedagogos
1491 886 1720 926 puerorum,

279 937 374 976 quos
420 924 614 962 Traianus
661 924 868 978 impensius
911 923 1102 976 diligebat
1118 953 1129 974 ,
1170 924 1280 963 Celso
1308 926 1499 977 faventes
1512 956 1523 974 ‚
1566 928 1722 967 detulit.

279 977 477 1031 Rescripsi
503 979 612 1018 Celso
643 993 717 1031 pro
750 979 870 1019 Gallo
898 979 951 1018 ob
983 994 1055 1029 ea,
1078 993 1182 1032 quae
1218 994 1261 1032 p.
1285 981 1352 1034 59.
1375 980 1579 1034 leguntur.
1635 981 1724 1021 De·

278 1033 370 1072 tulit
405 1041 537 1073 autem
560 1035 734 1087 positum
753 1049 827 1087 pro
847 1035 1009 1074 multum
1034 1035 1186 1079 detulit,
1211 1049 1355 1088 nempe
1378 1036 1600 1087 Traianus,
1621 1035 1722 1088 ἐχα-

279 1088 450 1140 ρίζετος
479 1090 633 1142 deferre
666 1097 763 1128 tunc
794 1089 981 1129 dicebant
1014 1097 1054 1128 et
1087 1091 1262 1143 sequiori
1289 1098 1419 1130 aetate
1451 1106 1524 1145 pro
1561 1094 1724 1131 maltum

280 1152 351 1183 aut
380 1145 537 1199 aliquid
566 1146 688 1183 alicui
708 1145 877 1196 differre.
907 1145 972 1184 Sic
1000 1147 1147 1199 passim
1181 1147 1357 1184 occurrit
1382 1147 1422 1185 in
1447 1147 1592 1201 Script.
1615 1149 1721 1187 Hist.
1749 1186 1754 1193 ,

279 1199 391 1253 Aug.
412 1199 522 1238 Cano
553 1201 606 1239 V.
630 1200 1095 1240 ConciliiLateranensis
1127 1201 1235 1254 apud
1246 1201 1561 1256 Neubrigensem
1579 1204 1627 1242 L.
1643 1204 1722 1242 Ill.

279 1268 314 1293 c.
329 1256 366 1294 5.
384 1270 394 1293 :
433 1265 582 1294 tantam
608 1257 651 1294 in
668 1256 908 1295 Christianos
941 1257 1222 1295 immanitatem
1252 1267 1458 1308 exercent,
1478 1267 1520 1296 ut
1543 1273 1614 1297 nec
1637 1273 1724 1298 mo-

278 1311 458 1350 nasteriis
481 1311 685 1363 deferant,
722 1326 793 1350 nec
816 1311 947 1350 viduis
965 1326 1012 1350 ac
1029 1313 1197 1367 pupillis
1212 1340 1224 1363 ‚
1255 1326 1333 1351 non
1365 1315 1502 1368 pueris
1535 1328 1584 1352 ac
1618 1315 1723 1353 seni-

279 1366 346 1405 bus
360 1397 371 1414 ‚
404 1380 483 1405 non
509 1367 664 1405 cuilibet
677 1376 851 1421 parcant
879 1368 1013 1406 aetati.

366 1431 462 1486 269.
483 1432 536 1470 D.
562 1431 638 1471 ult.
662 1431 777 1488 [467‚
796 1431 857 1487 9.]
887 1433 987 1486 περί
1012 1426 1172 1479 midiae.
1227 1432 1516 1487 Imperatorem
1543 1442 1725 1475 astrono-

275 1489 380 1528 miae
409 1487 635 1541 aliqualiter
661 1490 835 1541 peritum
877 1496 918 1528 et
963 1488 1040 1528 diei
1062 1490 1269 1542 noctisque
1296 1497 1416 1543 atque
1441 1497 1723 1544 tempestatum

278 1558 362 1641 {7553
385 1551 608 1638 loliorteoe’
652 1543 875 1584 luculenter
903 1544 1151 1584 demonstrat
1185 1544 1377 1599 Polybius
1403 1559 1497 1601 pag.
1538 1545 1633 1599 554.
1659 1546 1726 1586 ed.

341 1614 383 1639 ec
400 1613 435 1638 ie
455 1631 464 1642 .

364 1681 454 1720 270.
473 1665 524 1705 A.
547 1680 587 1705 2.
612 1665 731 1720 [467,
752 1664 836 1721 11.]
847 1663 1138 1718 βροντολόγιον
1167 1665 1240 1705 καί
1266 1662 1567 1719 σεισμολόγιον.
1621 1668 1719 1708 Vid.

278 1721 347 1760 Du
372 1722 504 1774 Gange
550 1721 616 1761 Gl.
649 1723 719 1761 Gr.
757 1736 797 1764 v.
837 1718 1136 1774 Βροντολόγιον
1164 1729 1203 1760 et
1243 1717 1608 1774 Καλανδολόγιον,
1651 1724 1723 1762 ubi

280 1776 597 1831 Calendologion
618 1777 993 1817 Graecobarbarum
1011 1777 1206 1824 exhibuit,
1240 1791 1321 1829 quo
1347 1776 1578 1831 designatur
1593 1808 1603 1826 ‚
1622 1779 1721 1831 quid

278 1835 525 1886 tempestatis
543 1863 555 1884 ‚
596 1834 778 1872 fortunae
806 1832 1129 1871 calamitatumve
1159 1833 1430 1885 unusquisque
1458 1833 1542 1872 dies
1571 1834 1722 1887 impor-

278 1895 352 1927 tet.
410 1889 701 1942 Navigantibus
728 1903 845 1928 usum
873 1896 1077 1940 praestare
1105 1887 1229 1926 libros
1256 1887 1376 1926 huius
1404 1890 1557 1941 generis
1586 1896 1626 1927 et
1652 1904 1723 1930 ne-

279 1945 469 1983 cessarios
504 1959 587 1984 esse
610 1944 724 1984 facile
752 1944 960 1997 largimur.
1014 1944 1169 1982 Verum
1191 1957 1390 1981 excessum
1418 1945 1460 1982 in
1489 1944 1551 1982 his
1579 1944 1631 1982 ad
1661 1947 1725 1983 in·-

278 2013 424 2039 sanum
450 2000 628 2040 studium
654 2007 694 2039 et
722 2000 1043 2053 superstitionem
1071 1998 1173 2046 fuit,
1207 2000 1438 2051 praesertim
1467 2000 1509 2037 in
1537 2000 1689 2038 oriente
1708 2030 1720 2050 ‚

280 2054 393 2095 cuius
432 2071 542 2110 reges
582 2058 687 2096 inter
723 2056 958 2109 praecipuos
982 2055 1198 2092 -ministros
1237 2061 1276 2092 et
1316 2054 1464 2093 amicos
1492 2053 1723 2094 habuerunt

278 2146 436 2186 semper
463 2142 504 2173 et
532 2135 663 2174 adhuc
691 2132 845 2173 habent
863 2120 1059 2177 „50⁴4”
1083 2160 1094 2181 ‚
1125 2131 1433 2185 Almonaggem,
1460 2131 1721 2185 astrologum,

280 2195 327 2226 ut
355 2203 400 2228 ex
429 2189 604 2229 historiis
632 2197 672 2229 et
705 2189 919 2228 itinerariis
938 2216 949 2237 ‚
987 2187 1222 2225 utBernieri
1253 2194 1292 2226 et
1320 2187 1517 2238 aliorum,
1550 2194 1717 2227 constat.

280 2243 420 2297 Neque
439 2247 570 2285 minus
591 2246 733 2285 favisse
760 2257 889 2283 vanae
913 2242 1007 2281 huic
1028 2244 1103 2281 arti
1125 2242 1298 2281 Graecos
1315 2243 1592 2295 Imperatores,
1613 2243 1722 2293 ipso-

280 2312 372 2338 rum
401 2299 566 2340 historia
596 2308 635 2339 et
663 2301 823 2340 Nicetas
853 2298 1067 2337 choniates
1087 2312 1126 2350 p·
1144 2296 1240 2349 542.
1268 2305 1464 2347 testatur,
1491 2299 1603 2336 cuius
1622 2296 1722 2334 haec

279 2361 374 2392 sunt
401 2356 554 2395 verba:
590 2351 626 2394 οἱ
656 2355 700 2401 ἐς
726 2350 837 2406 ἡμᾶς
880 2350 1187 2404 αὐτοκράτορες
1225 2351 1298 2390 καί
1324 2352 1452 2403 μέχρι
1487 2349 1720 2403 βηματίσαι

278 2405 357 2459 τὴν
387 2410 470 2448 τῶν
499 2404 665 2461 ἄστρων
691 2408 811 2448 θέσιν
839 2405 1203 2459 περιεργάζονται,
1233 2407 1495 2461 Imperatores
1527 2407 1578 2444 ab
1615 2407 1726 2444 omni

279 2472 407 2501 aetate
450 2466 508 2504 ad
547 2467 635 2518 ipsa
673 2473 806 2503 nostra
838 2472 1014 2516 tempora
1030 2463 1202 2512 ficerunt
1237 2462 1364 2499 seduli
1401 2461 1720 2512 indagandaram

275 2520 511 2571 positionum
541 2529 739 2558 astrorum
771 2534 836 2557 seu
868 2518 1103 2568 astrologiae
1138 2517 1370 2555 iudiciariae
1399 2515 1580 2563 studiosi,
1619 2516 1719 2554 adeo

283 2581 326 2610 ut
350 2575 515 2627 quidam
545 2576 663 2613 etiam
702 2571 871 2624 βήματα
905 2573 1191 2626 descripserint,
1219 2585 1287 2609 seu
1332 2569 1514 2620 tabulas,
1555 2570 1594 2608 in
1631 2572 1723 2623 qui-

282 2624 360 2665 bus
389 2635 493 2667 astra
525 2631 567 2667 in
590 2643 683 2668 suos
711 2628 859 2681 gradus
890 2635 929 2666 et
956 2625 1274 2666 constellationes
1301 2625 1510 2677 disposita,
1539 2627 1720 2678 triangu-

283 2679 334 2719 lis
353 2710 364 2730 ‚
395 2683 552 2722 circulis
595 2684 762 2735 aliisque
811 2683 949 2737 figuris
989 2682 1176 2720 distincta
1206 2686 1327 2729 sunt,
1358 2694 1380 2717 e
1409 2693 1582 2731 quorum
1609 2694 1720 2719 com-

274 2734 488 2776 binatione
515 2746 554 2777 et
583 2737 846 2787 calculatione
875 2737 924 2776 de
953 2737 1096 2776 futuris
1126 2733 1317 2774 iudicium
1345 2733 1515 2774 elicitur.
1562 2735 1719 2775 Consu-
