1884 3132
272 168 383 226 328
549 185 624 227 10.
667 185 772 229 1Ac.
830 187 1024 228 nmsxu
1069 184 1447 229 commum

274 288 351 341 lige
380 281 530 326 innexa
557 285 623 325 vel
653 285 926 339 πεζοδοόμια.
981 287 1023 326 Si
1053 301 1240 341 vesperae
1278 287 1379 326 nulli
1420 295 1513 327 sunt
1540 295 1608 331 aut
1628 288 1720 330 ludi

275 349 478 396 equestles
506 341 692 392 cu1ules,
722 350 791 381 aut
820 343 1010 396 pedestris
1039 357 1177 382 cursus
1205 343 1417 394 exercitia,
1452 349 1550 382 tunc
1579 343 1715 385 δι’ὸον-

272 411 369 448 ται,
398 410 543 449 nempe
569 393 621 436 τὰ
652 393 841 445 ἔπαθλα,
873 398 1021 436 dantur
1046 399 1221 450 praemia
1248 411 1397 448 mane3
1425 398 1456 437 si
1485 405 1618 437 autem
1646 413 1717 438 ve-

273 465 413 505 spexae
433 466 610 504 quoque,
638 460 684 491 ut
712 467 856 502 mane,
887 460 981 491 sunt
1006 452 1117 505 ludi,
1147 460 1242 492 tunc
1258 455 1436 507 praemia
1457 453 1567 492 nulla
1582 468 1712 503 mane,

273 507 343 547 sed
371 507 505 546 omnia
532 521 724 560 vesperae
751 508 914 547 dantur.

385 562 432 601 C.
450 562 492 601 6.
512 561 626 617 [325,
644 562 710 618 9.]
741 562 920 618 φθογγῇ
978 564 1034 604 Μ.
1054 576 1123 617 (pm
1152 594 1163 614 ‚
1192 562 1270 604 hoc
1301 569 1360 602 est
1389 559 1562 617 φωνήν,
1593 570 1632 604 et
1660 565 1719 604 sic

273 647 434 690 quoque
464 632 542 688 leg.
573 648 616 687 p.
644 647 733 689 190.
757 634 811 673 A.
826 632 867 686 4.

366 704 455 744 ¹90·
479 689 532 728 A.
552 704 591 744 7.
611 690 735 742 [526,
769 688 830 742 6.]
860 689 1130 743 πληροφοραῖ.
1186 691 1484 743 Πληροφορεῖν
1521 703 1615 730 τινα
1657 699 1717 731 est
1760 720 1769 735 .

275 745 447 800 aliquem
477 758 649 783 securum
691 754 728 783 et
755 758 825 783 con
856 745 1010 784 dentem
1038 747 1213 798 s,ac·e1·e
1257 745 1377 784 alicui
1417 744 1567 798 aliquid
1608 754 1719 787 certo

276 813 519 840 asseverare.
573 800 633 839 Ita
662 799 804 853 Theop
821 814 930 839 1011ος
962 815 1003 854 p.
1034 800 1121 839 105.
1146 799 1199 839 A.
1222 798 1264 839 8.
1307 801 1587 853 πληροφοοεῖν
1625 815 1718 842 τινα

276 867 418 908 ορκοις
432 885 445 906 ,
476 861 516 894 et
543 869 586 909 Ρ.
614 868 704 894 110.
725 855 778 895 A.
798 855 838 895 5.
897 854 970 894 Est
1006 869 1100 910 ergo
1135 868 1298 895 sensus:
1328 869 1505 894 assevero
1541 864 1720 896 attestor-

275 924 349 965 que
375 910 516 949 divino
543 911 696 949 numini
721 919 759 949 et
777 918 951 959 vestrae,
982 911 1136 950 domini
1168 910 1360 966 benefici,
1389 923 1548 960 revera,
1592 913 1720 952 modis

275 965 472 1015 omnibus,
491 979 665 1004 ammam
684 975 857 1005 nostrum
884 980 963 1005 non
990 967 1130 1006 habere
1145 966 1268 1004 altam
1285 964 1480 1004 medelam
1501 973 1576 1005 etc.
1597 967 1717 1019 3vid.

275 1019 381 1059 infra
406 1034 448 1074 p.
485 1019 574 1074 196.
595 1021 641 1059 B.
659 1020 700 1070 4.

387 1075 442 1114 A.
462 1089 504 1129 7.
506 1034 642 1141 9[526,
664 1073 728 1129 6.]
757 1070 801 1114 τὸ
830 1072 1000 1125 εὐσεβὲς
1027 1089 1161 1124 υμων.
1215 1074 1376 1114 Titulus
1417 1076 1585 1129 principi
1624 1091 1721 1130 pro-

278 1130 391 1183 prius
419 1126 443 1167 ὅ
473 1126 647 1182 εὐσεβής
667 1161 679 1180 ‚
711 1144 733 1168 a
760 1131 875 1168 novis
903 1131 938 1167 G
942 1131 1064 1168 raecis
1095 1130 1317 1180 confictus,
1353 1137 1398 1169 ut
1427 1131 1613 1169 Latinum
1628 1135 1724 1198 pius

279 1185 558 1238 exprimerent.
618 1184 695 1224 Sed
725 1184 842 1237 longe
867 1185 975 1223 aliud
1007 1191 1064 1223 est
1085 1199 1199 1240 ptuS,
1232 1185 1433 1224 diversum
1453 1185 1504 1223 ab
1532 1185 1722 1253 ευσεβής.

280 1240 489 1290 Quatenus
522 1240 614 1293 pius
651 1247 899 1279 reverentem
939 1239 1002 1278 dei
1043 1240 1261 1292 significat,
1325 1241 1509 1293 congruit
1536 1239 1723 1307 ev’oess-aeffc.

281 1294 338 1333 At
364 1295 453 1348 pius
481 1300 679 1346 quatenus
710 1295 888 1348 Principi
917 1295 1132 1346 tribuitur,
1167 1302 1365 1334 amantem
1396 1295 1568 1343 civium,
1601 1294 1722 1350 φιλό-

279 1351 421 1415 noant,
461 1355 600 1400 notat,
640 1350 750 1403 quod
792 1363 884 1388 cum
924 1343 1098 1401 εὐσεβής
1135 1350 1235 1389 nihil
1261 1350 1382 1388 habet
1407 1364 1652 1401 commune,
1683 1362 1725 1393 et

279 1405 476 1468 originem
507 1406 628 1444 traxit
649 1419 671 1443 e
709 1418 816 1444 novo
848 1405 1107 1444 Testamento·
1144 1412 1183 1444 et
1215 1419 1239 1444 a
1274 1404 1520 1444 Christianis.
1573 1407 1615 1445 Si
1655 1409 1725 1447 lu-

280 1461 445 1498 stinian.
484 1459 586 1499 Nov.
629 1460 697 1514 78.
739 1459 903 1499 titulum
940 1459 1185 1513 imperialem
1217 1461 1307 1514 pins
1335 1460 1387 1499 ab
1413 1460 1619 1501 Antonino
1647 1463 1726 1502 Pio

281 1516 459 1564 arcessit,
487 1515 624 1567 prodit
645 1515 927 1568 antiquitatum
946 1522 986 1554 et
1009 1515 1199 1554 historiae
1225 1516 1505 1568 ignorantiam,
1537 1518 1615 1555 iam
1635 1525 1724 1557 tum

281 1571 324 1608 in
353 1569 571 1609 Graeculos
598 1570 903 1623 subrepentem,
933 1578 973 1609 et
1000 1584 1126 1623 nugas
1153 1569 1404 1621 trahentem3
1435 1585 1475 1610 v.
1506 1571 1722 1612 Alemann.

282 1624 332 1663 ad
364 1625 539 1677 Procop.
569 1638 612 1678 Ρ.
640 1639 707 1679 72.
734 1633 774 1664 et
803 1626 1001 1664 Harduin.
1035 1626 1087 1663 ad
1113 1625 1309 1664 Themist.
1340 1640 1380 1678 p.
1403 1626 1501 1680 427.
1557 1627 1656 1667 Plus
1674 1628 1730 1667 de

283 1678 359 1719 deo
400 1687 470 1719 aut
498 1680 548 1718 de
579 1687 692 1732 patre
720 1680 932 1719 hominum
961 1688 1000 1719 et
1039 1680 1258 1719 libelorum
1287 1687 1446 1719 amante
1474 1682 1627 1721 Latinis
1653 1697 1728 1723 ve-

282 1737 400 1774 tustis
439 1734 664 1774 dicebatur.
720 1736 779 1775 Et
803 1738 899 1789 quia
927 1736 1150 1788 Imperator
1187 1745 1306 1790 pater
1336 1737 1481 1774 ci'vzmn
1508 1745 1547 1775 et
1565 1739 1728 1791 patriae

284 1789 549 1843 reputabatur
576 1798 696 1843 atque
722 1791 957 1837 dicebatul,
984 1791 1075 1829 ideo
1096 1805 1189 1845 plus
1217 1790 1427 1839 audiebat,
1469 1797 1508 1828 et
1535 1793 1603 1844 qui
1632 1807 1724 1831 eum
1795 1799 1806 1809 ⁴

286 1844 422 1884 laede1
424 1852 463 1884 et
501 1852 572 1884 aut
611 1845 858 1897 offenderet,
889 1821 1116 1885 habebatur
1135 1847 1302 1909 impius,
1335 1852 1374 1884 et
1401 1846 1632 1899 zmpietatzs,
1650 1848 1726 1900 τῆς

283 1898 505 1950 ἀσεβείας,
534 1901 820 1953 accusabatur,
849 1909 895 1940 ut
923 1908 1087 1950 contra,
1115 1901 1185 1954 qui
1206 1914 1295 1938 eum
1312 1899 1458 1938 coleret
1485 1907 1524 1939 et
1551 1910 1725 1949 amaret,

282 1968 374 2008 ptus
403 1962 504 1994 erat.
561 1956 658 1995 Vid.
682 1955 814 1995 Vales.
837 1956 888 1995 ad
906 1955 1108 2021 xiphilin:
1126 1970 1166 2008 p.
1195 1953 1310 2006 1084.
1331 1954 1394 1992 ed.
1410 1954 1587 1994 Reimar.
1604 1956 1640 2010 ς.
1659 1957 1728 2011 57.

284 2009 406 2075 *[Πρ
412 2009 571 2049 οσκυνῶ
602 2023 650 2050 σε
690 2007 745 2057 ὥς
783 2009 935 2062 εὐσεβῆ
969 2007 1042 2049 καί
1080 2008 1126 2049 ἐκ
1155 2009 1261 2048 θεοῦ
1288 2009 1577 2062 προβληθέντα
1603 2012 1729 2062 βασι-

286 2065 377 2104 λεα.
405 2065 643 2118 Theophan.
671 2079 713 2118 p.
739 2064 831 2116 404.
832 2065 874 2118 ]*

395 2119 442 2158 C.
461 2120 500 2158 5.
527 2120 640 2174 [326‚
665 2119 747 2173 210]
779 2133 1000 2173 σταυρους.
1030 2119 1199 2160 Comma
1227 2125 1318 2173 post
1345 2118 1391 2158 h.
1420 2133 1464 2160 v.
1494 2133 1576 2158 non
1599 2132 1725 2172 agno-

287 2181 404 2214 scunt
432 2175 603 2215 Membr.

400 2229 448 2267 C.
470 2230 513 2279 4.
533 2229 648 2283 [326‚
674 2228 765 2283 22.]
805 2224 826 2268 ὅ
864 2230 978 2277 θεῖος
1020 2226 1160 2276 τύπος
1215 2227 1373 2268 Divina
1405 2230 1562 2292 imago,
1592 2228 1727 2281 imago

286 2283 351 2323 dei
392 2285 591 2336 patientis.
651 2285 712 2323 Ita
746 2299 790 2323 01
791 2299 905 2324 ucem
937 2284 1148 2348 appellant
1184 2283 1326 2323 Graeci
1369 2285 1479 2323 novi.
1537 2282 1724 2335 Theoph.

286 2352 330 2391 p.
358 2338 420 2378 18.
442 2339 488 2377 Β.
506 2339 582 2378 ult.
601 2336 701 2387 τούς
726 2339 870 2385 θείους
895 2353 1051 2385 τυπους
1089 2337 1204 2389 (male
1242 2336 1394 2385 τόπους
1421 2338 1571 2378 editum
1596 2337 1674 2376 fuit
1693 2339 1724 2389 ,)

289 2407 449 2432 clucem
479 2394 653 2447 appellat
681 2408 772 2433 cum
801 2395 920 2433 rebus
948 2394 1043 2434 illuc
1072 2394 1379 2460 peitinentibus.

395 2448 450 2487 D.
480 2463 513 2491 1.
534 2450 644 2504 [3²7›
663 2448 719 2502 9.]
743 2463 870 2487 αυται
901 2448 1120 2501 ειῗφημιάι.
1176 2450 1235 2487 Μ.
1266 2441 1397 2487 αὗται
1425 2443 1470 2485 αἱ
1494 2438 1723 2512 ευφημίαι.

288 2500 353 2540 Sic
380 2516 524 2556 nempe
550 2503 678 2543 solent
711 2505 806 2543 novi
834 2505 976 2543 Graeci
1005 2517 1080 2557 pio
1107 2500 1150 2543 αἱ
1181 2501 1312 2542 αὗται
1336 2499 1555 2554 ευφημίαι.
1544 2508 1569 2553 .3

397 2602 452 2641 D.
475 2611 609 2658 antep.
632 2604 746 2659 [527,
774 2603 859 2658 16.]
905 2599 1176 2656 αιτὴσασθαι.
1234 2603 1295 2643 Μ.
1330 2596 1538 2653 αι’τὴσασ,
1568 2599 1608 2638 id
1637 2607 1736 2651 est,

291 2651 551 2709 αἰτήσασθε,
583 2670 730 2712 rogate.

379 2724 468 2763 ¹9¹·
500 2711 546 2751 Β.
582 2715 621 2752 3.
652 2714 773 2768 [328‚
819 2715 900 2767 10.]
931 2713 1166 2767 maxuma,
1200 2705 1427 2760 δεσπόται,
1455 2708 1513 2765 τῷ
1541 2707 1562 2748 ὅ
1592 2708 1725 2750 δεῖνα.
