1884 3132
267 150 341 192 An
379 147 716 193 APPENDIGEM
760 148 858 189 Lm.
898 149 932 188 1.
970 147 1040 193 DE
1082 142 1338 189 cmmoN.
1423 122 1533 182 535

114 256 237 309 possit
258 253 358 305 hoc,
389 252 449 308 τῷ
476 253 610 305 λεπτῷ
660 251 865 292 commode
901 265 983 290 non
1030 250 1176 302 opponi
1208 245 1254 288 τὸ
1302 247 1408 299 μέγα
1426 279 1437 297 ,
1467 249 1537 288 sed

113 306 159 350 τὸ
186 305 301 360 παχὺ
318 339 329 356 ,
361 308 538 360 adeoque
565 307 642 346 dici
670 307 851 346 debuisse
880 305 950 344 illo
977 305 1138 358 quidem
1155 317 1273 342 sensu
1298 317 1355 340 πα
1357 299 1535 354 χύζηλα.

65 359 72 368 ’
113 362 194 404 Sed
217 363 355 402 eadem
379 361 588 402 difficultas
617 375 776 415 quoque
805 362 948 414 premit
962 360 1134 424 positam
1170 359 1211 397 in
1238 359 1381 397 Latina
1413 359 1538 397 versi-

112 432 190 458 one
213 418 590 472 interpretationem.
655 416 759 455 Nam
783 416 840 470 τῷ
867 415 1031 468 μεγαλῳ
1084 427 1165 451 non
1197 420 1303 452 recte
1322 414 1537 465 opponitur

115 469 164 512 τὸ
194 469 360 521 λεπτὸν,
389 472 457 511 sed
475 467 522 510 τό
550 466 699 522 μικρὸν
737 470 800 509 vel
824 466 868 509 τὸ
896 464 1051 521 βραχύ.
1108 468 1261 506 Verum
1287 467 1402 507 facile
1431 466 1536 506 diffi-

116 526 243 566 cultas
275 527 373 567 haec
397 526 566 566 tollitur.
630 525 785 578 Vulgus
807 525 1026 571 Graecum,
1068 529 1137 561 aut
1170 524 1300 575 potius
1323 523 1465 562 Graeci
1487 537 1536 562 o-

116 596 228 621 mnes
243 611 255 630 ‚
291 596 372 622 non
402 581 589 634 exemptis
631 580 768 633 probis
798 579 916 618 huius
942 579 1069 632 gentis
1098 584 1137 616 et
1158 577 1330 630 antiquis
1360 578 1535 616 auctori-

114 635 218 686 bm,
246 633 390 682 λεπτὸς
414 643 453 675 et
473 630 610 686 ἰσχνὸς
645 642 685 674 et
717 630 880 685 βραχύς
907 639 1149 686 permutant.
1214 631 1279 671 Sic
1310 631 1538 686 Polyaenus

114 706 158 744 p.
180 689 246 742 45.
264 687 567 755 βραχυφωνίαν
578 688 675 728 dixit
699 703 773 742 pro
796 686 1367 742 ioxvocpwvc'cffiArtemidor-us
1384 702 1426 739 p.
1450 687 1537 728 130.

117 745 159 785 8.
204 758 301 791 τους
339 739 509 790 λεπτοὺς
550 742 748 796 α’στέρους
786 745 950 796 opponit
979 745 1065 787 τοῖς
1090 738 1300 792 μεγάλοις.
1353 742 1463 780 Idem
1493 757 1534 794 p.

113 800 180 840 62.
203 814 237 842 1.
269 794 531 849 λεπτοκάρνα
560 798 682 838 habet
708 813 781 852 pro
801 799 957 837 minutis
982 796 1151 836 nucibus.
1204 796 1457 848 Thucydides
1483 797 1538 840 11.

116 854 182 894 83.
226 853 305 893 fine
330 850 383 892 τὰ
409 848 536 893 λεπτά
564 854 687 892 πλοῖα
712 855 796 900 τοῖς
821 848 1015 903 μεγάλοις
1042 852 1219 904 opponit.
1237 850 1407 890 Cedren.
1430 866 1474 904 p.
1497 865 1537 894 2.

112 909 160 948 B.
178 923 248 962 9.:
276 906 302 960 ἦ
331 903 454 959 λεπτή
482 906 523 946 Γ
519 907 662 955 ένεσις,
689 922 826 963 parva
848 907 1021 945 Genesis.
1090 905 1213 958 Apud
1241 906 1308 943 Du
1337 904 1536 959 Cangium
1579 947 1582 951 ,

114 963 237 1003 habes
263 964 306 1002 in
331 962 396 1001 Gl.
430 963 502 1000 Gr.
529 976 572 1015 p.
600 961 694 1013 804.
727 959 1030 1011 λεπτολάχανον
1067 974 1139 1012 pro
1165 962 1311 999 minuto
1342 961 1511 1000 olusculo
1521 992 1536 1012 ‚

114 1025 155 1057 et
181 1018 276 1057 alibi
307 1016 580 1068 λεπτογένεσιν
593 1044 605 1066 ,
623 1031 795 1071 parvam
820 1015 987 1055 Genesin
1004 1044 1016 1064 ,
1059 1014 1207 1053 librum
1226 1015 1534 1068 Apocryphum.

115 1073 218 1112 Sunt
248 1073 370 1125 igitur
397 1072 439 1110 in
470 1070 548 1110 hoc
570 1072 732 1124 quidem
762 1071 902 1110 ambae
922 1071 1172 1109 coniecturae
1199 1083 1330 1134 pares.
1380 1069 1537 1110 Deinde

115 1128 310 1181 cogitavi,
328 1132 509 1166 essentne
536 1123 586 1164 τὰ
613 1122 873 1178 μεγαλόζηλα
894 1125 998 1164 idem
1027 1131 1144 1178 atque
1165 1139 1216 1163 τα
1243 1120 1537 1177 μεγαλόγραμ-

115 1196 178 1232 μα
206 1181 402 1232 Cedreni,
439 1181 553 1220 cuius
598 1180 794 1220 celebrem
830 1179 962 1219 locum
982 1194 1021 1232 p.
1038 1180 1133 1233 793.
1159 1178 1279 1230 paulo
1312 1186 1432 1231 post,
1461 1179 1536 1217 da-

114 1243 157 1276 ta
195 1236 403 1276 occasione
423 1265 435 1285 ‚
466 1235 719 1275 tractandum
742 1235 948 1288 aliquanto
964 1233 1082 1274 latius
1106 1233 1205 1272 mihi
1234 1247 1402 1272 sumam.
1434 1233 1539 1272 Sunt

114 1298 247 1331 autem
298 1286 352 1330 τὰ
383 1285 705 1342 μεγαλόγραμμα
747 1289 849 1328 telae
890 1303 982 1328 cum
1023 1288 1240 1342 grandibus
1274 1295 1313 1326 et
1348 1287 1440 1326 latis
1466 1294 1538 1326 aut

115 1347 221 1385 striis
251 1351 320 1384 aut
349 1343 529 1390 floribus,
572 1352 611 1383 et
643 1346 685 1383 in
716 1346 947 1383 universum
976 1343 1188 1396 exemplis;
1218 1349 1258 1381 et
1287 1343 1342 1381 sic
1369 1341 1418 1381 de
1441 1341 1536 1380 reli-

115 1401 204 1454 quis
235 1413 396 1453 quoque
425 1399 733 1449 aestimandum,
760 1396 969 1450 μεσόζηλα
998 1405 1037 1437 et
1071 1393 1294 1448 λεπτόζηλα
1320 1405 1431 1450 puta.
1459 1396 1538 1435 Sed

117 1454 378 1495 animadverti
397 1453 595 1505 deinceps,
627 1453 746 1506 ζηλος
772 1467 855 1491 esse
884 1463 1034 1491 meram
1055 1453 1372 1491 terminationem
1391 1481 1402 1498 ‚
1433 1465 1536 1503 quae

116 1509 346 1563 qualitatem
378 1508 435 1547 rei
457 1507 604 1547 indicat
617 1538 628 1555 ‚
694 1507 885 1546 colobium
932 1508 1205 1559 megalozelum
1237 1505 1301 1545 vel
1327 1507 1538 1558 megalozi-

117 1565 202 1603 lum
238 1577 332 1618 ergo
371 1562 478 1601 idem
515 1576 598 1602 esse
628 1569 747 1615 atque
774 1561 880 1614 μέγα
898 1590 910 1611 ,
937 1568 977 1600 et
1003 1562 1059 1600 sic
1089 1575 1220 1614 porro.
1272 1561 1388 1600 Patet
1418 1573 1464 1599 ex
1489 1559 1538 1598 d·-

115 1613 312 1672 πόζηλος,
348 1618 456 1670 quod
482 1617 587 1656 idem
614 1624 672 1656 est
695 1624 815 1669 atque
845 1612 1067 1668 αὕόζηλος,
1106 1623 1146 1655 et
1174 1616 1250 1654 hoc
1277 1615 1381 1654 idem
1419 1622 1539 1666 atque

116 1671 304 1719 αὖαλέος.
335 1672 854 1712 Glossae'Graecobarbarae
874 1671 980 1724 apud
1001 1672 1068 1709 Du
1081 1671 1299 1723 Cangium:
1338 1667 1538 1718 αὐαλέος,

117 1724 368 1779 κατάξηρος,
415 1724 560 1779 ξηρὸς,
601 1723 859 1780 ’ξηραμμένος
878 1755 890 1775 ,
920 1720 1134 1777 ἅπόζηλος.
1200 1726 1340 1763 Graeci
1368 1725 1474 1763 enim
1510 1737 1538 1762 υ

115 1789 163 1821 nt
178 1782 207 1832 β
232 1789 271 1820 et
290 1781 490 1822 interdum
515 1789 562 1820 ut
583 1796 613 1819 π
631 1780 813 1819 efferunt.
845 1781 959 1820 Patet
984 1794 1142 1833 quoque
1155 1795 1199 1819 ex
1223 1779 1292 1818 illa
1309 1786 1419 1829 nota,
1445 1791 1540 1831 pro-

116 1836 169 1875 ba
185 1865 196 1886 ‚
225 1838 349 1875 veteri
393 1849 491 1874 voce
525 1833 814 1887 χαμαίζηλος,
858 1835 1029 1884 humilis,
1073 1834 1180 1875 idem
1212 1834 1370 1882 valente
1420 1840 1539 1885 atque

117 1886 354 1941 χθαμαλός.
408 1889 554 1930 Similis
583 1898 640 1929 est
663 1897 701 1928 et
730 1890 780 1928 ad
815 1890 1059 1928 Graecorum
1098 1891 1224 1929 instar
1248 1889 1414 1933 conficta
1428 1887 1539 1925 Latiss

77 1966 85 1973 ·
118 1945 181 1983 nis
211 1944 330 1983 medii
357 1946 444 1983 aevi
470 1959 545 1984 vox
567 1944 739 1998 hybrida
778 1945 946 1983 imizilus
978 1943 1035 1997 (v,
1068 1945 1134 1982 Du
1172 1945 1304 1996 Gange
1348 1942 1413 1981 Gl.
1447 1943 1538 1979 Lat.

118 1998 165 2037 h.
199 1998 264 2049 v.)
293 1998 345 2038 ab
389 1999 488 2038 imus
516 2007 556 2039 et
578 2001 855 2038 terminatione
880 2000 1023 2051 ζηλος,
1068 2000 1314 2038 brevissimae
1341 2010 1542 2036 mensurae

119 2061 189 2092 aut
205 2054 418 2092 vilissimae
440 2056 588 2107 speciei.
645 2056 815 2092 Maxime
841 2054 974 2106 itaque
993 2061 1299 2093 consentaneum
1322 2059 1392 2097 est,
1418 2065 1541 2103 quum

118 2107 297 2147 diversae
330 2107 409 2146 sint
442 2115 613 2147 staturae
645 2108 841 2158 homines,
881 2105 1140 2160 μεγαλόζηλα
1169 2122 1252 2146 esse
1269 2120 1423 2161 pannos
1454 2119 1541 2143 ma-

116 2175 242 2214 gnae,
288 2159 496 2213 μεσόζηλα
531 2163 704 2210 mediae,
734 2160 960 2215 λεπτὸζηλα
987 2164 1112 2201 brevis
1138 2175 1351 2200 mensurae.
1407 2160 1539 2198 Venio

119 2229 228 2254 nunc
258 2215 309 2254 ad
346 2215 459 2253 illum
499 2217 671 2255 Cedreni*
696 2225 882 2256 vexatum
920 2232 943 2256 a
976 2217 1166 2255 Salmasio
1205 2215 1363 2261 locum,
1392 2215 1433 2251 in
1461 2227 1542 2266 quo

120 2269 307 2322 leguntur
341 2265 506 2308 0²30m'oe1.
544 2267 893 2323 μεγαλόγραμμοι.
973 2273 1102 2310 Locus
1124 2271 1190 2310 hic
1231 2277 1312 2308 est:
1355 2267 1543 2310 ἐκέλευσε

123 2323 313 2377 [Michae‘l
335 2323 600 2377 Stratioticus]
628 2322 702 2370 τὰς
730 2325 812 2364 τῶν
828 2325 1002 2365 πολιτῶν
1014 2322 1199 2378 κεφαλὰς
1221 2320 1277 2375 μή
1313 2318 1379 2362 διὰ
1411 2335 1545 2372 γραμ-

122 2373 289 2428 μάτων,
319 2374 374 2423 ὥς
399 2375 488 2427 νῦν,
518 2374 622 2415 sla-2⁶2
652 2375 722 2413 6ιᾶ
751 2375 1103 2430 μεγαλογράμμων
1131 2378 1176 2417 ἐκ
1205 2374 1364 2426 βυσσοῦ
1390 2370 1417 2425 ἢ
1445 2387 1544 2424 πορ-

123 2431 264 2485 φύρας
303 2431 379 2486 [ita
411 2430 566 2484 legend.
592 2437 661 2468 aut
689 2437 794 2468 certe
834 2430 995 2479 βυσσοῦ
1019 2432 1241 2482 πορφυρᾶς
1269 2431 1309 2466 in
1334 2426 1544 2481 adiectivo]

125 2483 418 2538 ἔξυφασμένων
457 2484 695 2524 σκέπτεσθαι.
768 2483 978 2521 Salmasius
1026 2484 1077 2521 ad
1114 2483 1198 2521 Ser.
1236 2483 1338 2521 Hist.
1366 2482 1469 2535 Aug.
1490 2484 1543 2521 T.

127 2538 180 2576 ll.
209 2554 249 2591 p.
272 2540 364 2590 574.
389 2554 462 2592 pro
506 2535 759 2591 γραμμάτων
796 2537 871 2590 legi
920 2538 1006 2575 vult
1042 2533 1292 2587 ῥαμμάτων,
1321 2543 1359 2575 et
1388 2549 1459 2589 pro
1472 2550 1546 2587 με-

129 2592 428 2646 γαλογρὰμμων
464 2589 888 2646 μαργελλοῤῥάμμων.
976 2592 1051 2629 Sed
1081 2591 1222 2629 accidit
1251 2591 1306 2640 ei,
1333 2591 1440 2643 quod
1467 2592 1545 2630 illis

131 2645 228 2684 solet
245 2675 258 2695 ‚
291 2649 359 2700 qui
383 2647 526 2687 differ-ti
554 2648 768 2685 multarum
798 2659 931 2684 rerum
963 2647 1124 2684 scientia
1153 2642 1413 2684 eruditionem
1433 2660 1561 2686 suam.

132 2699 218 2739 loco
246 2714 327 2740 non
351 2716 420 2742 suo
468 2701 675 2741 effundunt
690 2731 699 2749 ‚
752 2708 790 2739 et
832 2701 993 2740 obiectis
1035 2699 1172 2740 eodem
1205 2707 1382 2753 tempore
1413 2700 1547 2739 multis
