1832 3126
189 200 265 244 An
300 199 600 244 consum.
633 198 830 240 Pomm.
858 199 930 238 DE
967 196 1149 239 cmm.
1183 197 1281 237 Lm.
1318 198 1352 237 1.
1404 177 1507 231 125

60 318 136 344 nos
162 303 344 353 scilicet3
402 302 612 343 videamus
639 308 681 340 te
706 300 863 340 salvum
893 307 932 339 et
961 299 1116 339 felicem
1131 329 1144 349 ‚
1174 298 1290 338 bonis
1316 300 1359 338 in
1386 300 1512 338 omni-

61 360 154 400 bus.
210 358 318 409 Vel,
348 359 384 398 si
412 372 459 396 ea
487 356 660 396 formula
689 370 842 394 novum
869 354 987 394 alicui
1018 369 1164 394 munus
1192 353 1510 408 gratularentur,

63 414 259 468 significat
285 414 380 453 bene
419 414 574 452 vener-112
589 441 601 460 ‚
640 411 770 450 fausto
806 410 908 464 pede
946 410 1065 450 adeas
1108 410 1160 448 ad
1199 410 1310 449 illam
1338 410 1511 463 dignita-

59 477 158 509 tem.
217 470 284 508 Sic
309 482 418 508 novo
444 467 613 522 patricio
638 466 826 505 dicebant
850 473 1005 505 veteres
1019 495 1032 515 ‚
1073 466 1156 503 iam
1183 465 1382 518 collegae:
1428 465 1510 504 Be-

59 540 111 564 ne
139 523 519 573 veniante,'don1ine
546 523 723 562 Patra-ie
757 523 835 560 etc.
893 522 947 559 V.
979 521 1046 559 Du
1076 520 1213 572 Gange
1251 520 1381 560 Gloss.
1414 522 1506 560 Lat.

60 579 174 619 Infra
205 581 251 618 in
277 579 443 618 Tactioo
483 585 622 616 nostro
657 575 820 615 militari
848 575 1071 615 acclamant
1098 575 1245 615 milites
1274 576 1512 629 Imperatori

59 636 104 674 in
130 641 262 675 casti-a
287 634 479 673 venienti:
509 632 645 678 καλῶς
671 625 844 682 ἤλθετε,
876 638 917 671 et
953 630 1048 670 alibi
1076 632 1225 684 passim
1253 632 1295 669 in
1325 632 1442 670 Circo
1471 639 1512 671 et

59 691 103 729 in
122 688 296 730 eeclesiis
313 688 507 742 populus=
526 686 663 734 καλῶς
682 680 822 738 ἦλθες,
842 683 867 740 ἧ
894 682 1079 738 προβολὴ
1100 685 1175 738 τῆς
1199 681 1383 740 τριάδος.
1409 687 1510 726 Pot-

61 752 123 784 est
163 757 326 798 quoqne
349 743 464 783 reddi
493 743 588 782 bene
608 743 826 797 prooem'as
839 770 852 790 ‚
898 741 963 780 vel
999 742 1228 796 pemoenias.
1287 742 1512 781 Provenioe

29 818 34 822 ·
61 807 103 840 et
122 801 336 855 per-venire
354 799 488 838 Latini
516 798 720 852 sequiores
750 797 937 836 dicebant
952 810 1025 850 pro
1046 796 1151 835 laeto
1180 810 1344 835 suarum
1371 811 1511 836 rerum

60 853 474 963 fffflegssssfriss
490 852 1361 962 Ρῖἶοὲῖῗὲῗῗιῑζῖἴῖωὲιᾚὲῗῗὲῗὶἰεςὲἷιὶ
1387 853 1511 961 ῗῖἷῖξζῖ

61 966 115 1004 ad
131 964 231 1004 illud
252 964 534 1004 Trimalcionis
550 964 799 1003 Petroniani:
828 965 923 1002 satis
947 964 1063 1002 vivus
1089 976 1310 1017 pervenero
1338 965 1509 1016 notavi.)

62 1020 150 1060 lmo
176 1021 262 1075 ipse
289 1020 372 1060 iam
398 1019 595 1074 Virgilius
621 1017 764 1073 Eclog.
794 1019 868 1058 IX.
902 1033 942 1059 2.
961 1034 974 1058 τ

233 1107 276 1146 0
300 1107 457 1160 Lycida
470 1137 483 1157 ,
528 1109 619 1147 vivi
650 1108 907 1163 pervenimus
952 1107 1028 1162 [eo
1066 1106 1297 1162 praeclarae
1324 1106 1511 1148 fortunae

447 1161 625 1216 scilicet]
642 1193 655 1212 ,
688 1162 847 1202 advena
873 1165 1024 1215 nostri,

226 1217 1180 1329 ffiwnssfflmmssaesspssffi’l
1192 1219 1329 1315 §312²ss

401 1304 413 1314 Ο
774 1302 788 1323 ,
1325 1304 1336 1313 ⁶

66 1349 191 1391 Unde
214 1349 367 1390 Franci·
401 1353 653 1391 retinuerunt
689 1365 807 1390 suum
824 1353 1042 1407 par-venir,
1086 1353 1152 1392 cui
1191 1353 1406 1407 respondet
1433 1368 1509 1394 no-

67 1413 195 1448 strum
204 1406 493 1458 jor-domnica,
522 1408 579 1446 ita
612 1421 774 1460 quoque
791 1408 934 1446 Graeci
962 1407 1147 1461 vulgares
1175 1404 1381 1460 ἔρχεσθαι
1408 1410 1511 1450 dice·

67 1461 167 1500 bant
194 1475 270 1514 pro
295 1463 381 1500 vita
406 1468 446 1500 et
472 1461 635 1500 fortuna
648 1492 660 1512 ‚
689 1464 923 1515 praesertim
950 1462 1057 1501 bona
1072 1491 1085 1512 ‚
1125 1463 1206 1502 frui
1219 1493 1231 1513 ‚
1279 1471 1326 1502 ut
1352 1471 1510 1503 constat

67 1529 115 1555 ex
150 1516 414 1569 inscriptione
441 1517 594 1555 Graeca
621 1516 783 1556 laudata
810 1519 878 1556 Du
905 1518 1057 1570 Cangio
1085 1517 1155 1557 Gl.
1184 1519 1258 1557 Gr.
1290 1533 1332 1558 v.
1363 1518 1510 1572 ἐπιδη-

66 1572 163 1620 μεῖν
190 1576 231 1610 et
258 1571 357 1610 CPli
385 1571 534 1610 Christ.
563 1585 608 1624 p.
642 1572 733 1637 ¹7⁵·
752 1587 764 1611 ε
794 1571 947 1620 Βίζζος
973 1569 1131 1623 Πάρδο
1165 1569 1406 1626 ἐπεδήμησα
1432 1588 1510 1613 κα-

68 1623 174 1675 λῶς,
215 1617 329 1678 ἧλθα
356 1627 512 1676 καλῶς,
538 1622 614 1665 καί
637 1641 712 1676 κιμ
749 1626 817 1681 [id
845 1634 904 1666 est
930 1625 1095 1680 κεῖμαι]
1137 1628 1294 1674 καλῶς.
1340 1622 1511 1682 εὔξηται

68 1680 144 1732 [id
171 1687 232 1719 oet
257 1673 415 1730 εῧξιτε,
453 1682 510 1720 sic
540 1680 781 1734 loquebatur
804 1689 892 1720 tum
917 1681 1063 1735 vulgus
1090 1683 1293 1733 Graecus,
1335 1697 1411 1737 pro
1438 1676 1511 1723 εὗ-

67 1733 235 1789 ξασθε]
262 1733 370 1786 ὑπὲρ
400 1731 538 1788 ἧμοῦ,
565 1737 608 1775 id
636 1744 695 1776 oet
722 1736 845 1787 ἐμοῦ.
880 1736 953 1776 Ait
980 1739 1098 1790 cippo
1126 1739 1344 1791 interprete
1370 1739 1510 1778 Bizzus

67 1789 243 1839 Pardus,
271 1804 314 1830 se
341 1791 445 1830 bene
472 1793 735 1845 immigrasse,
764 1806 908 1845 nempe
936 1794 978 1831 in
1005 1792 1115 1831 hu‘ne
1142 1794 1362 1841 mundum,
1403 1795 1510 1834 felici

66 1845 196 1884 sidere
222 1852 263 1885 et
289 1846 523 1899 parentibus
550 1861 634 1885 non
672 1847 820 1887 infimis
847 1855 987 1887 natum
1015 1848 1161 1898 fuisse3
1190 1849 1229 1887 id
1258 1851 1367 1888 enim
1394 1851 1511 1903 signi-

67 1900 160 1939 ficat
198 1899 440 1954 ἐπιδημεῖν;
496 1916 538 1941 se
564 1903 650 1941 vita
676 1910 717 1942 et
751 1902 915 1942 fortuna
956 1918 1077 1943 usum
1115 1903 1234 1943 fuisse
1270 1905 1510 1955 commoda,

66 1969 111 1994 se
137 1954 240 1995 bme
266 1957 508 2010 pei-venisse,
535 1971 681 2011 nempe
707 1958 759 1997 ad
786 1965 987 2006 votorum,
1022 1967 1105 2008 aut,
1136 1961 1170 1999 si
1186 1959 1318 2012 malis,
1337 1960 1387 2000 ad
1403 1961 1511 1999 vitae

68 2011 216 2061 finem3
259 2025 303 2051 se
336 2013 500 2052 tandem
534 2013 639 2052 bene
677 2015 807 2053 iacere
843 2013 1021 2054 honestis
1056 2016 1249 2069 exsequiis
1288 2015 1510 2055 et-tumulo

68 2066 265 2119 gavisum.
322 2066 459 2121 *[Sub
486 2067 718 2119 Anastasio,
746 2080 874 2122 quum
911 2070 1174 2123 procederent
1200 2071 1388 2110 monachi
1414 2085 1510 2110 can-

68 2122 196 2163 ticum
218 2121 444 2174 psallentes,
471 2123 717 2163 exclamabat
742 2123 928 2178 populus:
948 2126 1086 2172 καλῶς
1112 2119 1245 2178 ἦλθον
1262 2121 1302 2164 οἱ
1329 2120 1510 2179 ‹ip-‘hido-

70 2175 149 2224 ξοις
158 2175 199 2230 J*
226 2177 335 2216 Bene
409 2180 612 2225 menium,
644 2179 710 2218 vel
727 2180 820 2219 bene
835 2181 909 2220 lucc
926 2182 1007 2220 Ioci
1020 2182 1203 2229 veniant,
1233 2181 1299 2220 vel
1315 2183 1505 2220 venem.

180 2232 228 2270 B.
252 2245 314 2271 ια.
359 2247 428 2283 21,
452 2233 538 2287 11.]
583 2231 622 2274 οἱ
649 2231 998 2285 μουλτούσαννοι.
1052 2237 1307 2276 Vocabulum
1343 2236 1509 2275 adiecti-

70 2299 170 2326 vum
205 2285 537 2336 μουλτούσαννος
571 2291 799 2329 mactandus
826 2292 956 2330 multis
983 2293 1098 2330 annis
1114 2321 1125 2340 ,
1167 2299 1238 2330 aut
1262 2293 1402 2330 multos
1431 2306 1509 2331 an·

71 2355 142 2380 nos
175 2355 347 2380 emensus
360 2371 372 2393 ,
420 2342 636 2384 formatum
664 2359 689 2383 a
717 2346 923 2385 Graeculis
951 2361 974 2386 e
1001 2348 1145 2385 Latino
1182 2348 1321 2385 multos
1355 2361 1508 2396 annos,

72 2408 218 2449 nempe
242 2397 360 2436 vobis
386 2405 597 2451 optamus,
635 2414 711 2454 pro
739 2415 820 2454 quo
858 2402 972 2454 plebs
999 2402 1143 2440 Latina
1171 2402 1328 2440 dicebat
1367 2403 1510 2441 multus

72 2465 211 2490 amuis.
268 2453 323 2491 V.
343 2452 396 2491 ad
410 2468 451 2506 p.
472 2454 567 2494 235.
587 2455 636 2495 C.
657 2456 696 2495 5.
728 2463 768 2495 et
785 2471 887 2510 quae
914 2471 1035 2510 supra
1060 2456 1111 2495 ad
1137 2472 1179 2511 p.
1200 2456 1242 2497 8.
1273 2457 1319 2496 C.
1348 2457 1504 2511 penult.

73 2505 125 2544 de
143 2507 405 2561 pob‘chmnio
436 2509 623 2550 diximus.

36 2580 41 2584 ·
182 2561 231 2600 B.
250 2561 326 2600 ult.
347 2562 438 2616 [21‚
461 2563 548 2618 ¹2]
584 2561 744 2620 μεγάλῃ
784 2567 974 2620 κυριακῇ.
1027 2567 1134 2606 Bene
1175 2568 1286 2607 addit
1312 2569 1418 2609 hane
1444 2571 1510 2609 in-

72 2617 412 2668 tes-pretationem:
441 2613 571 2670 ἤγουν
596 2621 672 2659 τοῦ
697 2619 817 2672 ἁγίου
845 2617 1002 2672 πάσχα.
1021 2622 1188 2662 Festum
1205 2626 1313 2663 enim
1330 2625 1510 2664 Pascha-

72 2669 126 2708 tis
166 2673 277 2710 omni
312 2679 493 2727 tempore
530 2674 714 2714 habitum
757 2691 782 2715 a
810 2678 973 2716 Graecis
1010 2692 1086 2730 pro
1122 2693 1278 2719 summo
1316 2681 1510 2720 festorum

74 2726 255 2781 ‘omnium
287 2726 388 2780 fuit,
428 2736 528 2769 teste
554 2729 755 2784 Procopio
783 2733 831 2771 L.
864 2733 898 2770 I.
929 2731 1025 2772 belli
1052 2734 1297 2776 Wandalici.
1356 2738 1410 2777 V.
1441 2739 1509 2778 Du

76 2777 211 2834 Gange
237 2795 277 2821 v.
308 2780 512 2839 metant),
541 2785 783 2841 ethac'ipsa
808 2788 953 2841 pagina
973 2788 1017 2827 in
1044 2788 1151 2843 fine,
1182 2799 1279 2846 etp.
1307 2791 1368 2844 14.
1390 2794 1444 2833 A.
1466 2794 1503 2834 5.
