1832 3126
173 194 248 239 An
285 194 583 238 consum.
623 193 820 236 Pomm.
858 192 931 233 DE
963 190 1144 234 cmm.
1182 191 1280 232 un.
1318 190 1353 230 1.
1396 166 1506 226 *185

76 295 259 338 auctores
297 298 341 337 in
371 295 633 349 descriptione
669 293 829 334 colobii.
886 292 1062 343 Quidam
1100 292 1176 346 ipsi
1210 291 1385 330 manicas
1415 301 1510 343 per-

76 354 219 394 breves
243 352 451 399 tribuunt,
485 350 552 389 alii
571 349 715 389 nullas.
747 349 883 402 Neque
900 355 1054 387 certum
1077 355 1137 386 est
1157 346 1208 386 de
1222 346 1308 386 eius
1322 345 1451 385 forma
1470 354 1511 386 et

79 407 353 462 longitudine.
397 406 568 445 fueritne
607 412 813 458 pertusum
854 403 895 442 in
932 404 1093 456 regione
1130 402 1389 441 humerorum
1404 431 1417 452 ‚
1458 417 1510 442 an

81 462 271 502 solidum.
327 461 497 514 Ugutio,
528 460 730 508 colobium,
762 460 834 508 ait,
858 458 1030 512 pallium
1055 458 1274 510 virginale,
1321 457 1381 496 ad
1412 458 1512 497 calos

78 518 311 558 descendens
337 517 478 571 absque
503 515 681 554 mania-zze.
729 513 773 552 Si
802 512 974 552 solidum
1004 512 1081 551 fuit
1107 513 1149 550 in
1185 512 1345 564 regione
1371 511 1511 552 hume-

79 586 244 624 rorum,
282 579 323 612 et
350 570 542 625 pertinuit
569 569 619 608 ad
645 567 766 617 talos,
812 568 918 607 idem
956 581 1052 621 ergo
1092 567 1167 606 erit
1196 574 1316 620 atque
1343 568 1511 621 mapho-

75 627 183 667 rium
197 657 211 679 ,
245 625 310 666 vel
335 625 634 679 omophorium,
667 622 733 664 vel
763 622 895 663 clocca
912 652 924 673 ‚
966 621 1030 662 vel
1058 636 1207 661 saccus.
1266 622 1376 660 idem
1404 624 1511 662 enim

78 683 217 722 omnia
238 683 314 720 ista
338 688 446 720 sunt.
504 680 546 719 Si
574 693 672 718 vero
697 677 869 718 solidum
896 678 1057 731 quidem
1089 678 1164 716 fuit
1190 678 1233 715 in
1263 677 1423 730 regione
1441 678 1512 717 hu·

75 749 303 784 merorum,
342 742 385 774 at
423 733 700 774 tantummodo
738 733 790 772 ad
822 732 1003 772 cubitum
1031 733 1247 786 pertinuit,
1297 732 1372 770 erit
1406 733 1511 772 idem

27 826 31 829 .
77 798 198 845 atque
235 791 402 844 epomis.
457 790 500 829 Si
533 797 739 844 pertusum
767 788 842 828 fuit
880 796 921 828 et
947 788 1140 842 pertinuit
1177 787 1228 825 ad
1266 786 1396 825 media
1429 788 1513 827 fere

74 846 253 896 femora,
299 847 375 885 erit
410 845 517 884 idem
545 855 664 898 atque
694 843 955 894 armelausia,
1001 842 1065 883 vel
1096 841 1286 881 sclavina.
1343 841 1421 881 Sed
1450 843 1511 882 vi-

77 900 197 940 detur
222 901 342 941 fuisse
368 899 521 940 chlanis
537 930 549 951 ,
581 899 645 940 vel
671 895 805 950 χιτών
832 899 968 939 talaris
983 929 994 947 ,
1023 898 1159 938 stricte
1187 898 1344 950 corpori
1372 897 1513 937 adhae-

78 970 196 1007 rens,
239 955 389 1010 absque
416 957 582 995 manicis
599 985 611 1005 ‚
657 953 723 993 vel
754 953 885 993 saltim
913 956 979 993 vix
1007 953 1058 992 ad
1095 952 1270 991 medium
1298 951 1512 992 humerum

76 1010 384 1064 procedentibus
399 1041 410 1059 ‚
442 1025 534 1050 cum
562 1009 824 1050 foraminibus
851 1017 1000 1058 tamen,
1032 1022 1104 1062 per
1130 1021 1232 1062 quae
1262 1007 1419 1046 humeri
1444 1022 1511 1047 ex-

76 1073 319 1106 sererentur.
374 1066 416 1105 Si
444 1065 594 1105 iudices
621 1065 840 1105 secundum
867 1065 1048 1104 Nicetam
1076 1064 1119 1102 in
1145 1063 1342 1102 Thesaur.
1380 1063 1512 1102 ortho-

78 1121 204 1160 doxae
239 1120 333 1160 fidei
370 1135 406 1159 c.
438 1121 508 1175 39.
546 1128 587 1160 et
625 1128 828 1160 auctorem
866 1120 917 1160 de
958 1121 1080 1160 initiis
1103 1118 1329 1159 haeresium
1356 1131 1392 1156 c.
1429 1118 1511 1168 15„

79 1174 187 1215 idem
230 1176 306 1215 erit
343 1175 534 1215 colobium
569 1183 689 1229 atque
728 1175 959 1214 dalmatica.
1017 1174 1141 1228 Atqui
1173 1172 1385 1212 dalmatica
1428 1181 1515 1213 erat

78 1229 201 1285 *longa
226 1232 349 1270 vestis
374 1229 526 1270 talaris.
583 1231 736 1270 Rursus
759 1243 856 1270 vero
883 1231 916 1270 si
946 1230 1095 1270 iudices
1121 1228 1340 1268 secundum
1355 1228 1515 1282 Symeo-

78 1299 174 1324 nem
209 1284 471 1340 Lofflthetam
498 1301 540 1340 p.
565 1287 662 1336 402.
686 1287 734 1336 B,
763 1285 907 1325 collato
935 1285 1106 1325 Genesio
1133 1299 1176 1337 p.
1198 1284 1238 1323 3.
1269 1283 1341 1329 A.,
1383 1297 1406 1322 e
1431 1298 1513 1336 quo

79 1339 192 1380 locus
225 1340 432 1394 Symeonis
470 1340 633 1380 mu'tilus
667 1340 925 1394 integrandus
947 1348 1006 1380 est
1019 1371 1030 1388 ,
1071 1341 1148 1379 erit
1178 1338 1380 1378 colobium
1410 1339 1515 1378 idem

80 1402 203 1448 atque
223 1389 365 1446 ἇετὸς,
391 1410 515 1449 genus
532 1396 694 1449 aliquod
714 1394 936 1450 chlamydis
963 1395 1206 1435 levissimum
1230 1401 1270 1433 et
1295 1400 1416 1432 vento
1432 1408 1516 1447 per-

83 1451 264 1489 missum.
319 1451 478 1490 Genesii
500 1450 624 1490 verba
648 1458 766 1491 sunt:
824 1445 1110 1490 ἔκδιδύσκεται
1136 1445 1213 1502 τήν
1241 1447 1427 1499 ἐσθῆτα,
1463 1444 1515 1499 ἢν

83 1503 333 1556 ἐπεβέβλητο
359 1504 403 1543 ἐν
430 1503 531 1544 δυσὶ
553 1504 785 1558 ῥοδοειδέσι
808 1508 977 1557 χροιαῖς
1008 1502 1280 1552 ἆετιζουσαν,
1317 1501 1370 1554 ἢν
1396 1498 1515 1540 κολό-

82 1558 177 1609 βιον
201 1556 252 1612 τῇ
281 1556 466 1613 ἐγχωρύρ
501 1555 621 1612 ῥήσει
646 1555 1032 1611 προσονομάζουσι,
1069 1554 1142 1596 καὶ
1172 1552 1323 1608 ταύτην
1359 1554 1516 1606 ἀνειμέ-

83 1625 160 1665 νην
189 1611 400 1664 ζωστῆρος
426 1609 530 1652 και-ἁ
558 1610 603 1653 τὸ
635 1611 810 1655 ἔκπαλαι
837 1611 1018 1664 τηρηθὲν
1045 1609 1143 1658 ἔθος
1170 1614 1254 1658 τοῖς
1283 1607 1515 1663 στρατηλά-

85 1679 192 1712 ταις.
228 1667 458 1707 Cassianum
491 1669 524 1707 si
555 1669 691 1708 audias
705 1699 716 1717 ,
759 1667 960 1708 colobium
993 1682 1016 1706 a
1045 1666 1206 1720 reliquis
1243 1666 1387 1705 tunicis
1414 1665 1517 1704 nihil

85 1720 321 1774 differebat,
361 1724 436 1762 nisi
465 1724 507 1762 in
534 1737 604 1773 eo,
636 1723 745 1776 quod
762 1753 774 1774 ‚
820 1737 912 1762 cum
938 1724 1115 1761 manicae
1142 1722 1397 1771 tunicarum,
1435 1735 1516 1774 quo

83 1777 251 1830 propius
277 1777 329 1816 ad
357 1792 498 1817 manus
523 1778 755 1818 accederent
769 1809 781 1829 ,
811 1792 858 1818 eo
876 1778 1090 1816 strictiores
1107 1777 1301 1815 haberent
1321 1776 1513 1825 manicas,

83 1833 175 1884 ipsa
203 1831 359 1871 colobia
385 1835 559 1872 manicas
586 1833 788 1872 habebant
815 1848 887 1887 per
913 1834 1049 1871 omnia
1076 1845 1201 1885 aeque
1228 1830 1379 1883 amplas
1393 1860 1404 1880 ,
1434 1845 1517 1869 non

85 1893 222 1925 tamen
264 1885 391 1926 multo
428 1888 631 1928 brew'ores
658 1889 823 1928 manicis
858 1889 1109 1936 tunicarum,
1144 1885 1214 1926 sed
1242 1885 1323 1924 fere
1350 1885 1402 1924 ad
1427 1899 1516 1923 car-

86 1954 162 1994 pos
189 1954 383 1981 manuum
420 1946 703 1997 pertingentes.
761 1943 897 1982 Verba
930 1943 1014 1982 eius
1052 1948 1146 1981 sunt
1183 1940 1233 1979 de
1258 1940 1400 1978 habitu
1428 1954 1516 1979 mo-

86 1995 308 2035 nachot-um
334 2012 371 2036 c.
400 1998 440 2037 5.
453 2014 465 2037 :
525 2000 692 2038 colobiis
717 2013 865 2054 quoque
891 1999 1003 2036 lineis
1029 1997 1158 2035 induti
1167 2025 1179 2044 ,
1216 2009 1321 2049 qnae
1345 1996 1426 2034 221*oe
1461 1995 1522 2033 ad

52 2082 55 2084 >
87 2050 299 2089 cubator-um
325 2054 406 2091 ima
426 2056 652 2108 pertingunt
678 2054 802 2092 medas
831 2053 880 2092 de
907 2054 1056 2107 reliquo
1074 2065 1210 2090 manus
1227 2051 1514 2102 cir-cwnjerwa.

87 2105 182 2144 Ima
197 2106 407 2146 aabitoncm
427 2108 567 2161 procul
596 2109 719 2148 dubio
745 2115 838 2147 sunt
865 2109 1146 2147 commissurae
1161 2104 1285 2144 cubiti
1312 2119 1404 2143 cum
1433 2118 1519 2143 ma-

63 2166 67 2169 “
90 2173 148 2199 nu
162 2188 175 2210 ,
204 2173 274 2199 seu
301 2163 408 2215 regio
435 2165 559 2216 carpi.
617 2164 663 2203 Id
691 2177 850 2217 quoque
876 2162 1096 2216 significare
1112 2160 1216 2200 velle
1238 2159 1392 2200 videtur
1409 2159 1520 2198 locus

88 2214 309 2254 Dorothei:
339 2213 525 2267 κολόβιον
541 2215 600 2271 μή
617 2215 706 2270 ἔχει
725 2215 912 2271 χειρίδα,
946 2217 1028 2256 τῶν
1055 2210 1193 2256 ἄλλων
1218 2211 1384 2254 πάντων
1411 2211 1521 2265 ἐχόν-

85 2282 188 2308 των.
241 2269 315 2309 Est
342 2272 448 2310 enim
481 2274 618 2326 χειρίς
651 2275 813 2327 proprie
842 2271 910 2311 illa
938 2273 1115 2310 manicae
1140 2285 1232 2324 pars
1247 2299 1260 2319 ,
1301 2283 1403 2322 quae
1430 2283 1519 2308 car-

89 2337 185 2376 pum
211 2332 319 2364 arcte
346 2328 504 2380 stringit
533 2336 573 2367 et
598 2329 736 2368 ambit.
794 2327 894 2376 Sed,
939 2335 986 2366 ut
1012 2327 1117 2377 dixi,
1157 2324 1357 2364 colobium
1397 2324 1520 2363 variis
1584 2339 1587 2341 ·

85 2379 335 2440 temporibus
366 2381 483 2434 longe
515 2383 765 2423 diversarum
801 2384 973 2423 vestium
1015 2382 1089 2419 fuit
1115 2380 1341 2433 appellatio.
1398 2378 1519 2429 Quod

91 2439 150 2472 lta
184 2435 360 2488 contigit.
420 2436 630 2477 Colohium
663 2446 844 2478 veterum
879 2436 1168 2476 monachorum
1205 2442 1245 2474 et
1270 2433 1519 2473 sacerdotum

93 2494 178 2526 emt
203 2503 342 2528 revera
371 2491 429 2542 id,
465 2493 573 2545 quod
608 2507 754 2533 nomen
781 2493 892 2540 vult,
939 2505 1080 2544 nempe
1107 2491 1228 2530 vestis
1255 2490 1421 2528 manicis
1449 2495 1520 2528 aut

94 2553 255 2594 prorsus
281 2543 401 2584 nullis
415 2576 426 2594 ,
474 2554 544 2586 aut
569 2548 688 2587 valde
715 2548 903 2587 brevibus
917 2576 930 2596 ,
972 2554 1011 2585 et
1037 2546 1159 2585 breve
1185 2558 1344 2598 quoque
1369 2545 1514 2597 ipsum·

89 2595 248 2637 'Deinde
273 2614 399 2652 quum
427 2601 615 2642 indecens
640 2610 849 2656 putaretur
876 2604 980 2640 inter
1007 2615 1117 2640 sacra
1145 2599 1365 2654 peragenda
1391 2599 1520 2637 nudos

94 2648 283 2712 humeros
310 2656 560 2695 sacerdotum
586 2659 787 2711 conspici,
817 2664 1015 2695 mutatum
1035 2655 1198 2709 quidem
1216 2655 1292 2694 fuit
1318 2653 1519 2693 colobium

96 2717 141 2743 m
165 2705 440 2761 dalmaticam,
470 2724 615 2752 nomen
642 2719 775 2752 tamen
802 2713 877 2765 ipsi
905 2711 1064 2750 mansit.
1121 2711 1237 2750 Patet
1263 2724 1309 2749 ex
1337 2708 1517 2748 Honorio
1526 2714 1588 2750 Ed.
1603 2714 1701 2758 L.59

100 2757 447 2813 Augustodunensi
477 2768 526 2807 L.
551 2767 584 2807 1.
615 2782 651 2807 c.
673 2781 767 2808 211.
804 2767 854 2808 de
880 2766 1056 2808 vestibus
1072 2763 1301 2808 Pontificis:
1334 2764 1521 2804 colobium
