1884 3132
363 171 471 228 532
641 188 713 230 10.
755 186 861 230 mc.
902 187 1097 229 ausim
1136 180 1510 238 commu‘rARn

361 293 545 332 Schnalle
567 307 646 332 von
677 293 750 332 der
783 291 921 332 Weste
952 292 1081 331 lock'er
1111 293 1331 340 selmallen,
1363 307 1445 346 quo
1471 291 1612 332 melius
1641 307 1683 333 se
1706 308 1795 334 mo-

359 363 454 389 vere
495 356 534 387 et
562 348 701 401 agilius
742 362 882 387 manus
910 349 1060 400 agitare
1086 355 1231 400 posset.
1288 347 1397 386 Talis
1424 346 1563 402 ῥαφῆς
1580 378 1592 398 ,
1622 347 1765 393 fibulae
1781 379 1794 399 ,

361 418 464 456 quae
492 404 665 442 strictius
694 403 865 453 adduci,
894 403 1016 441 laxari
1048 409 1232 455 poterat,
1275 404 1406 456 imago
1430 417 1523 441 cum
1547 403 1794 456 dependente

362 458 451 498 loro
490 459 665 511 conspici
693 464 824 511 potest
851 460 892 495 in
922 458 1093 509 imagine
1131 458 1382 497 Constantini
1413 459 1470 496 M.
1497 457 1698 496 Licinium
1725 471 1793 496 oc-

344 506 527 552 “cidentis
556 514 663 566 apud
692 512 938 552 Bandurium
966 512 1062 551 Ant.
1091 513 1188 565 Imp.
1218 513 1292 551 Or.
1324 513 1373 550 T.
1408 513 1463 551 II.
1492 527 1532 566 p.
1554 513 1651 553 653.
1694 513 1794 553 Per:-

359 571 416 622 git
444 570 658 608 interiectis
685 568 924 622 quibusdam
943 567 1171 606 Salmasius.
1234 566 1421 617 ‚lSane7”
1450 569 1506 606 ait
1551 582 1677 618 „cum
1715 563 1792 620 ῥά-

356 637 474 663 πτειν
502 623 602 662 nihil
631 623 739 662 aliud
768 625 818 661 sit
835 647 887 652 -—
915 637 1036 675 quam
1064 619 1116 661 τὰ
1138 620 1420 674 διεσπαρμένα
1439 621 1626 670 συνδεῖν,
1657 622 1699 661 id
1717 622 1793 662 sci-

359 678 452 718 licet
479 686 682 731 praestare
712 678 880 727 fibulas,
923 692 1026 730 quae
1067 678 1109 716 in
1154 691 1280 715 unum
1309 677 1494 715 distantia
1523 678 1694 730 iungunt
1711 707 1725 728 ,
1752 683 1793 715 et

360 733 536 773 diversas
556 734 780 772 vestimenti
800 741 931 786 partes
950 732 1141 786 colligunt
1159 732 1261 770 inter
1290 745 1331 770 se
1358 731 1623 785 colligantque
1643 746 1653 770 :
1687 725 1793 782 συβ-

356 784 535 840 (idm-sm
563 784 755 840 περόναις
783 789 889 841 apud
920 789 1142 826 Lucianum
1170 788 1211 825 in
1243 786 1399 840 dialogo
1426 780 1606 835 ’Ἐρωτες
1647 794 1706 825 est
1741 787 1790 824 fi-

357 842 464 882 bulis
494 843 745 896 chlamydem
773 850 1037 882 connectere:
1070 864 1122 872 —
1158 841 1253 880 hinc
1291 836 1437 894 ῥαφὴν
1477 843 1618 880 Graeci
1646 847 1791 880 vocant

356 900 479 937 vestis
506 904 733 951 aperturam
752 927 764 948 ‚
803 912 905 950 quae
927 897 1077 935 -fibulis
1103 897 1378 935 committitur.
1411 920 1463 925 -—
1498 896 1596 935 Inde
1619 897 1791 948 χιτῶνες

357 945 555 1003 ἅσχιστοι
583 959 697 991 erant
723 967 882 1006 quoque
895 947 1102 1004 ἄρ’ῥαφοι.
1141 952 1202 989 De
1231 965 1278 989 eo
1309 951 1477 1003 proinde
1505 965 1648 1004 genere
1675 953 1785 990 tuni-

358 1021 497 1046 carum
514 1036 525 1056 ‚
555 1021 657 1059 quae
687 1007 817 1045 fibulis
847 1009 1136 1059 stringerentur
1165 1020 1207 1044 ex
1240 1013 1410 1058 utraque
1436 1013 1576 1059 parte,
1614 1020 1694 1044 non
1723 1005 1790 1045 fu-

355 1063 433 1100 isse
474 1062 628 1100 domini
669 1062 870 1111 tunicam,
910 1062 1087 1100 indicare
1122 1060 1249 1099 voluit
1288 1062 1485 1111 Ioannes,
1526 1075 1651 1113 quum
1699 1074 1788 1099 eam

357 1109 552 1169 ἇρῥαφον
582 1116 655 1155 καί
683 1115 729 1155 ἐκ
755 1117 836 1156 τῶν
865 1109 1026 1154 ἄνωθεν
1052 1111 1241 1168 ὗφαντὸν
1268 1115 1322 1154 δι’
1351 1109 1452 1154 ὅλου
1487 1113 1533 1153 ἐκ
1572 1115 1654 1155 τῶν
1681 1108 1787 1154 ἄνω-

354 1170 430 1209 θεν
457 1171 554 1209 dixit
575 1201 587 1221 ,
626 1171 734 1223 quod
773 1171 814 1209 in
853 1171 1122 1224 superioribus
1157 1171 1314 1208 tunicae
1349 1169 1529 1223 partibus
1556 1184 1624 1210 eae
1650 1164 1790 1222 ῥαφαί

355 1224 420 1263 vel
447 1225 594 1264 fibulae
621 1225 755 1264 locum
784 1228 908 1279 magis
936 1226 1130 1264 haberent
1146 1254 1158 1271 ‚
1186 1225 1331 1277 quibus
1359 1226 1494 1264 stricta
1521 1225 1729 1264 tenebatur
1749 1232 1788 1263 et

312 1294 315 1297 ·
356 1279 518 1319 sedebat
556 1282 598 1319 in
636 1281 814 1319 humeris
859 1279 1030 1319 tunica.”
1087 1279 1300 1319 Praeclara
1341 1288 1435 1318 sunt
1461 1281 1650 1327 omnino,
1682 1294 1786 1333 quae

354 1336 419 1372 vir
445 1341 580 1373 vastae
608 1334 787 1374 lectionis
817 1335 867 1374 de
907 1335 1193 1388 significatione
1220 1335 1328 1374 vocis
1356 1331 1474 1387 ῥαφῆ
1495 1364 1507 1384 ,
1529 1335 1681 1389 fibula,
1712 1334 1786 1374 ha-

354 1388 449 1436 bet,
483 1397 523 1429 et
552 1390 659 1428 favet
688 1389 745 1428 illi
774 1390 884 1429 locus
913 1405 936 1428 a
964 1391 1032 1428 Du
1059 1390 1211 1443 Cangio
1239 1390 1278 1428 in
1309 1389 1440 1428 Gloss.
1468 1390 1559 1428 Lat.
1588 1403 1631 1428 v.
1666 1390 1785 1428 Boto-

354 1453 473 1482 nacus
501 1459 523 1482 e
550 1446 675 1483 veteri
705 1444 844 1484 charta
873 1447 1045 1484 citatus:
1102 1446 1233 1483 tunica
1258 1445 1397 1483 habeat
1420 1446 1594 1483 manicas
1623 1453 1784 1499 proten-

353 1512 416 1536 sas
439 1499 497 1536 ad
510 1514 684 1554 pugnum
701 1528 713 1550 ‚
741 1515 820 1539 non
847 1502 1066 1539 consutitias
1079 1529 1090 1548 ‚
1132 1500 1200 1538 vel
1218 1501 1443 1555 aliqualiter
1469 1499 1694 1548 hotonatas3
1713 1499 1785 1540 ubi

354 1556 577 1592 consuu'tiae
603 1557 779 1593 manicae
808 1569 889 1593 non
917 1562 1083 1608 possunt
1113 1554 1213 1593 aliae
1241 1569 1322 1593 esse
1339 1585 1349 1603 ,
1383 1568 1504 1608 quam
1532 1568 1635 1607 quae
1654 1553 1786 1598 fibulis

356 1608 661 1662 adstringuntur
680 1623 692 1658 3
731 1611 1056 1663 quandoquidem
1095 1610 1296 1649 hotonatae
1318 1611 1395 1648 sint
1415 1639 1426 1659 ‚
1457 1623 1558 1662 quae
1577 1608 1781 1656 orbiculis,

354 1662 541 1716 Kno‘lgfen
554 1693 566 1712 ‚
599 1664 916 1718 adstringuntur.
970 1665 1258 1703 Verumtamen
1297 1665 1474 1717 opinioni
1509 1666 1592 1703 eius
1611 1663 1785 1703 subseri-

354 1716 450 1755 bere
478 1731 558 1756 non
592 1733 752 1771 possum
771 1750 781 1766 ‚
827 1721 895 1758 sed
932 1720 1088 1758 accedo·
1117 1721 1247 1773 potius
1273 1727 1313 1757 et
1340 1719 1578 1757 adhaeresco
1603 1718 1783 1772 vulgari,

354 1786 457 1823 quae
486 1780 641 1820 censet,
673 1776 850 1813 tunicam
891 1775 1042 1812 domini
1072 1781 1197 1813 totam
1239 1781 1386 1812 textam
1434 1774 1552 1813 fuisse
1595 1773 1785 1826 nullaque

354 1827 396 1864 in
442 1835 552 1879 parte
594 1842 667 1867 acu
713 1836 752 1867 et
793 1829 860 1867 filo
898 1837 1121 1868 consutam.
1174 1829 1331 1867 Favent
1366 1828 1426 1867 ilh
1453 1842 1634 1881 expressa
1659 1828 1784 1867 verba

352 1878 541 1932 ὖφαντὸν
569 1882 625 1921 δι’
646 1877 774 1932 ὅλους
809 1891 869 1923 tot
910 1885 1099 1936 imagines
1132 1898 1214 1922 non
1240 1890 1398 1922 tautum
1429 1883 1576 1922 Christi
1595 1913 1605 1930 ‚
1647 1883 1717 1921 sed
1745 1890 1784 1929 et

355 1934 526 1974 aliorum
571 1945 799 1976 sanctorum
846 1938 1094 1991 aliorumque
1140 1939 1181 1976 in
1206 1938 1350 1976 tunicis
1377 1939 1681 1991 conspicuorum
1698 1967 1710 1986 ,
1738 1939 1781 1978 iu

353 1990 500 2042 quibus
538 1999 699 2030 suturae
745 1993 856 2031 nulla
891 2001 986 2032 nota
1030 1993 1363 2045 deprehenditur,
1405 2000 1443 2031 et
1472 1993 1624 2046 reliqua
1651 1992 1782 2030 adhuc

351 2054 609 2085 monumenta
635 2048 831 2100 quaedam
861 2048 1152 2096 demonstrant,
1170 2055 1208 2086 et
1229 2049 1350 2086 veteri
1380 2055 1420 2086 et
1437 2048 1569 2086 medio
1595 2060 1693 2086 aevo
1720 2047 1784 2085 vi·—

354 2100 483 2149 guisse
523 2101 654 2140 adhuc
690 2103 901 2140 textrinam
939 2102 1048 2140 illam
1066 2131 1078 2152 ‚
1121 2116 1224 2154 quae
1246 2109 1373 2141 vestes
1404 2102 1456 2140 δι’
1473 2097 1571 2140 ὅλου
1612 2099 1778 2140 texebat.

353 2153 479 2207 quue
519 2155 617 2194 mihi
646 2157 805 2195 videtur
832 2159 1046 2210 perspicuis
1074 2157 1206 2195 verbis
1236 2171 1460 2196 asseverare
1488 2158 1654 2196 Ioannes
1679 2155 1778 2192 Dia-

352 2222 475 2247 conus
505 2211 611 2262 apud
623 2211 766 2250 Isidor.
783 2212 832 2249 L.
852 2212 886 2251 1.
905 2213 1031 2263 Epist.
1057 2211 1174 2250 156.:
1206 2213 1376 2265 pallium
1404 2213 1508 2258 eius,
1553 2211 1662 2260 bysso
1683 2222 1778 2246 can-

350 2263 464 2302 dente
488 2274 722 2311 contextum,
749 2267 868 2304 nullis
883 2268 1014 2317 juisse
1043 2267 1213 2304 cernitur
1240 2267 1379 2304 acubus
1394 2267 1655 2320 perjbratum,
1682 2264 1779 2302 sicut

350 2320 615 2357 vetzoetz'ssinu's
663 2321 779 2358 musis
816 2319 924 2373 [hoc
989 2328 1046 2359 est
1092 2321 1253 2370 musiis,
1302 2317 1534 2368 μουσείοις,
1587 2317 1775 2369 musivis]

349 2372 417 2408 vel
442 2374 606 2425 picturis
633 2374 857 2412 ostenditur.
912 2375 1014 2413 Sane
1040 2373 1156 2413 valde
1183 2375 1398 2425 improprie
1423 2379 1522 2411 esset
1548 2378 1688 2409 auctor
1715 2370 1775 2410 lo-

350 2432 487 2475 cutus,
518 2427 550 2464 si
578 2427 752 2464 dictione
779 2429 897 2464 nullis
935 2430 1074 2465 acubus
1110 2429 1356 2480 perforatum
1375 2426 1593 2479 significare
1624 2425 1775 2464 voluis-

351 2486 410 2517 set
437 2479 558 2518 nullis
597 2479 729 2518 fibulis
769 2482 1132 2534 constringendum.
1192 2482 1356 2520 Latinae
1396 2481 1553 2532 linguae
1579 2479 1776 2518 rationem

353 2547 513 2572 omnem
550 2541 815 2586 perverteret,
855 2537 923 2587 qui
950 2537 1088 2573 stolam
1133 2537 1393 2574 inconsutilem
1409 2563 1420 2583 ‚
1447 2547 1549 2586 quae
1575 2533 1680 2586 apud
1706 2535 1775 2573 Du

351 2586 545 2639 Cangium
573 2602 613 2626 v.
644 2589 928 2628 Semicinctium
956 2597 1214 2637 memoratur,
1232 2588 1488 2627 contenderet
1502 2601 1585 2627 esse
1612 2603 1691 2627 non
1705 2589 1774 2643 fi-

346 2639 534 2680 hzdatam.
591 2643 688 2680 Vid.
718 2643 912 2696 Ciampini
956 2645 1006 2684 T.
1035 2645 1087 2682 ΙΙ.
1122 2644 1259 2683 Veter.
1300 2643 1550 2682 Monument.
1589 2644 1773 2692 Musiv.r,

347 2693 417 2730 ubi
468 2696 517 2733 de
566 2698 735 2735 textrina
784 2706 965 2736 veterum
1009 2698 1187 2750 attingit,
1244 2697 1376 2748 aitque
1417 2710 1458 2736 se
1502 2699 1658 2736 novisse
1697 2696 1772 2736 ho-

346 2750 494 2792 minem
521 2751 694 2800 Romae,
729 2754 797 2803 qui
842 2753 1006 2790 eandem
1045 2759 1168 2790 artem
1197 2752 1377 2803 noverit,
1410 2757 1449 2790 et
1476 2752 1677 2791 interdum
1706 2766 1770 2790 ex-
