1826 3126
302 153 380 222 48
594 170 1048 215 10.1AC.REISK11
1089 166 1468 215 coMMENTAnn

308 274 437 315 multo
460 274 777 327 frequentissime
801 280 841 312 et
867 274 1001 313 Latini
1029 280 1069 313 et
1103 275 1276 326 Graeci,
1311 289 1405 314 cum
1429 276 1552 330 novi,
1582 283 1670 315 tum
1688 275 1753 316 vel

307 330 561 371 vetustissimi
588 330 762 382 quique,
799 324 924 368 ὅπλον
947 337 987 368 et
1016 323 1148 380 ὅπλα,
1178 331 1272 370 item
1302 345 1444 382 arma,
1469 332 1578 385 quod
1602 331 1659 370 illi
1690 347 1752 371 re—

306 385 475 440 spondet
493 413 505 435 ,
547 399 619 437 pro
655 394 759 423 scuto
790 391 961 438 ponunt.
993 398 1037 424 v.
1072 385 1240 425 Salmas.
1271 386 1322 424 ad
1357 387 1462 425 Hist.
1491 387 1602 441 Aug.
1634 387 1688 426 Τ.
1715 388 1751 427 1.

287 439 350 496 p.
382 455 478 479 212.
502 446 542 479 et
570 440 626 478 11.
655 454 697 493 p.
725 439 819 492 354.
878 440 978 479 Inde
1000 447 1059 479 est
1095 441 1204 494 quod
1234 450 1379 480 scutum
1411 451 1581 481 tractare
1616 449 1657 481 et
1684 457 1754 482 ar-

307 510 375 535 ma
401 504 533 534 rotare
553 494 658 533 idem
688 496 754 534 sit.
813 495 935 546 Quod
959 493 1143 549 pluribus
1169 496 1355 562 exemplis
1381 497 1500 537 evicit
1523 498 1591 536 Du
1619 497 1754 563 Gange

303 565 349 591 v.
374 550 520 590 Arma.
580 549 743 590 Glossae
768 558 922 591 veteies
945 551 1133 615 Isthmi,
1159 549 1290 605 μικρὰ
1314 547 1422 591 ὅπλα
1456 552 1606 608 [scuta]
1637 549 1757 604 ἔχον-

303 621 359 647 τα
379 601 576 658 κύμβαλα
605 602 947 671 προσπεπηγότα,
977 601 1083 659 ἅπερ
1113 606 1304 658 λέγουσιν
1330 604 1369 646 οἱ
1392 605 1594 658 Ῥωμαῖοι
1623 606 1757 658 α’ρμομ

304 656 451 713 τώρια.
509 662 602 711 Quo
635 660 723 700 loco
753 669 847 700 sunt
876 638 1074 712 κύμβαλα
1109 662 1214 701 idem
1245 670 1364 717 atque
1394 659 1565 714 κόμβοι,
1605 662 1754 714 bulbi,

305 717 430 767 nodi,
475 716 670 756 umbones
699 715 764 756 vel
794 716 972 756 umbilici
995 717 1106 756 aenei
1133 718 1328 768 ferreive,
1358 717 1578 769 buoeulae,
1616 718 1757 758 mediis

304 787 329 812 e
354 771 501 826 clypeis
533 772 773 819 eminentes,
822 773 874 811 ad
900 773 1170 837 excipiendam
1204 781 1244 813 et
1272 748 1565 814 reiundendam
1602 774 1755 813 ictuum

306 827 512 867 illatorum
539 825 934 879 νί111.1(ύμβαλον
959 836 999 867 et
1023 823 1174 879 κὸμβος
1204 837 1263 869 est
1291 843 1409 869 omne
1441 828 1567 880 κῦον,
1598 837 1758 869 tumens

304 884 349 922 in
370 883 541 922 fon-nam
569 883 831 948 sphaericam.
890 884 979 937 Ipse
1010 884 1154 923 Noster
1183 900 1224 938 p.
1265 885 1355 938 176.
1376 885 1421 923 Β.
1446 885 1486 924 3.
1542 860 1587 923 τὸ
1610 879 1705 924 ds*
1677 899 1756 938 αρ-

307 953 371 990 μα
396 932 524 990 η’γουν
551 935 803 992 σκουῒάριον
831 939 945 978 dixit.
1004 939 1145 978 Hinc
1135 954 1215 979 lam
1241 939 1485 995 intelligatur
1501 940 1756 979 latiocinium

307 994 479 1033 Diodmi
506 993 630 1033 Siculi
666 995 715 1033 L.
746 995 840 1034 XV.
867 994 942 1062 44.
961 1009 1003 1048 p.
1028 994 1097 1034 56.
1125 1009 1187 1035 vs·
1211 996 1282 1036 88.
1318 1003 1548 1062 constetque
1575 994 1633 1034 illi
1667 994 1757 1036 loco

308 1049 360 1088 de
375 1049 622 1114 integlitate
629 1063 717 1089 sua.
780 1047 831 1090 Οἱ
861 1047 946 1089 ἀπὸ
978 1048 1062 1090 τῶν
1082 1048 1272 1090 ἀσπίδων
1285 1047 1480 1119 πρότερον
1500 1047 1666 1090 ὁπλῖται
1691 1064 1759 1090 κα·

307 1101 529 1155 λούμενοι,
576 1098 670 1144 τότε
701 1099 784 1144 ἀπὸ
812 1104 884 1157 τῆς
912 1105 1060 1157 πέλτης
1094 1104 1327 1146 πελτασταί
1354 1103 1758 1159 μετωνομάσθησαν.

309 1159 562 1214 Argumenta
577 1189 588 1210 ‚
624 1159 771 1214 quibus
797 1159 931 1199 locum
952 1160 1065 1199 illum
1091 1162 1298 1215 impugnat
1321 1162 1377 1201 H.
1399 1161 1652 1216 Stephanus,
1676 1175 1758 1215 spe-

311 1215 420 1255 ciosa
461 1215 623 1268 quidem
654 1223 773 1266 sunt,
822 1224 928 1255 recte
961 1224 1096 1255 tamen
1128 1231 1221 1256 eum
1262 1224 1400 1257 tuetur
1431 1216 1485 1256 01.
1514 1215 1762 1282 Wesseling.

309 1271 373 1310 Ita
407 1285 569 1336 quoque
608 1271 713 1310 idem
755 1271 957 1311 Diodolus
989 1272 1124 1310 XVII.
1167 1271 1230 1311 18.
1265 1287 1307 1325 p.
1265 1273 1433 1326 p173.
1462 1271 1533 1341 67.
1589 1267 1649 1335 ’τὸυ
1679 1272 1762 1323 μὲν

309 1321 420 1366 ἶὸιον
448 1319 576 1366 ὅπλον
615 1325 688 1366 α’νε
681 1325 793 1390 ’θηκε
815 1327 863 1392 τῇ
891 1327 972 1366 3εᾶ
1010 1327 1299 1393 [Minervae]‚
1327 1327 1411 1368 τῶν
1440 1326 1477 1366 δ’
1510 1327 1557 1368 ἐν
1589 1325 1649 1381 τῷ
1677 1325 1760 1382 νεῷ

310 1379 512 1430 κειμένων
548 1375 625 1420 ὅπλ
631 1395 687 1420 ων
714 1378 760 1421 τὸ
785 1368 1004 1434 κράτιστιον
1034 1379 1259 1434 ἀναλαβών
1291 1382 1364 1422 καί
1388 1377 1519 1438 τούτω
1549 1365 1756 1421 scativam*-

311 1432 432 1483 σθεις
452 1431 672 1489 ἐχρήσατο.
712 1436 908 1490 Clypeum
929 1438 984 1477 ibi
1001 1438 1213 1492 significali
1238 1437 1346 1478 ultro
1368 1445 1477 1491 patet
1499 1444 1539 1476 et
1559 1451 1580 1476 e
1596 1452 1638 1490 p.
1663 1436 1757 1501 175.

311 1490 383 1531 82.
441 1490 564 1545 Apud
584 1491 758 1532 eundem
774 1494 931 1532 XV.III
961 1508 1029 1548 27.
1054 1507 1112 1547 p.-
1127 1493 1223 1548 278.
1248 1509 1316 1549 79.
1347 1501 1443 1533 sunt
1468 1489 1507 1532 οἱ
1529 1486 1757 1546 ὁπλοφόροι

311 1547 501 1598 scutarii,
530 1548 651 1587 scutis
672 1555 712 1586 et
729 1548 852 1588 hastis
869 1578 881 1600 ‚
918 1563 1020 1602 quae
1042 1563 1252 1602 nunquam
1275 1549 1608 1614 separabantur,
1625 1561 1758 1586 arma-

314 1602 372 1654 ti,
412 1616 539 1668 eoque
571 1610 753 1656 respectu
780 1612 1040 1658 opponuntur
1076 1604 1131 1643 ibi
1156 1608 1243 1651 τοῖς
1264 1601 1544 1668 μηλοφόροις,
1583 1602 1656 1654 iis,
1688 1602 1760 1657 qui

248 1703 250 1707 Ι
314 1632 609 1723 σπαθοβάκλια
633 1674 703 1698 seu
740 1668 878 1699 contos
908 1660 1171 1714 praeferratos
1198 1675 1291 1699 cum
1319 1660 1446 1713 pomis
1469 1659 1510 1699 in
1535 1658 1623 1697 fine
1646 1671 1758 1711 gere-

314 1720 420 1752 rent.
475 1707 601 1753 ὅπλον
621 1708 852 1768 Ἀθηναίης
887 1716 929 1755 in
969 1716 1144 1755 ca1mine
1174 1714 1333 1755 Lucillii
1363 1717 1405 1755 in
1434 1713 1680 1767 Anthologia
1713 1726 1757 1767 p.

319 1767 411 1808 151.
443 1767 519 1808 ult.
534 1769 599 1809 ed.
625 1769 680 1809 H.
708 1771 848 1824 Steph.
872 1778 931 1810 est
951 1774 1058 1824 aegis
1077 1771 1292 1822 Palladis,
1321 1779 1361 1810 et
1379 1785 1421 1824 p.
1440 1768 1536 1812 204·

470 1817 654 1889 ’‘A9osvt
682 1825 720 1864 δ’
745 1823 998 1876 Ὀθρυάδοιο
1027 1824 1141 1890 mayn)
1162 1826 1469 1876 κεκαλυμμένον
1500 1820 1628 1864 ὅπλον

534 1875 750 1933 καρύσσει.
807 1879 977 1946 Θυρέα,
1006 1880 1117 1931 Ζεῦ,
1154 1879 1513 1931 Λακεδαᾘμονιων.

315 1935 434 1988 Ipse'
424 1949 504 1974 lam
525 1915 813 1990 A1istophanes
831 1930 939 1976 ὅπλα
944 1951 1035 2000 pro
1056 1945 1160 1975 scuto
1186 1936 1326 1999 posuit
1340 1937 1382 1975 in
1411 1935 1551 2001 Vespis
1570 1948 1633 1974 vs.
1658 1932 1758 1988 819.

316 1989 463 2030 collato
486 2005 605 2031 versu
635 1993 731 2059 590.
789 1992 871 2056 Qui
890 1991 996 2031 enim
1022 1992 1094 2045 ipsi
1124 1991 1179 2030 ibi
1211 1999 1271 2030 est
1299 1983 1397 2030 ἄνευ
1429 1984 1567 2029 ὅπλων
1594 1988 1760 2042 Cleony—

314 2059 404 2084 mus
422 2076 434 2097 ‚
465 2046 530 2086 hic
550 2054 608 2086 est
639 2061 660 2085 ο
696 2042 969 2099 οἷσπιδόβλης.
1027 2049 1148 2086 Recte
1168 2061 1328 2101 quoque
1353 2046 1590 2086 sententiam
1609 2043 1760 2087 Comici

315 2101 490 2140 reddidit
527 2101 976 2146 cl.Hemste1husius
966 2116 1007 2141 m
1035 2101 1194 2142 Avibus
1222 2117 1283 2142 vs.
1303 2102 1399 2156 590.
1455 2101 1634 2140 Pindaro
1658 2113 1760 2153 quo-

317 2170 396 2209 que
419 2151 528 2196 ὃ’πλα
558 2157 626 2197 ἄπ’
652 2151 836 2222 '‘A9yeog
862 2165 958 2197 sunt
974 2157 1132 2210 Argiva
1148 2167 1280 2208 scuta,
1318 2171 1366 2196 eo
1386 2156 1474 2196 loco
1496 2170 1616 2210 quem
1636 2154 1760 2194 Athe-

316 2226 440 2250 naeus
461 2213 495 2251 I.
519 2227 556 2251 0.
587 2228 656 2252 22.
687 2214 800 2252 initio
829 2214 950 2264 citat,
986 2212 1039 2251 ab
1058 2213 1208 2266 interpl
1209 2221 1271 2253 ete
1291 2227 1374 2251 non
1400 2219 1506 2252 recte
1535 2217 1758 2264 acceptum.

316 2266 413 2305 Pari
440 2268 560 2307 modo
589 2269 722 2308 Latini
748 2284 787 2308 se
812 2271 854 2308 in
875 2283 990 2308 arma
1011 2269 1192 2322 colligere
1221 2268 1407 2308 dicebant
1429 2282 1503 2322 Ρ10
1530 2282 1570 2307 se
1592 2267 1660 2307 sab
1681 2279 1759 2305 scu·

315 2330 396 2361 tum
422 2325 608 2378 recipere.
664 2324 881 2380 Virgilius:

537 2379 712 2419 Substitit
739 2380 893 2420 Aeneas
917 2389 956 2419 et
984 2394 1024 2419 se
1052 2380 1210 2434 collegit
1235 2382 1277 2420 in
1297 2394 1412 2420 arma

539 2435 710 2489 Poplite
725 2437 935 2476 subsi.dens

318 2487 454 2542 Medio
492 2490 611 2528 etiam
651 2506 750 2531 aevo
778 2506 892 2531 arma
930 2505 1002 2544 pro
1039 2498 1152 2531 scuto
1185 2490 1387 2531 dicebant.
1445 2489 1484 2529 A
1512 2488 1681 2528 Cutheis
1709 2486 1761 2526 de

319 2543 437 2595 gestis
469 2543 765 2597 Spoletinorum
796 2547 903 2601 apud
934 2548 1002 2586 Du
1035 2547 1167 2600 Gange
1191 2562 1234 2586 v.
1265 2547 1488 2601 Grampha.
1544 2542 1762 2583 Antecede-

318 2598 415 2637 bant
445 2613 531 2638 eum
559 2602 620 2638 sui
635 2603 869 2652 familiares
902 2603 1050 2641 armati
1073 2617 1160 2641 cum
1187 2603 1391 2641 tabulariis
1419 2610 1457 2639 et
1479 2600 1627 2654 clypeis
1648 2599 1763 2652 depi-
1820 2612 1826 2618 ³

317 2654 389 2692 ctis
410 2668 496 2692 cum
515 2658 728 2710 grampha,
774 2658 835 2713 [id
859 2665 918 2698 est
940 2657 1081 2708 clava,
1121 2672 1191 2696 seu
1220 2656 1351 2710 cestu]
1381 2657 1501 2711 ipsias
1526 2668 1664 2701 arma,
1699 2652 1762 2716 [id

317 2715 379 2747 est
406 2708 530 2763 scuto]
560 2719 598 2749 et
632 2713 781 2751 ensibus
811 2723 850 2752 et
882 2715 1028 2769 spathis
1065 2713 1194 2752 nusz.
1253 2712 1352 2751 Inde
1381 2710 1560 2750 manavit
1592 2707 1761 2748 F1anei-

316 2777 410 2805 cum
438 2765 493 2805 les
523 2780 651 2806 armes
666 2797 678 2820 ,
714 2781 788 2822 pro
811 2769 1041 2824 insignibus
1054 2767 1271 2823 gentilitiis.
1329 2767 1434 2807 Nam
1460 2778 1586 2821 quum
1608 2770 1761 2805 veteres
