1832 3126
291 151 396 208 108
594 169 666 211 ιο.
710 168 814 210 ιΑο.
853 169 1047 210 Reisxu
1089 167 1469 212 mmmmm-Anu

401 286 463 312 10.
479 271 532 310 A.
557 285 591 309 ι.
616 270 704 325 [=5‚
733 269 819 324 ¹7·]
865 270 1053 322 ἐνδυ-τῆς.
1107 270 1275 322 Endyta
1309 279 1370 311 est
1390 278 1502 327 tapes
1523 268 1639 312 altari
1662 273 1728 313 in-

272 335 461 378 rstratus3
500 328 648 365 thecam
673 342 789 381 super
817 327 944 365 altare
977 325 1152 379 appellat
1172 325 1365 380 Agnellus
1389 342 1432 381 p.
1467 326 1558 367 108.
1585 335 1626 368 et
1644 329 1729 383 ipsa

286 397 426 436 graeca
450 397 548 421 voce
569 389 724 421 retenta
747 382 965 421 Endothim
989 383 1160 434 passim,
1199 390 1246 421 ut
1275 397 1318 435 p.
1348 383 1438 422 103.
1458 381 1536 422 col.
1564 398 1617 432 1.‚
1715 386 1725 394 ’

286 438 398 477 locus
422 437 692 476 memorabilis
719 445 778 476 est
793 468 803 486 ‚
844 444 884 476 et
902 445 1079 476 meretur
1100 445 1208 477 totus
1227 437 1416 477 adscribi.
1472 439 1585 481 Fecit
1607 440 1731 478 endo-

286 495 383 532 thim
413 508 531 548 supet·
560 493 606 531 S.
636 494 817 531 ecclesiae
842 494 1030 531 altarium
1060 507 1115 532 ex
1140 507 1239 532 auro
1263 507 1367 547 puro
1395 507 1482 533 cam
1507 495 1733 534 staminibus·

286 550 418 587 sericis
451 549 716 603 ponderosam
751 549 890 596 nimis,
941 548 1112 586 mediam
1148 549 1290 587 habens
1329 563 1483 587 coccam
1497 578 1508 597 ‚
1558 557 1596 588 et
1631 551 1736 589 inter

286 606 455 659 quinque
481 605 667 656 imagines
695 618 806 642 suam
832 603 976 641 ibidem
1001 605 1212 653 cerninucs,
1253 612 1290 642 et
1303 604 1432 644 subtus
1440 603 1643 659 figuratos
1665 619 1734 660 pe-

286 660 356 698 des
390 660 622 708 salvatoris,
664 659 794 712 grafia
830 658 898 713 [id
935 666 993 698 est
1029 660 1251 714 scriptura]
1286 668 1470 698 contexta
1496 667 1553 698 est
1579 674 1735 715 purpu-

287 723 398 754 rata.-
455 715 597 754 Victor
627 707 850 768 Episcopus
877 721 955 753 etc.
1012 714 1059 752 In
1099 714 1233 753 medio
1270 713 1462 768 relinquit
1493 714 1734 754 Bacchinius

287 770 341 809 ad
361 769 477 809 illum
501 763 633 809 focum
652 800 664 821 ,
709 770 808 823 quid
835 771 885 808 sit
914 768 1046 808 media
1068 784 1197 809 coeca.
1254 769 1427 808 Videtur
1461 769 1563 808 mihi
1603 767 1734 821 μεσό-

288 838 431 872 κοκκος
458 840 570 876 esse3
616 839 718 879 quae
754 827 796 863 in
829 824 961 864 medio
988 826 1218 864 coccineum
1251 839 1438 890 pannum
1466 824 1590 863 habet
1606 853 1619 876 ‚
1657 839 1736 864 un-

288 880 500 934 decunque
528 895 692 920 auream
717 888 962 933 praetextam
981 910 993 930 .,
1028 887 1074 919 ut
1100 892 1450 933 μεσοπορφυρος,
1479 877 1733 930 μεσόλευκος

288 943 330 974 et
352 935 462 975 talia.
520 938 583 975 De
603 937 823 976 mutatione
849 936 1090 989 endytarum
1119 950 1279 986 annua,
1313 942 1385 974 aut
1406 935 1448 974 in
1476 935 1631 988 magnis
1656 935 1738 975 die-

288 990 367 1030 bus
389 991 495 1031 sestis
518 992 620 1030 facta
637 1021 648 1043 ‚
681 992 811 1030 dicam
835 991 914 1030 alio
938 991 1040 1030 loco.

401 1047 453 1086 A.
477 1046 516 1086 5.
553 1047 644 1102 [15‚
671 1047 761 1102 2o.]
791 1045 934 1098 ἀέρας.
988 1042 1092 1099 ’Λὴρ
1121 1053 1181 1085 est
1212 1045 1450 1099 corporale,
1490 1045 1557 1085 vel
1588 1045 1734 1085 sindon

290 1100 410 1153 alba,
463 1117 545 1155 qua
579 1104 728 1156 tegitur
766 1103 1005 1141 sacrificium
1035 1101 1366 1140 consecrandum.
1424 1102 1480 1141 V.
1507 1102 1575 1140 Du
1603 1102 1738 1154 Gange

292 1156 424 1196 Gloss.
452 1159 526 1197 Gr.
548 1158 591 1197 h.
620 1173 662 1199 v.
723 1158 829 1197 Hinc
862 1157 992 1196 lucem
1022 1159 1165 1210 accipit
1193 1156 1306 1196 locus
1338 1156 1456 1196 Pauli
1486 1155 1703 1197 Silentiarii
1721 1186 1733 1207 ,

290 1212 364 1252 ubi
384 1216 496 1252 varia
518 1214 729 1253 marmoris
757 1227 902 1266 genera
921 1220 1099 1252 recenset
1115 1227 1127 1252 :

406 1266 485 1308 Τὸν
512 1268 590 1318 μὲν
617 1268 721 1308 ἰδεῖν
739 1266 937 1322 &oddara
957 1267 1214 1318 μεμιγμένον
1231 1265 1326 1319 ἠέρι
1354 1266 1499 1321 λευκῷ,

398 1320 472 1363 τὸν
502 1323 542 1363 δ’
571 1318 658 1374 ἅμα
685 1322 964 1378 πορφυρέοισι
991 1321 1064 1362 καὶ
1092 1321 1370 1376 ἀργυφέοισιν
1398 1320 1548 1368 α’ώτοις

401 1375 537 1432 ἁβρὸν
565 1376 928 1430 α’παστράπτοντα.

300 1434 430 1475 Unum
457 1449 587 1487 genus,
618 1435 725 1489 quod
750 1435 934 1489 adspectu
964 1447 1115 1472 roseum
1141 1432 1262 1484 refert
1279 1432 1461 1482 colorem,
1489 1433 1637 1487 sparsis
1649 1445 1741 1486 pas-

297 1493 371 1530 sim
398 1491 488 1529 latis
517 1491 680 1529 maculis
710 1491 833 1539 albis,
875 1489 1063 1528 similibus
1090 1488 1156 1527 illi
1174 1487 1354 1535 sindoni,
1387 1501 1487 1543 quae
1515 1489 1589 1526 αέι·
1603 1489 1739 1542 appel-

293 1548 424 1586 latur.-
463 1546 628 1584 alterum
659 1555 788 1584 autem
817 1560 935 1598 genus
960 1544 1134 1596 flosculis
1157 1544 1370 1598 purpureis
1396 1551 1435 1582 ec
1457 1542 1644 1582 candidis
1670 1542 1741 1580 de-

294 1603 456 1641 licatum
483 1601 582 1656 quid
605 1601 868 1667 resplendens.
925 1590 1221 1639 Commemorat
1248 1605 1430 1637 nostrum
1466 1597 1742 1638 Ceremoniale

292 1653 392 1703 τούς
419 1652 592 1702 λευκούς
620 1649 758 1709 ἆερας.
813 1656 945 1694 Erant
970 1656 1078 1693 enim
1115 1655 1274 1708 plures,
1315 1660 1356 1693 et
1378 1653 1542 1707 quidem
1571 1667 1743 1692 numero

293 1719 376 1751 tres
392 1711 595 1761 sindones,
623 1726 727 1765 quac
745 1712 936 1751 sacrificio
959 1711 1300 1759 insternebantur‚
1328 1723 1584 1762 quasomnes
1598 1709 1741 1748 Noster

294 1766 426 1819 ἀέρας
453 1766 650 1820 appellat:
693 1774 750 1806 est
782 1768 889 1806 enim
914 1780 1060 1805 nomen
1092 1762 1175 1818 ἀὴρ
1206 1778 1419 1804 commune
1446 1764 1556 1803 omni
1580 1763 1742 1802 sindoni

297 1823 409 1862 tenui
442 1829 482 1861 et
514 1823 745 1876 perspicuae
761 1854 772 1870 ,
819 1821 956 1876 quales
981 1822 1123 1861 Latini
1163 1820 1322 1859 nebulas
1361 1817 1591 1872 appellant,
1633 1819 1744 1858 unde

298 1879 440 1917 Graeci
463 1879 686 1931 promiscue
719 1877 897 1932 νεφέλας
924 1884 964 1916 et
1005 1875 1134 1927 α’έρας
1160 1875 1346 1914 dixerunt
1363 1903 1375 1925 ‚
1415 1872 1612 1913 vocabula
1643 1873 1752 1912 haec'

295 1948 369 1987 pro
401 1933 760 1987 aequipollentibus
790 1933 998 1972 habentes.
1057 1932 1106 1970 111
1129 1932 1260 1983 specie
1291 1937 1427 1968 tamen
1458 1928 1559 1968 solet
1589 1925 1672 1981 ἆὴρ
1702 1936 1744 1968 et

296 1988 448 2041 νεφέλη
477 1989 622 2027 sindon
653 1989 797 2028 extima
832 1988 911 2028 dici
928 2017 940 2038 ,
978 1990 1081 2041 quae
1119 1985 1294 2038 calyccm
1323 1992 1363 2023 et
1392 1984 1547 2023 discum
1575 1990 1615 2023 et
1645 1998 1742 2037 pro-

297 2046 430 2096 prium
462 2058 603 2084 eorum
640 2046 785 2097 cuique
824 2051 983 2096 tegmen
1022 2040 1269 2080 involvebat.
1330 2041 1446 2091 Quae
1485 2040 1536 2079 de
1574 2041 1742 2092 mystica

297 2099 444 2138 horum
492 2099 794 2139 involucrorum
839 2097 1124 2152 significatione
1165 2097 1524 2135 comminiscuntur
1570 2095 1743 2144 Graeci,

298 2155 406 2207 piget
441 2155 728 2194 transscribere
742 2185 752 2205 ‚
794 2161 1039 2208 possuntque
1065 2151 1174 2204 apud
1205 2152 1272 2190 Du
1301 2151 1435 2204 Gange
1457 2165 1500 2191 v.
1539 2144 1746 2190 Δισκοκά-

299 2211 446 2259 λυμμα
474 2209 565 2262 legi.
623 2212 714 2249 Mos
746 2210 839 2259 ille,
874 2223 954 2262 quo
985 2209 1207 2259 Imperator
1236 2207 1278 2246 in
1304 2206 1458 2246 solenni
1490 2205 1744 2258 processione

299 2265 341 2303 in
369 2264 574 2304 ecclesiam
608 2267 774 2305 veniens
810 2266 915 2303 dona
954 2263 1126 2302 debebat
1159 2261 1328 2309 offerre,
1371 2261 1554 2300 manavit
1593 2273 1641 2298 ex
1675 2259 1766 2299 illo.

299 2321 446 2358 veteris
482 2320 668 2359 ecclesiae
699 2322 882 2359 instituto
898 2350 909 2370 ‚
956 2333 1038 2372 quo
1072 2317 1254 2357 solebant
1286 2316 1424 2356 fideles
1459 2317 1505 2356 in
1538 2314 1744 2355 ecclesiam

300 2375 506 2413 venientes
534 2375 794 2414 celebrandae
823 2375 1113 2414 communionis
1141 2374 1270 2427 gratia
1301 2371 1503 2426 symbolas
1525 2370 1577 2408 ad
1606 2371 1745 2409 convi-

301 2429 414 2466 vium
449 2431 623 2470 caritatis
665 2430 950 2470 celebrandum
992 2428 1135 2468 afferre
1172 2435 1211 2466 et
1245 2429 1289 2466 in
1324 2426 1529 2466 communi
1566 2439 1716 2478 ponere
1730 2455 1742 2472 ,

302 2483 437 2536 qualia
476 2486 661 2524 convivia
701 2485 890 2527 collatitia
926 2492 1080 2524 veteres
1124 2483 1267 2536 pagani
1306 2495 1467 2536 quoque
1503 2482 1547 2520 'm
1586 2479 1747 2533 templis

112 2542 178 2578 Ed.
194 2542 233 2577 L.
247 2541 291 2578 35
304 2539 488 2592 agebant.
548 2541 594 2578 In
622 2541 768 2579 harum
801 2539 1072 2594 symbolarum
1096 2539 1230 2578 locum
1249 2539 1436 2578 successit
1458 2536 1644 2588 deinceps
1658 2565 1670 2586 ‚
1699 2542 1746 2574 ut

304 2595 527 2646 Imperator
559 2595 637 2633 alia
664 2597 770 2635 dona
801 2596 988 2635 ecclesiae
1015 2594 1156 2644 utilia,
1190 2602 1235 2632 ut
1269 2607 1402 2632 cereos
1421 2621 1434 2642 ,
1474 2605 1645 2640 numos,
1674 2603 1747 2628 en*

304 2649 443 2701 dytas‚
475 2650 697 2702 corporalia
716 2681 727 2701 ‚
768 2651 897 2691 discos
924 2664 1092 2700 aureos,
1129 2649 1272 2703 pocula
1299 2662 1420 2688 aurea
1451 2646 1612 2686 offerret
1637 2652 1676 2683 et
1706 2645 1748 2684 in

305 2704 420 2743 altari
443 2704 660 2757 deponeret
689 2714 780 2744 ante
800 2706 1140 2746 consecrationem
1163 2718 1368 2743 sacrorum
1387 2703 1603 2748 donorum
1650 2700 1752 2740 Pro-

304 2767 440 2813 pterea
458 2774 666 2800 concessus
684 2762 758 2813 ipsi
777 2763 977 2814 ingressus
997 2762 1039 2802 in
1060 2760 1264 2801 tribunam
1283 2790 1295 2807 ‚
1327 2758 1396 2799 sed
1414 2771 1495 2798 non
1512 2756 1751 2813 permissum
