1884 3132
312 149 422 221 724
596 165 669 208 10.
712 167 817 209 1AC.
861 169 1057 210 REISKII
1099 168 1478 212 COMMENTARH
1518 176 1521 178 ’

305 269 599 323 Eucliologium
638 272 761 311 Goari
800 273 899 311 ritus
943 271 1032 311 illos
1069 272 1296 313 describens
1335 289 1376 328 p.
1399 272 1492 326 706.
1534 274 1638 314 inter
1673 275 1751 315 alia

305 327 384 364 ait:
416 333 507 378 post
537 326 662 365 dictas
704 342 727 366 a
762 327 964 367 sacerdote
1000 342 1135 381 preces
1190 326 1211 367 ὃ
1243 326 1333 375 υἱὸς
1378 327 1611 383 [adoptivus
1647 330 1752 369 scili-

306 379 388 434 cet]
435 380 575 419 πίπτει
614 382 672 427 εἰς
719 379 815 428 τοὺς
856 380 988 428 πόδας
1035 383 1112 422 τοῦ
1139 379 1292 435 πατρὸς
1321 385 1395 422 καί
1419 388 1547 422 πατεῖ
1568 380 1700 424 αΰτόν
1727 382 1749 424 ὃ

306 431 446 487 πατὴρ
488 435 546 482 εἰς
577 432 648 475 τὸν
680 432 885 489 τράχηλον
911 437 1051 489 λέγων·
1111 436 1293 490 σήμερον
1340 434 1431 485 υἱός
1467 451 1550 490 μου
1599 434 1639 478 εἰ
1677 452 1747 478 συ.

307 486 387 541 ἐγώ
418 486 600 542 σήμερον
646 489 864 543 γεγέννηκά
894 505 954 530 σε.
1009 493 1082 532 καί
1121 487 1268 546 ἀνιστςῖ
1295 489 1452 543 αὐτὸν,
1492 487 1578 532 εἶτα
1617 489 1752 532 εἰσποί-

310 544 451 593 ζονται
481 539 701 598 ἀλλήλους.
761 547 903 586 Libros
931 562 1089 601 quoque
1118 549 1208 601 igni¹
1229 549 1440 587 damnatos
1467 548 1625 602 publice
1655 562 1754 587 con-

310 599 539 638 culcabant.
619 601 856 640 Anastasius
899 603 939 640 in
979 603 1158 641 Adriano
1189 603 1242 641 11.
1293 618 1336 656 p.
1372 616 1494 655 227.:
1533 604 1755 658 spatharius

309 656 415 693 calce
441 669 509 695 suo
537 670 698 711 enseque
733 658 874 695 librum
909 659 1127 712 percutiens
1160 659 1416 697 nihilominus
1470 659 1550 697 ait.-
1604 659 1720 697 credo
1738 688 1751 707 ‚

306 712 354 748 'in
390 712 463 750 hoc
491 711 673 764 opusculo
703 712 898 750 Diabolus
936 714 1099 752 hah-icat.
1136 737 1190 743 —-
1221 713 1293 752 Ad
1323 721 1537 751 extremum
1557 727 1658 768 prae
1671 714 1754 765 fi)-

311 766 415 804 ribus
453 766 644 819 graduum
687 767 855 819 uqfimdi
887 767 1082 820 dogmatis
1127 768 1269 806 librum
1321 777 1545 806 cunctorum
1586 768 1754 822 pedibas

310 822 574 859 conculcatum
596 824 777 869 excussit,
812 837 924 877 quem
953 824 1139 862 nimirum
1164 837 1296 876 rogim,
1325 831 1365 862 ut
1374 824 1599 876 fomentum
1627 822 1754 877 quod-

312 876 407 914 dam
441 877 565 929 ignis,
601 879 761 915 exussit.
832 877 946 915 Facit
985 885 1265 931 argumentum
1300 878 1402 929 hoc,
1449 884 1496 916 ut
1522 875 1758 917 insolentiae

312 931 450 984 plenos
479 932 675 984 quosdam
704 931 978 984 triumphandi
1017 933 1156 972 modos
1194 935 1414 986 attingam,
1444 931 1609 972 saeculis
1635 946 1658 971 a
1685 932 1755 971 lit-

312 994 491 1025 terarum
521 986 676 1024 cultura
705 994 744 1026 et
772 986 1021 1025 humanitate
1045 989 1152 1026 omui
1181 989 1343 1027 remotis
1375 987 1541 1040 dignos,
1571 987 1757 1040 aquibus

314 1054 387 1079 nos
416 1040 720 1080 humanioribus
766 1042 918 1080 artibus
941 1042 1084 1081 eruditi
1115 1043 1257 1081 merito
1287 1043 1562 1081 abhorremus.
1618 1042 1754 1080 Perti-

313 1103 383 1134 net
415 1094 494 1134 huc
523 1110 608 1134 mos
635 1097 897 1135 calceamenta
935 1094 1154 1149 deferendi.
1231 1098 1356 1136 Olaus
1396 1097 1486 1146 M.,
1527 1095 1670 1149 legitur
1710 1098 1753 1135 in

314 1150 515 1189 Chronico
544 1151 697 1204 Regum
727 1153 915 1190 Manniae
964 1152 1089 1205 (apud
1116 1153 1180 1191 Du
1210 1152 1404 1206 Cangium
1433 1166 1475 1191 v.
1504 1152 1756 1190 Calceamen-

312 1205 391 1260 ια),
424 1221 500 1244 rea:
515 1205 761 1258 Norvagiae‚
784 1207 1037 1257 filarecardo,
1062 1209 1148 1261 regi
1173 1208 1403 1255 Hiberniae,
1434 1208 1580 1246 misisse
1602 1207 1755 1245 calcea-

316 1270 445 1299 menta
475 1275 548 1299 sua
570 1289 581 1310 ‚
618 1262 864 1316 praecipiens
891 1263 930 1300 ei
952 1291 963 1311 ‚
994 1271 1037 1300 ut
1060 1276 1108 1300 ea
1144 1277 1259 1316 super
1285 1264 1460 1300 humeros
1495 1276 1580 1300 suos
1616 1261 1658 1299 in
1688 1261 1755 1299 die

315 1317 461 1354 natalis
483 1316 636 1354 domini
658 1329 736 1370 per
768 1316 942 1355 medium
990 1317 1127 1355 domus
1160 1332 1250 1356 suae
1273 1325 1452 1371 portaret
1478 1318 1520 1355 in
1554 1324 1753 1370 conspectu

315 1372 538 1409 nzmciormn
569 1384 724 1409 suorum
741 1400 754 1422 ‚
784 1379 826 1410 ut
857 1371 948 1410 inde
975 1373 1232 1424 intelliget-ent
1260 1387 1300 1410 se
1331 1373 1537 1410 subiectum
1569 1385 1647 1409 esse
1667 1384 1754 1409 ma-

314 1440 392 1478 gno
423 1427 520 1478 regi.
577 1425 678 1464 Erat
706 1425 782 1464 hoc
811 1440 936 1479 genus
963 1426 1122 1481 aliquod
1152 1427 1426 1480 praestationis
1453 1426 1643 1479 homagii.
1673 1425 1756 1476 Qui

317 1495 504 1534 praesens
533 1483 751 1533 praesentis
795 1481 984 1520 calcasset
1024 1483 1215 1529 cervices,
1257 1482 1312 1520 illi
1342 1482 1482 1521 absens
1509 1495 1580 1534 per
1607 1480 1758 1533 legatos

317 1551 410 1574 suos
440 1537 562 1574 mittit
606 1536 756 1575 calceos
778 1566 789 1587 ‚
838 1536 1026 1590 iubetque
1054 1551 1121 1575 eos
1147 1539 1187 1575 in
1216 1538 1369 1576 cervice
1396 1543 1574 1590 gestare,
1606 1535 1657 1573 ad
1685 1534 1756 1574 de-

316 1592 618 1630 monstrandum
636 1622 647 1641 ‚
678 1606 719 1630 se
746 1598 979 1644 potestatem
1009 1591 1155 1631 habere
1183 1593 1354 1631 cervices
1391 1595 1474 1630 eius
1505 1590 1616 1630 velut
1641 1603 1758 1628 man-

318 1647 410 1699 cipii
457 1654 528 1684 aut
566 1653 672 1685 certe
710 1646 851 1686 vasalli
891 1647 1086 1686 calcandi.
1145 1647 1167 1670 *
1180 1647 1306 1701 [Ense
1353 1645 1495 1685 leviter
1530 1645 1702 1684 contacti
1731 1658 1757 1685 a

318 1702 611 1740 Saracenorum
640 1702 740 1740 duce
765 1709 953 1741 tesseram
979 1702 1116 1741 saiutis
1145 1702 1360 1740 habebant.
1396 1701 1483 1739 Ser.
1512 1707 1602 1754 post
1620 1699 1756 1738 Theo-

319 1756 445 1809 phan.
477 1771 517 1809 p.
536 1756 651 1809 359]
669 1756 689 1779 *
746 1757 875 1795 Locus
903 1756 969 1796 hic
998 1765 1082 1796 est:
1111 1757 1193 1796 τῶν
1221 1753 1362 1795 νώτων
1389 1753 1506 1808 ἡμῶν
1534 1751 1757 1806 λαβόμενοι

319 1816 487 1864 πρηνεῖς
515 1815 597 1857 τοῖς
623 1810 744 1850 ποσίν
783 1810 914 1850 αὐτοῦ
959 1809 1109 1866 ἐδάφει
1138 1806 1435 1863 προσέςῖῥηξαν.
1491 1804 1512 1847 ὅ
1548 1809 1593 1849 δὲ
1619 1804 1664 1848 τὸ
1694 1807 1756 1857 ξί-

321 1879 399 1919 φος
418 1895 428 1913 ,
463 1859 563 1917 ὅπερ
594 1862 718 1917 ἔτυχε
758 1871 849 1912 ταῖς
885 1865 1010 1918 χερσὶ
1045 1866 1251 1917 κατέχων,
1281 1861 1432 1918 ἑτέρως
1459 1857 1484 1917 ἢ
1512 1861 1568 1918 ὥς
1594 1860 1756 1917 πέφυκε

318 1918 485 1970 τέμνειν
525 1918 904 1974 ἅνθυποστρέψας,
947 1917 1124 1968 ἐπάταξε
1169 1926 1258 1967 ταῖς
1282 1915 1430 1972 κάραις
1468 1918 1635 1972 ἐφάπαξ
1659 1916 1758 1956 καθ’

319 1972 392 2014 ἕνα
419 1973 548 2026 ἡμῶν.
620 1970 710 2015 εἶτα
753 1974 1004 2015 ἀνίστασθαι
1030 1975 1102 2014 καί
1129 1969 1307 2028 θαζῖῥεῖν
1333 1974 1538 2014 ἐκέλευσε.
1596 1971 1757 2026 Signifi-

319 2030 436 2068 cabat
465 2044 510 2069 ea
538 2031 693 2069 actione
719 2031 959 2081 Saraeenus,
989 2045 1031 2070 se
1068 2031 1108 2069 in
1136 2033 1260 2068 vitam
1288 2037 1495 2082 captorum
1521 2033 1758 2081 potestatem

321 2084 499 2134 habere,
546 2094 585 2125 et
624 2099 736 2139 posse
774 2085 905 2138 gladio
934 2088 975 2125 in
1015 2100 1081 2124 eos
1107 2086 1283 2131 saevire,
1315 2086 1347 2123 si
1375 2084 1486 2122 velit.
1543 2083 1666 2121 Forte
1691 2089 1756 2120 ta·-

322 2154 414 2179 men
455 2142 574 2180 traxit
610 2140 686 2179 hoc
720 2155 744 2179 a
780 2155 891 2179 more
931 2140 1113 2180 Arabum
1153 2142 1344 2192 antiquo,
1388 2140 1458 2192 qui
1500 2139 1623 2191 captis
1660 2150 1684 2175 a
1711 2150 1755 2175 se

321 2195 362 2233 in
422 2194 568 2246 raelio,
618 2210 717 2248 quos
760 2196 922 2248 quidem
950 2197 990 2234 in
1034 2195 1257 2234 libertatem
1299 2194 1568 2240 dimitterent,
1630 2191 1759 2230 antias

322 2209 454 2302 glaSio
495 2250 795 2300 abscindebant,
833 2265 931 2303 quas
969 2252 1011 2289 in
1048 2251 1237 2304 pristinae
1276 2249 1466 2288 victoriae
1505 2254 1544 2286 et
1588 2245 1754 2285 dominii

320 2313 627 2343 monumentum
664 2311 707 2342 in
744 2305 931 2357 pharetra
970 2320 1041 2345 sua
1068 2306 1246 2344 conditas
1277 2304 1386 2343 domi
1423 2301 1647 2341 servabant.
1691 2299 1754 2338 De

323 2373 405 2411 quo
447 2373 557 2398 more
597 2360 700 2398 forte
743 2358 840 2399 alias
883 2361 1053 2400 dicetur.
1125 2359 1339 2412 Triumphi
1381 2371 1504 2411 genus
1549 2355 1626 2394 hoc
1660 2352 1757 2392 har-

322 2414 466 2452 barum
503 2414 680 2468 quidem,
723 2415 921 2468 dignitatis
949 2422 1083 2454 tamen
1130 2422 1168 2453 et
1212 2415 1426 2452 maiestatis
1454 2411 1632 2464 plenum.
1682 2407 1757 2447 Pe-

323 2468 533 2508 tulantiam
572 2477 710 2508 contra
749 2477 788 2507 et
823 2471 1081 2509 rusticitatem
1115 2469 1311 2523 prodebat
1349 2467 1415 2506 ille
1448 2479 1532 2504 mos
1554 2462 1756 2526 ‘Italorum

324 2523 456 2562 medio
485 2538 598 2574 aevo,
626 2525 667 2563 in
694 2525 814 2562 asinis
842 2532 879 2563 et
909 2527 1036 2578 porcis
1064 2532 1102 2563 et
1128 2526 1254 2563 tauris
1282 2520 1496 2561 insultandi
1525 2519 1639 2558 victis
1666 2532 1689 2556 a
1713 2531 1755 2557 se

325 2579 523 2628 gentibus.
581 2579 774 2618 Referunt
805 2579 1015 2619 Dandulus
1041 2587 1080 2618 et
1108 2580 1289 2618 Marinus
1324 2577 1496 2615 Sanutus
1525 2572 1632 2625 apud
1660 2573 1755 2611 Mu-

323 2638 447 2669 rator.
480 2635 529 2672 T.
554 2635 606 2673 II.
638 2634 809 2686 Antiqu.
826 2634 951 2675 Italic.
979 2649 1020 2687 p.
1035 2634 1150 2687 839„
1187 2633 1328 2671 ducem
1356 2629 1614 2667 venetiarum
1643 2633 1756 2680 quot-

323 2687 437 2724 annis
480 2688 545 2726 die
583 2690 688 2728 Iovis
715 2688 835 2727 viridi
862 2689 968 2727 dicto
996 2689 1059 2727 vel
1087 2694 1224 2727 sancto
1251 2684 1500 2725 consuevisse
1527 2681 1687 2734 publico
1712 2682 1755 2720 in

325 2741 550 2791 spectaculo
579 2745 649 2782 uni
677 2750 793 2782 tauro
840 2750 879 2783 et
905 2742 1117 2782 duodecim
1154 2741 1286 2795 porcis
1319 2745 1437 2792 caput
1470 2744 1676 2791 amputare
1713 2737 1756 2774 in
