1884 3132
222 152 297 197 An
338 151 634 197 CONSTANT.
674 153 870 196 roam.
910 154 982 194 DE
1020 132 1570 211 cmm.1.113.1.37*5

146 259 342 311 Georgius
360 257 592 311 Acropolita
621 257 662 296 in
682 256 880 296 Chronico
906 271 943 297 c.
975 257 1041 297 52.
1077 258 1126 297 de
1154 259 1426 311 Marquesina,
1453 261 1572 300 Ioan-

143 314 379 352 nisvatazae
392 313 630 352 concubina.
648 325 707 358 εις
724 312 916 351 τοσοῦτον
929 313 1000 364 τῆς
1018 308 1070 365 a'y
1072 310 1175 365 άπης
1189 314 1345 366 αὐτῆς
1332 314 1572 366 ἐξεκρέματο

144 363 204 413 ως
230 381 299 406 και
338 367 486 406 πέδιλα
514 362 795 406 υποδεδέσθαι
837 365 983 405 δοῦναι
1008 369 1137 421 ταύτῃ
1166 370 1404 434 xoxxop'wpt}
1432 370 1504 408 καί
1531 368 1572 410 ε’-

143 420 374 489 φεστρίδας
401 420 599 468 τοιαύτας
627 417 700 459 καί
721 419 903 471 χαλινὰ,
932 420 1108 460 ἕπεσθαι
1137 421 1183 461 δὲ
1212 421 1321 475 αὐτῇ
1350 422 1516 470 πλείους
1545 419 1573 477 ἢ

143 474 193 529 τῇ
218 474 373 527 κυρίως
400 474 605 530 δεσποίνῃ,
659 475 868 528 Sceptrum
885 475 1085 528 Augustas
1110 491 1227 515 suum
1253 478 1327 516 sibi
1347 481 1572 531 proprium,

144 543 170 567 a
196 537 351 583 sceptro
382 530 553 584 Augusti
588 531 804 579 diversum,
839 537 1008 583 gestasse
1034 538 1143 584 patet
1169 546 1191 570 e
1219 532 1363 572 Codini
1394 533 1497 572 libro
1524 535 1574 574 de

146 583 286 624 officiis
297 584 428 624 Aulae
456 585 641 638 Byzant„
668 592 714 624 ut
743 599 780 624 c.
811 585 947 623 XVII.
960 599 1000 625 ιι.
1029 585 1095 637 24.
1152 586 1365 626 Habebant
1397 589 1573 640 peculia-

144 653 231 678 rem
257 639 332 678 sibi
368 639 519 678 clerum
559 647 599 679 et
633 641 851 691 musicam,
879 654 998 692 quam
1037 639 1264 706 appellant,
1269 642 1499 704 capellam.
1523 645 1572 684 V.

143 693 213 732 Du
241 693 374 747 Gange
401 693 531 733 Gloss.
561 694 634 733 Gr.
663 710 703 749 p.
739 695 828 734 522.
858 709 898 733 ν.
932 694 1185 744 Δομέστικος
1213 695 1288 734 τοῦ
1313 697 1574 737 δεσποινικοῦ

142 745 312 800 κλήρου.
365 749 557 812 Magistro
584 764 787 789 sacrorum
816 748 1038 788 officiorum
1065 752 1190 802 partis
1216 750 1387 803 Augusti
1417 752 1573 792 licuisse

269 816 292 842 e
315 804 449 853 venia,
477 805 638 856 quando
667 804 786 844 vellet
815 804 867 842 ad
883 805 1179 857 Imperatricem
1212 806 1412 855 accedene,
1442 807 1574 846 saltim

142 857 363 896 saeculov.
353 886 384 908 .,
411 865 521 910 patet
552 873 596 897 ex
615 859 760 898 Malala
789 859 994 922 T.11.p
1030 859 1109 908 56.,
1141 860 1210 898 ubi
1239 860 1289 898 dc
1308 861 1492 900 Paullino
1518 864 1574 902 sic

142 913 229 952 ait:
277 907 386 963 ἔχων
431 911 478 952 δὲ
506 912 745 979 παρ’ὁησιάν
762 909 876 976 πρὸς
903 910 976 953 τὸν
1013 914 1189 964 βασιλέα
1231 911 1481 963 Θεοδόσιον,
1513 915 1571 964 ὥς

141 961 449 1033 παράνυμφος,
480 981 550 1006 και
579 965 682 1020 πρὸς
722 964 804 1034 τήν
828 963 1078 1032 Αυγουσταν
1104 967 1312 1008 Ευ’δοκιἀν
1340 966 1467 1024 εισήει
1497 986 1575 1011 συ-

140 1021 254 1072 χνοῖς
282 1035 305 1060 ο
336 1018 465 1067 αὕτὸς
491 1022 733 1074 Παυλῖνος,
772 1020 829 1069 ὥς
855 1019 1095 1074 μάγιστρος.
1148 1024 1231 1063 Nisi
1256 999 1433 1065 dicamus
1452 1026 1575 1066 Paul-

143 1074 272 1115 linum
311 1076 543 1128 magistrum
587 1091 668 1117 non
709 1079 831 1142 partis
867 1078 1063 1141 Augusti,
1109 1079 1178 1117 sed
1206 1079 1411 1132 Augustae
1440 1081 1573 1120 fuisse.

142 1130 245 1169 Nam
270 1130 448 1184 profecto
478 1145 605 1185 neque
620 1135 810 1186 magistro
836 1135 999 1186 proprio
1027 1133 1187 1173 carebat
1213 1148 1350 1173 eorum
1382 1135 1485 1176 aula.
1512 1137 1575 1175 De

142 1185 270 1224 titulis
312 1185 586 1251 Augustarum
632 1195 671 1227 et
709 1188 904 1238 filiarum,
942 1187 1169 1239 δέσποινα,
1211 1187 1575 1248 περιφαιεστάτη,

142 1238 447 1292 ἐπιφανεστατη
464 1271 475 1290 ,
503 1240 614 1290 aliis,
647 1250 687 1282 et
712 1243 1022 1293 mutationibus,
1052 1257 1150 1296 quas
1176 1250 1402 1307 temporum
1432 1242 1575 1284 decur-

141 1308 208 1334 sus
234 1296 277 1332 in
308 1309 374 1334 eos
402 1296 573 1346 invexit,
601 1297 695 1336 nolo
722 1297 850 1338 multa
876 1312 1121 1352 congereie,
1154 1313 1205 1338 ne
1233 1300 1382 1339 nimius
1414 1301 1456 1339 in
1491 1315 1573 1339 uno

141 1349 234 1388 sim.
290 1349 558 1390 Procedamus
585 1366 692 1405 ergo.

225 1417 319 1456 227.
341 1405 387 1442 Β.
412 1405 453 1443 5.
482 1404 598 1459 [589,
627 1405 703 1460 19.]
732 1404 1012 1459 ὖπολήμψεως
1046 1407 1243 1471 χρηστῆς.
1297 1408 1422 1447 Novis
1449 1409 1574 1448 Grae-

145 1458 203 1496 cis
233 1464 292 1496 est
319 1456 527 1510 ὑπόληψις
561 1460 602 1498 id
641 1462 748 1514 quod
776 1462 891 1500 nobis
918 1464 1133 1515 reputatiffi
1175 1464 1437 1512 existimatio,
1466 1463 1573 1502 bona

145 1511 210 1551 vel
237 1511 342 1550 mala
369 1512 577 1551 hominum
605 1514 654 1553 de
675 1515 808 1568 aliquo
836 1517 986 1568 opinio.
1043 1516 1211 1555 Basilius
1227 1518 1376 1556 Pati-ic.
1404 1517 1572 1555 inNau-

146 1567 335 1606 machinis
349 1568 482 1630 apud
510 1569 671 1608 Fabric.
716 1569 820 1609 Bibl.
860 1571 931 1609 Gr.
969 1570 1063 1608 Vol.
1090 1572 1207 1609 VIII.
1249 1586 1338 1633 pag.
1373 1572 1488 1610 138.:
1534 1567 1575 1610 οἷ

145 1614 266 1661 αλλοι
299 1618 465 1670 πάντες,
506 1617 598 1661 ὅσοι
634 1620 791 1687 μεγάλα
835 1621 1145 1675 κατωρθωσαν,
1173 1621 1245 1664 τὸν
1273 1637 1415 1664 ανετον
1439 1621 1574 1671 εὐθυς

145 1672 362 1728 αἱροῦνται
389 1675 482 1726 βίον
509 1691 576 1715 και
612 1671 871 1729 εὖδιάχυτον,
899 1678 971 1717 καί
997 1676 1205 1742 δευτέροις
1231 1673 1479 1743 dnvaoficuv
1506 1678 1575 1730 ἑγ-

143 1734 303 1793 γειρεῖν
331 1729 684 1796 κατορθώμασιν,
725 1731 793 1772 ἵνα
829 1729 889 1784 μή
929 1731 1124 1778 πολλάκις
1150 1737 1236 1780 τοῖς
1279 1728 1451 1783 ὕστερον
1475 1732 1575 1772 α’τυ-

141 1796 347 1848 γησαντες
387 1799 455 1823 και
487 1782 563 1838 τήν
590 1801 672 1827 των
698 1786 910 1850 προτέρων
938 1781 1148 1838 υπόληψιν
1176 1786 1467 1839 αμαυροτὲραν
1492 1801 1575 1825 πα-

146 1835 350 1890 ράσχωοκι
377 1839 501 1892 Saepe
530 1855 622 1879 cum
643 1837 806 1894 χρηστή
837 1843 1105 1904 componitur,
1130 1849 1177 1880 ut
1201 1842 1296 1892 hic,
1326 1855 1440 1893 saepe
1472 1855 1573 1894 quo-

147 1907 226 1945 que
253 1894 309 1931 sic
337 1894 444 1932 nude
471 1897 661 1958 ponitur,
701 1911 774 1949 pro
807 1896 912 1935 bona
951 1898 1159 1948 opinione,
1192 1903 1230 1934 et
1257 1903 1302 1934 ut
1329 1895 1435 1948 apud
1463 1896 1573 1933 Lati-

146 1961 220 1986 nos
246 1957 425 2012 optnatus
470 1951 603 1988 virum
645 1951 776 1989 bonae
800 1952 1096 1989 existimationls
1125 1951 1251 2002 Signis
1242 1957 1344 1998 cat
1376 1951 1430 1987 ita
1458 1962 1572 1987 vnet-

145 2001 353 2053 λημμένος
403 2004 511 2055 apud
553 2005 740 2044 Graecos.
813 2006 919 2044 Hinc
955 2005 1211 2056 corrigendus
1239 2003 1501 2056 Theophanes
1527 2018 1569 2055 p.

146 2069 241 2109 227.
266 2056 312 2094 Β.
349 2069 410 2095 11.
451 2066 491 2096 et
533 2060 653 2098 scrib.
680 2057 979 2111 ὑπειλημμένος
1021 2073 1094 2111 pro
1125 2058 1429 2110 ἐπειλημμένος.
1461 2058 1571 2109 (Vid.

145 2109 312 2148 Salmas.
336 2111 409 2149 ad
440 2112 580 2166 Script.
610 2114 715 2152 Hist.
760 2114 864 2166 Aug.
901 2115 950 2152 T.
981 2114 1035 2151 ΙΙ.
1064 2127 1103 2165 p.
1132 2112 1242 2161 265.)
1298 2113 1407 2150 Idem
1436 2119 1574 2150 auctor

142 2178 184 2216 p.
218 2165 313 2203 255.
356 2164 407 2204 A.
435 2179 503 2219 9..
533 2165 813 2220 εὕυπόληπτος
838 2167 970 2210 habet.
998 2168 1103 2206 Hinc
1132 2167 1325 2220 intelligas
1353 2166 1451 2204 illud
1468 2166 1573 2219 Lupi

83 2263 88 2269 φ
144 2219 408 2257 Ferrariensis
452 2222 562 2272 epist.
607 2235 673 2260 22.
727 2231 895 2261 vestram
939 2223 1245 2275 opznatissimam
1301 2221 1572 2259 liberalztatem

139 2273 312 2325 flagito,
353 2273 396 2311 id
423 2282 482 2313 est
509 2275 805 2315 celeberrimam
842 2284 880 2315 et
908 2276 1173 2328 amplissimae
1201 2276 1505 2341 exspectationis
1522 2275 1572 2314 li-

147 2327 418 2379 humilitatem,
447 2328 498 2367 de
525 2344 604 2382 qua
634 2345 788 2369 summa
815 2345 994 2383 quaeque
1021 2337 1249 2383 sperantur,
1283 2324 1577 2391 υπολαμβάνενη

147 2396 231 2421 ται.
299 2382 407 2421 Infra
446 2385 552 2436 apud
580 2384 767 2423 Nostrum
803 2400 843 2438 p.
871 2385 965 2424 255.
997 2385 1049 2423 Α.
1077 2399 1117 2447 9.
1148 2384 1339 2422 habemus
1367 2379 1571 2434 ειῖυπολή-

145 2449 297 2486 πτους,
337 2436 540 2489 homines,
569 2439 619 2477 de
663 2439 807 2491 quibus
834 2439 939 2477 bona
978 2439 1112 2477 omnia
1139 2445 1345 2490 sperantur
1371 2444 1411 2475 et
1438 2438 1570 2476 existi-

149 2499 324 2529 mantur.
387 2493 519 2532 Latini
567 2495 766 2545 sequiores
793 2492 890 2531 tales
917 2494 1105 2539 creditos,
1144 2493 1369 2530 credztarios
1396 2491 1570 2554 appella-

147 2543 243 2582 bant
275 2546 468 2607 (hommes
507 2548 557 2586 de
589 2547 753 2598 credun
795 2561 834 2586 v.
859 2548 927 2585 Du
956 2547 1087 2600 Cange
1114 2546 1176 2585 his
1204 2547 1244 2585 in
1271 2545 1435 2586 vocibus
1461 2553 1501 2585 et
1526 2546 1568 2585 in

154 2598 225 2637 Gr.
254 2610 296 2636 v.
328 2594 458 2651 ὑπόλη
497 2616 510 2639 ι

253 2651 300 2690 Β.
317 2651 357 2703 4.
389 2610 613 2711 [58ξ,ς2ο.]
632 2654 1011 2708 μεμαρτυρημένοι.
1072 2655 1337 2695 Commendati
1366 2655 1416 2694 ob
1444 2655 1567 2694 vitam

147 2705 355 2746 hone-scam·
372 2707 617 2765 Μαρτυρεῦν
642 2724 721 2751 τινι
749 2709 869 2750 habet
898 2711 1075 2750 Zosimus
1111 2725 1149 2764 p.
1178 2709 1271 2762 346.
1302 2724 1342 2749 2.
1369 2723 1442 2763 pro
1468 2709 1568 2750 bona
