1884 3132
182 151 257 193 An
298 150 593 192 CONSTANT.
632 150 830 192 ponpa.
868 150 940 191 DE
978 149 1158 192 cmm.
1184 147 1282 190 Lm.
1322 151 1376 190 11.
1423 129 1530 186 681

40 251 42 253 ’
107 260 150 292 te
175 252 302 292 laneis
322 282 335 302 ‚
378 253 418 292 id
444 254 666 306 saponistae
692 253 800 306 apud
828 251 956 291 CPlin
998 266 1144 306 sapone
1172 259 1212 292 et
1238 248 1392 304 siligine
1417 251 1540 304 perfi-
1567 289 1569 291 .

108 308 282 355 ciebant,
326 315 371 347 ut
396 310 437 346 in
466 308 646 348 candidis
672 322 856 361 magnam
899 314 1052 360 partem
1092 307 1221 346 lineis.
1279 307 1540 345 consuevisse

108 364 217 402 enim
243 363 323 402 iam
355 362 426 402 illo
466 370 644 416 tempore
675 362 796 402 lintea
826 362 906 401 lota
948 362 1100 415 glutine
1127 361 1308 415 siligineo
1336 362 1540 414 inspissari

108 425 149 456 et
172 417 334 471 rigidari
355 447 367 468 ,
395 418 503 472 quod
533 419 677 457 Franci
706 418 757 456 ab
786 417 1029 471 inspissando
1052 431 1263 471 empesser,
1288 430 1361 455 nos
1386 416 1540 455 star-ken

107 474 132 510 a
159 473 369 526 rigidando
401 472 644 525 appellamus
664 502 676 523 ,
707 478 815 526 patet
841 486 886 510 ex
915 472 1002 510 loco
1031 472 1141 510 Petri
1168 471 1354 509 Damiani
1383 471 1535 523 Opusc.

107 525 178 578 42.
206 527 258 566 ad
283 527 510 581 Landulph.
540 542 576 567 c.
594 542 660 581 γε
690 529 753 565 hic
779 529 908 582 itaque
937 527 1125 565 nitidulus
1147 535 1185 564 et
1206 540 1359 579 semper
1380 536 1541 566 ornatus

106 590 146 620 et
169 583 391 636 conspicuus
408 582 609 622 incedebat
625 611 637 632 ‚
672 584 729 621 ita
765 592 807 620 ut
833 591 951 636 caput
977 583 1056 620 eius
1093 595 1291 635 nunquam
1323 582 1400 619 nisi
1416 582 1541 634 gibel-

106 637 192 682 ζὺια
236 636 299 691 [id
334 643 393 677 est
429 636 620 691 zobelina]
659 637 779 692 pellis
822 637 1032 688 obtegeret,
1070 637 1296 675 indzmaenta
1332 636 1540 676 carbasina

175 706 223 730 ue
252 693 428 731 niventia
461 693 575 745 siligo
610 707 687 746 per
703 701 829 732 artem
847 691 1023 743 fidlonis
1079 690 1142 746 [id
1185 697 1245 729 est
1287 692 1508 743 saponistae
1526 721 1538 741 ,

107 745 391 800 candidatoris]
422 748 604 804 &ficet-et.
674 748 778 787 Hinc
806 746 1000 798 intelligas
1036 744 1137 786 illud
1174 745 1412 799 Ugutionis:
1444 761 1539 785 can-

107 800 287 847 didat-ius
302 831 314 849 ,
326 802 443 854 stallo
461 833 473 852 ,
512 804 582 856 qui
595 811 718 857 parat
753 801 808 856 [id
824 809 882 840 est
908 810 1048 851 ornat,
1085 799 1218 853 comit]
1241 815 1398 854 pannos
1414 809 1452 839 et
1463 816 1540 840 ex-

105 855 296 894 candidat
334 865 372 894 et
417 870 480 896 eos
508 858 671 910 fitlgere
691 859 816 908 facit.
880 857 1017 895 Potest
1051 863 1184 895 tamen
1223 853 1289 894 hic
1326 855 1541 908 Ugutionis

106 908 219 954 locus
245 924 370 965 aeque
397 912 447 951 de
484 911 635 951 fullone
674 919 866 953 cretatore
887 941 898 961 ‚
938 926 1058 964 quam
1086 911 1136 950 de
1161 909 1311 949 fullone
1342 911 1541 963 saponista

103 963 289 1020 intelligi.
346 966 510 1007 Veteres
537 967 685 1006 Franci
726 975 766 1006 et
794 967 982 1006 Germani
1029 973 1156 1005 artem
1182 965 1287 1004 hanc
1320 964 1443 1004 lintea
1471 980 1540 1004 ro-

107 1018 278 1064 borandi
305 1027 346 1059 et
372 1022 423 1064 ad
450 1024 621 1061 nitorem
648 1022 870 1076 laevigandi
919 1022 1070 1074 gltlssire
1107 1019 1387 1074 appellabant,
1419 1035 1540 1060 voca-

105 1073 205 1122 bulo
231 1075 440 1118 Germanis
476 1076 678 1116 hodiernis
693 1091 774 1117 non
815 1091 976 1130 prorsus
1015 1078 1169 1130 ignoto.
1198 1074 1401 1114 Habemus
1428 1078 1536 1115 enim

109 1129 242 1169 adhuc
274 1137 335 1178 et,
394 1133 577 1184 quamvis
616 1133 768 1182 rarius,
807 1146 1047 1185 usurpamus
1083 1130 1252 1171 verbum
1278 1131 1440 1183 gleissen
1467 1145 1541 1183 pro

110 1184 334 1238 splendere,
365 1188 486 1226 nitere
505 1201 517 1237 3
538 1201 579 1225 v.
609 1187 676 1226 Du
691 1188 886 1240 Cangium
911 1201 952 1225 v.
974 1187 1145 1225 Glismm
1173 1193 1212 1224 et
1239 1185 1373 1224 locum
1398 1187 1541 1225 Mona-

109 1238 177 1282 chi
203 1239 469 1293 sangallensis
514 1243 562 1280 L.
585 1242 618 1280 1.
646 1243 685 1280 5.
708 1242 749 1281 6.
777 1243 827 1280 de
861 1241 980 1280 rebus
1021 1240 1154 1280 Caroli
1182 1241 1242 1279 M.
1276 1255 1396 1292 supra
1424 1240 1475 1278 ad
1501 1256 1542 1295 p.

110 1307 154 1347 7.
181 1292 238 1333 A.
263 1295 339 1333 ult.
368 1298 409 1334 in
436 1297 704 1349 disputatione
731 1297 780 1335 de
809 1297 1027 1340 candidatis
1055 1295 1231 1334 allatum.
1285 1296 1541 1337 Lavandems

108 1361 231 1400 porro
258 1349 510 1402 appellabant
537 1351 610 1391 hos
653 1351 834 1391 homines
859 1352 994 1390 Latini
1020 1351 1247 1403 sequioreS,
1275 1364 1299 1388 a
1325 1351 1541 1388 nominati-

108 1416 163 1445 vo
191 1403 411 1455 lavanda,
439 1405 544 1459 quod
574 1405 674 1450 nihil
700 1405 810 1449 aliud
838 1413 897 1446 est
931 1420 1053 1459 quam
1080 1407 1238 1443 lavator
1252 1433 1264 1454 ,
1296 1411 1335 1442 et
1360 1406 1463 1442 inter
1481 1405 1542 1443 of-

110 1455 257 1502 ficiales
283 1458 398 1499 aulae
425 1474 584 1513 quoque
611 1461 904 1512 numerabant3
934 1475 977 1500 v.
1002 1461 1071 1498 Du
1098 1460 1293 1512 Cangium
1320 1473 1358 1498 v.
1377 1459 1539 1498 Lavan-

107 1511 246 1558 dan'us
261 1542 275 1565 ‚
305 1514 375 1552 uhi
403 1529 539 1554 versus
556 1515 628 1555 hos
654 1517 774 1560 citat:

272 1579 343 1618 ille
370 1589 428 1618 est
455 1581 690 1630 sinscalcus,
728 1596 821 1621 vere
847 1581 1067 1621 buticlarius
1095 1582 1164 1620 ille
1183 1611 1196 1629 ‚

272 1634 341 1673 ille
369 1635 565 1674 lavander
589 1637 721 1685 adest5
751 1638 868 1675 etiam
890 1638 1077 1686 ,focarius
1104 1637 1188 1679 ille.

109 1697 304 1738 Numer-at
330 1699 477 1740 horum
505 1716 693 1741 versuum
720 1710 858 1742 auctor
895 1704 999 1741 inter
1027 1702 1176 1741 aulicos
1201 1701 1427 1740 sinscalcum
1442 1731 1453 1748 ‚
1483 1715 1541 1739 se·-

109 1754 326 1793 nascalcwn
341 1785 358 1802 ‚
398 1757 631 1809 magistrum
658 1772 862 1797 sacrorum
890 1757 1124 1803 officiorum,
1165 1757 1220 1796 sic
1241 1757 1405 1805 dictum,
1435 1757 1543 1809 quod

108 1808 194 1847 sino
222 1808 286 1847 vel
311 1811 423 1850 sindo
451 1814 536 1862 (nos
563 1812 682 1852 hodie
711 1813 878 1852 dicimus
905 1813 994 1851 dem
1022 1812 1211 1861 Gesinde,
1241 1810 1412 1862 familiae
1428 1841 1438 1857 ‚
1470 1825 1543 1849 co-

109 1862 313 1902 mitativae
336 1867 477 1917 regiae)
514 1875 725 1920 praeesset3
754 1868 972 1907 secundum
999 1868 1266 1906 [amicularizmz
1290 1880 1359 1904 seu
1381 1867 1540 1920 pincer-

112 1930 209 1955 nam
245 1918 310 1958 vel
336 1921 564 1972 cellarium,
608 1925 772 1962 tertium
812 1924 1048 1969 lavatorem,
1095 1923 1165 1975 qui
1192 1922 1363 1960 vestium
1401 1920 1541 1959 lavan-

110 1970 254 2010 darum
270 2003 282 2020 ‚
314 1976 599 2027 parandarum,
624 1978 667 2016 id
695 1985 753 2017 est
779 1978 1062 2026 ornandarum,
1094 1985 1133 2017 et
1157 1978 1199 2015 in
1226 1977 1413 2015 vestiario
1442 1990 1540 2013 con-

110 2025 331 2066 dendarum
360 2038 512 2086 gereret
540 2047 690 2074 curam.
746 2034 929 2087 Denique
940 2034 1145 2087 joc-arium
1163 2062 1173 2079 ‚
1204 2030 1245 2070 id
1274 2038 1333 2069 est
1362 2029 1540 2068 calfacto·

111 2093 198 2119 rem
225 2084 343 2122 simul
370 2092 411 2123 et
437 2099 624 2139 coquum.
683 2088 786 2128 Hinc
832 2095 966 2141 putem
993 2089 1212 2140 saponistas
1239 2086 1356 2123 fuisse
1383 2084 1540 2122 eosdem

111 2148 205 2174 cum
234 2140 426 2189 magistr-125
443 2141 569 2182 lineae
589 2145 704 2182 vestis
720 2151 790 2183 aut
816 2151 922 2182 certe
948 2144 995 2182 iis
1022 2141 1183 2194 affines3
1211 2140 1292 2180 vid.
1321 2141 1387 2178 Du
1398 2139 1541 2191 Gangi-

111 2202 182 2228 um
207 2205 250 2230 v.
282 2193 486 2245 Magister.

222 2245 276 2285 D.
300 2261 334 2286 ι.
361 2247 477 2302 [579,
503 2249 556 2304 1.]
586 2250 723 2292 οὐσία.
794 2253 991 2301 Familia,
1033 2265 1131 2306 quae
1158 2251 1279 2288 alicui
1309 2258 1385 2291 est,
1419 2262 1541 2300 quam

111 2298 256 2353 aliquis
283 2303 456 2354 possidet
473 2334 485 2351 ‚
522 2313 568 2344 ut
596 2304 622 2357 ἦ
650 2306 870 2360 περιουσία
907 2307 1046 2346 eodem
1071 2319 1188 2344 sensu
1203 2336 1215 2355 ‚
1243 2306 1335 2356 (qua
1364 2303 1413 2340 de
1440 2317 1540 2341 voce

111 2368 232 2407 supra
261 2357 373 2407 dixi‚)
385 2359 574 2410 familia,
611 2375 710 2415 quae
739 2364 844 2400 eima
868 2363 1041 2416 aliquem
1075 2369 1143 2398 est.
1202 2360 1248 2397 In
1277 2358 1404 2410 specie
1432 2357 1541 2395 dice-

110 2407 232 2448 batur
260 2409 382 2450 ου’σία
409 2412 460 2452 de
492 2413 640 2453 familia
668 2423 896 2465 nautarum,
925 2417 994 2468 qui
1019 2428 1176 2453 sacrum
1203 2426 1348 2464 corpus
1376 2412 1416 2448 in
1446 2411 1540 2450 dro-

111 2466 256 2504 moniis
284 2466 336 2504 ad
383 2467 611 2507 suburbana
637 2470 785 2521 palatia
815 2477 855 2508 et
885 2469 963 2508 alio
988 2467 1244 2509 vectitabant.
1302 2466 1407 2505 Hinc
1434 2465 1540 2519 legas

113 2519 220 2570 apud
262 2520 511 2560 Constantin.
549 2523 599 2562 de
637 2524 786 2562 admin.
843 2524 1007 2576 imperio
1045 2538 1087 2575 p.
1116 2521 1203 2573 140.
1236 2522 1281 2559 B.
1314 2521 1356 2569 4.
1405 2517 1432 2570 ἦ
1460 2520 1539 2570 μία

114 2571 235 2612 οὐσία
263 2589 336 2627 pro
370 2591 487 2616 unum
511 2578 562 2616 de
593 2578 738 2617 duobus
759 2579 1007 2617 dromou'um
1038 2591 1123 2615 cam
1141 2577 1268 2615 nautis
1291 2575 1350 2613 ad
1379 2575 1425 2613 id
1441 2588 1538 2629 per-

113 2627 328 2668 tinentibus.
361 2631 478 2671 Conf.
509 2633 613 2671 infra
638 2647 680 2685 p.
704 2631 797 2672 583.
820 2633 872 2671 D.
893 2646 960 2680 2.‚
992 2639 1032 2670 et
1059 2631 1165 2684 apud
1192 2637 1374 2670 nostrum
1400 2626 1438 2668 οἱ
1466 2630 1539 2680 τῆς

113 2679 326 2739 βᾳσιλικῆς
351 2682 494 2732 οὐσίας
521 2684 666 2727 ἐλάται
683 2717 695 2739 ,
734 2688 834 2740 regii
858 2687 1056 2729 cle-omunia·
1077 2686 1139 2730 vel
1174 2686 1327 2738 nam‘gii
1348 2686 1536 2738 oengem

114 2734 198 2781 vld·
226 2736 276 2776 ad
304 2753 345 2799 Po
369 2741 462 2784 5⁵5,
480 2742 524 2783 B·
548 2742 584 2787 5,
