1884 3132
269 111 384 168 656
542 133 615 175 10.
659 132 764 175 mc,
809 135 1004 177 musra
1053 136 1430 182 COMMENTAnn

269 236 419 276 siarum
467 236 708 290 imaginibus
754 239 964 280 distinctae
1003 242 1087 281 vidi
1126 242 1343 296 aliquando
1381 245 1424 282 in
1452 243 1716 298 descriptione

274 291 571 345 Antiquitatum
601 294 712 333 urbis
726 294 1076 349 Aquisgmnensis,
1106 306 1269 338 auctore
1288 300 1421 338 nescio
1447 313 1545 352 quo3
1572 312 1719 339 nomen

275 349 383 385 enim
409 350 604 387 memoria
634 350 792 390 excidit.
851 351 985 391 Latini
1014 353 1133 392 medii
1172 356 1260 394 aevi
1288 354 1434 407 pharos
1461 355 1534 394 hos
1559 354 1720 394 orbicu-

273 401 375 440 larcs
409 402 579 455 pensiles
612 418 635 442 a
666 405 792 459 figura
821 421 934 445 arcus
964 415 1002 446 et
1029 423 1208 460 coronas,
1241 416 1280 448 et
1304 411 1453 463 pharos
1483 410 1534 449 ab
1562 409 1720 462 officio,

273 459 415 496 Graeci
444 472 468 496 a
485 459 743 500 multitudine
772 460 1049 514 luminarium,
1079 478 1182 517 quae
1196 463 1404 517 gerebant,
1430 460 1722 517 πολυκάνδηλα

274 512 545 566 appellabant.
635 515 1016 571 *[Πολυκάνὸηλον
1054 519 1185 558 reddit
1212 519 1427 559 Combefis.
1471 521 1514 559 in
1556 519 1718 559 Contin.

272 568 461 622 Theoph.
491 583 535 622 p.
561 571 648 610 131.
686 573 852 611 circulus
879 575 1090 628 multiplici
1104 576 1207 626 sace
1240 577 1283 613 in
1307 575 1440 614 orbem
1469 574 1724 615 sustentanda

255 623 467 678 factus.]*
535 626 589 663 V.
620 627 686 665 Du
728 627 861 679 Gange
905 642 948 667 v.
978 629 1107 668 Arcus
1147 637 1187 669 et
1210 630 1366 669 Corona
1403 636 1444 669 et
1472 630 1649 681 Pharus,
1682 636 1723 669 et

272 679 417 733 Angel.
449 679 499 719 de
527 680 640 720 Nuce
683 682 734 721 ad
775 683 965 723 Chronic.
1001 684 1226 725 Cassincns.
1259 685 1292 724 I.
1317 684 1384 724 26.
1416 699 1459 738 p.
1477 685 1584 735 ὅσα,
1609 686 1722 725 cuius

273 735 373 774 haec
402 744 495 775 sunt
523 737 661 776 verba:
693 752 860 777 coronae
881 748 994 778 erant
1022 741 1151 795 ampli
1181 741 1348 795 quidam
1377 741 1525 780 circuli
1544 740 1725 796 penden-

277 800 330 830 tes
352 807 431 846 per
455 793 653 831 catenulas
680 808 701 832 e
739 794 986 847 laquearibus
1025 796 1067 834 in
1111 797 1277 834 ecclesiis
1295 826 1305 843 ‚
1349 796 1408 835 ad
1445 809 1543 851 quas
1559 809 1725 835 coronas

275 847 600 903 appendebantur
628 850 764 900 lychni
789 850 846 888 ad
871 851 1152 889 1'll1mzinandas
1175 852 1349 890 tenebras
1381 852 1423 890 in
1450 852 1647 890 nocturnis
1660 851 1725 889 vi-

274 904 384 956 giliis
425 911 462 941 et
505 903 563 942 ad
588 914 788 944 ornatum.
818 905 978 943 Earum
1005 920 1107 944 nune
1134 921 1221 944 usus
1246 907 1424 945 exolevit
1442 914 1724 960 praeterquam

275 958 520 1007 Mediolani,
551 961 656 998 cuz‘us
697 961 857 998 ecclesia
880 962 1102 1014 priscorum
1133 963 1277 1000 rituum
1304 963 1601 1000 retinentissima
1628 975 1726 1015 per-

276 1023 439 1056 severat.
514 1014 604 1053 Eae
643 1029 812 1055 coronae
833 1016 1026 1066 serebant
1065 1030 1216 1066 cruces,
1262 1015 1312 1054 de
1347 1017 1484 1071 quibus
1521 1017 1584 1054 hic
1609 1024 1649 1054 et
1672 1015 1725 1054 L.

277 1070 370 1109 III.
397 1084 431 1108 c.
465 1070 531 1123 75.
553 1083 564 1108 ε
607 1084 791 1109 coronam
819 1079 1040 1123 argenteam
1066 1071 1297 1110 deauratam
1327 1081 1365 1110 et
1390 1070 1586 1126 lapidibus
1629 1084 1726 1125 pre-

277 1126 384 1164 tiosis
414 1134 595 1163 ornatam
608 1154 618 1171 ‚
642 1126 786 1176 serens
807 1124 902 1179 [pro
929 1125 1151 1180 serentem]
1180 1140 1310 1165 cruces
1335 1140 1424 1165 sex.
1480 1126 1533 1164 H.
1549 1126 1600 1164 Τ.
1628 1125 1728 1164 Ele-

278 1187 418 1235 ganter
445 1180 518 1219 hos
545 1179 692 1233 pharos
721 1181 908 1221 describit
935 1181 1165 1220 Chronicon
1181 1181 1410 1220 Cassinense
1438 1181 1515 1219 111.
1545 1180 1626 1230 35„
1655 1179 1725 1219 sed

279 1235 412 1274 multo
452 1236 577 1287 magis
615 1235 746 1274 adhuc
792 1236 958 1275 Paullus
998 1236 1260 1275 silentiarius.
1316 1236 1454 1275 Verba
1493 1234 1600 1274 illius
1628 1235 1728 1274 haec

280 1298 375 1331 sunt
395 1305 406 1330 :
428 1292 536 1343 ficit
563 1299 602 1329 et
619 1293 793 1346 pharum
829 1306 895 1330 seu
917 1305 1105 1330 coronam
1144 1292 1366 1330 maximam
1410 1291 1461 1329 de
1487 1299 1647 1343 argento
1674 1290 1728 1328 li-

281 1347 444 1385 brarum
473 1347 628 1384 circiter
657 1355 805 1385 centum
819 1375 835 1394 ,
877 1347 1019 1385 habens
1047 1347 1118 1401 [sic
1139 1346 1365 1385 scribebant
1393 1353 1432 1385 et
1459 1344 1728 1399 loquebantur

282 1401 353 1441 illo
384 1415 482 1441 aevo
529 1415 602 1454 pro
637 1400 860 1456 habentem]
898 1403 939 1440 in
969 1403 1130 1441 circuitu
1155 1403 1299 1440 cubitos
1325 1402 1490 1455 viginti,
1515 1415 1603 1439 cum
1628 1401 1728 1439 duo-

282 1457 408 1496 decim
452 1457 620 1495 turribus
658 1459 896 1496 extrinsecus
940 1457 1251 1512 prominentibus
1268 1487 1278 1505 ‚
1309 1471 1383 1496 sex
1417 1465 1456 1495 et
1487 1457 1648 1508 triginta
1673 1468 1729 1494 ex

284 1526 332 1551 ea
376 1512 626 1566 lampadibus
672 1512 988 1567 dependentibus,
1014 1527 1174 1568 eumque
1217 1521 1341 1552 extra
1372 1512 1530 1550 chorum
1570 1510 1633 1564 [id
1669 1516 1731 1550 est

284 1566 446 1621 soleam]
475 1577 565 1606 ante
604 1581 757 1606 crucem
797 1569 985 1607 maiorem
1026 1570 1119 1607 satis
1139 1568 1276 1623 firma
1303 1567 1451 1619 firrea
1481 1574 1642 1613 catena,
1668 1579 1731 1604 se-

279 1633 392 1678 ptem
420 1623 621 1662 deauratis
647 1624 765 1662 malis
799 1623 981 1662 distincta
996 1653 1007 1675 ‚
1031 1623 1242 1678 suspendit.
1297 1620 1432 1661 Paulli
1459 1627 1593 1660 autem
1618 1619 1732 1660 locus

284 1678 483 1731 Ecphras.
514 1692 555 1717 v.
590 1676 686 1732 457.
726 1682 781 1732 (p.
813 1677 928 1731 520.)
949 1708 959 1726 ‚
1005 1679 1075 1718 uhi
1133 1676 1487 1732 polycandelorum
1541 1689 1657 1714 arcus
1686 1676 1730 1713 in

284 1735 367 1772 imo
397 1733 655 1786 amplissimos
672 1763 684 1784 ,
729 1748 810 1788 quo
848 1733 966 1773 altius
1004 1741 1139 1772 autem
1167 1732 1421 1782 ascenditur,
1468 1744 1516 1770 eo
1554 1730 1731 1769 minores

286 1796 407 1842 atque
427 1791 602 1828 minores
629 1803 720 1828 cum
769 1789 952 1843 sagorum
999 1796 1069 1828 aut
1115 1790 1285 1842 pinuum
1342 1800 1456 1825 coma
1510 1786 1553 1824 in
1581 1798 1729 1824 conum

286 1851 406 1883 eunte
449 1852 677 1899 comparat,
707 1845 817 1899 quod
852 1844 991 1883 eodem
1019 1844 1123 1883 redit
1159 1844 1387 1896 pariterque
1415 1848 1553 1895 aptum
1581 1846 1640 1880 est
1668 1847 1734 1878 at-

286 1913 389 1952 que,
421 1900 530 1952 quod
558 1900 845 1954 posterioribus
876 1900 984 1939 aevis
1012 1901 1136 1953 magis
1167 1897 1331 1953 placuit,
1359 1896 1603 1950 comparatio
1638 1908 1732 1934 cum

287 1953 530 1994 camelaucio
558 1956 713 2009 apicato
731 1985 744 2005 ‚
776 1955 842 1994 hic
865 1962 924 1994 cst
944 1969 955 1994 ε

451 2021 584 2061 Κεῖνα
614 2016 694 2074 γὰρ
723 2013 751 2073 ἢ
779 2016 970 2060 univolam
998 2016 1309 2071 ὄριτρεφέεσσιν
1339 2012 1466 2068 ὅμοια

453 2073 624 2129 δένδρεά
655 2089 717 2122 τις
745 2074 955 2115 καλέσειεν
981 2069 1008 2127 ἢ
1036 2071 1287 2124 ἁβροκόμοιζ
1313 2071 1603 2125 κυηαρίσσοις.

454 2130 538 2170 εἰσί
562 2131 639 2182 μὲν
673 2127 907 2182 ὄξυκάρηνα
929 2159 941 2179 ‚
971 2125 1299 2180 περιτροχάουσι
1329 2127 1376 2166 δὲ
1404 2124 1546 2166 κύκλοι

451 2182 670 2238 εὐρύτεροι
699 2181 804 2225 κατὰ
835 2182 978 2236 βαιὸν,
1009 2181 1086 2229 ἕως
1114 2182 1184 2222 ε’πί
1212 2181 1399 2221 λοίσθιον
1426 2178 1554 2236 ἔλθῃς

452 2234 644 2293 ἄντυγος,
676 2237 704 2293 ἢ
731 2236 830 2292 περί
853 2236 1036 2292 πρεμνὸν
1063 2232 1268 2277 ἑλίσσεται
1285 2267 1296 2286 ,
1329 2233 1450 2276 ἔνθεν
1479 2234 1657 2282 ἐκείναις

453 2289 584 2342 ἄνθος
614 2289 899 2346 α’πεβλάστησε
929 2293 1206 2346 πυρίσπορον.

373 2362 421 2401 C.
445 2376 503 2401 12.
521 2361 638 2416 [575,
666 2362 748 2412 13]
769 2353 848 2398 ἆπὸ
873 2357 1045 2412 ὃαφναῖν
1063 2381 1115 2387 -
1132 2352 1217 2399 οἷον
1230 2356 1423 2409 σταυριά.
1454 2356 1632 2395 Perticas
1646 2352 1734 2392 lau-

289 2431 335 2456 ro
360 2416 568 2470 implicitas
587 2431 677 2455 cum
708 2414 822 2453 trabe
841 2416 881 2452 in
899 2426 1055 2452 summo
1083 2421 1310 2452 transversa
1328 2442 1338 2460 ‚
1358 2425 1438 2464 quo
1453 2423 1611 2448 crucem
1627 2409 1731 2447 refe-

288 2480 395 2522 rant,
421 2473 552 2510 adhuc
571 2486 640 2510 sua
659 2478 787 2510 aetate
807 2469 1103 2522 circumgestari
1122 2470 1163 2506 in
1187 2468 1347 2506 Graecis
1364 2465 1536 2505 ecclesiis
1563 2477 1730 2502 consue-

289 2528 393 2566 visse
413 2542 558 2580 easquc
571 2541 611 2565 se
627 2527 788 2570 vidisse,
812 2531 979 2563 testatur
995 2523 1181 2562 Gerlach.
1198 2524 1240 2561 in
1254 2523 1391 2560 Diario
1411 2535 1453 2573 p.
1466 2517 1533 2569 64.
1566 2517 1629 2556 his
1641 2532 1734 2556 ver-

290 2580 350 2618 bis
366 2597 376 2619 :
412 2582 457 2619 V
452 2596 499 2620 or
517 2583 632 2620 ilznen
653 2581 847 2635 [loquitur
866 2579 915 2617 de
927 2578 1198 2617 sacerdotibus
1215 2592 1236 2616 e
1254 2578 1413 2615 tribuna
1433 2573 1738 2626 procedentibus

291 2641 331 2672 et
351 2636 590 2675 Venerabile
609 2650 677 2689 per
701 2635 905 2673 ecclesiam
924 2629 1330 2682 ci1·cumferentibus‚]
1359 2631 1500 2681 gingen
1514 2629 1583 2666 ber
1603 2642 1737 2667 zween

290 2689 457 2728 Knaben
485 2693 556 2728 mit
596 2690 903 2728 l‘Vacbslcer-tzen
924 2717 935 2738 ‚
979 2689 1064 2726 und
1089 2689 1185 2726 noch
1235 2698 1368 2724 zween
1400 2683 1546 2721 andere
1573 2684 1644 2721 mit
1668 2697 1736 2735 ge-

290 2745 433 2783 ziercen
468 2745 770 2797 Lorberstangen
783 2773 795 2793 ‚
845 2744 994 2783 welche
1023 2744 1118 2795 fast
1143 2742 1218 2779 den
1249 2737 1497 2793 CYzwffioem,
1539 2739 1620 2778 wie
1645 2751 1738 2777 man
