1832 3126
325 168 426 223 162
586 185 660 227 10.
703 182 810 228 1Αο.
847 182 1045 228 ΒΕῐεΚιι
1086 183 1464 231 eoMMmrAnn

315 289 367 328 de
386 293 561 342 quatuor
583 285 777 328 lateribus
806 289 888 329 suis
911 303 1039 328 unum
1057 319 1068 339 ,
1112 303 1135 329 e
1153 303 1235 343 quo
1261 289 1548 330 ascendebatur
1571 303 1644 346 per
1665 305 1758 347 gm-

314 344 413 393 dus,
445 345 660 397 respiceret
681 346 802 383 Bema
817 375 828 396 ‚
858 344 1028 384 alterum
1042 374 1055 396 ‚
1085 359 1108 384 e
1129 359 1212 399 quo
1239 345 1555 385 descendebatur
1574 351 1671 387 item
1684 363 1759 403 per

314 400 486 453 gradus,
525 406 683 452 portam
713 402 886 454 regiam,
924 408 964 440 et
993 401 1227 440 nai-thecem
1242 430 1254 451 ,
1296 402 1460 440 tertium
1479 408 1520 441 et
1538 411 1727 456 quartum
1742 432 1757 455 ‚

314 455 435 494 ambo
457 469 576 494 coeca
605 469 674 494 seu
697 455 856 507 clausa,
885 458 1198 509 septentrionem
1228 463 1268 495 et
1290 463 1472 495 austrum
1499 460 1756 511 respicerent.
1778 478 1782 481 ’

313 508 483 550 Praeter
510 523 638 549 unum
669 525 764 565 ergo
788 511 868 550 tale
897 511 1001 551 latus
1029 510 1215 551 dextrum
1235 512 1494 552 sinistrumve
1513 514 1758 566 praeteribat

314 565 538 620 Imperator
560 580 582 605 e
606 566 696 606 Nao
728 567 778 606 ad
808 567 957 606 soleam
979 568 1148 606 tendens
1166 597 1177 617 ‚
1222 581 1326 620 quae
1349 567 1481 607 media
1504 569 1610 607 inter
1635 569 1757 609 Bema

314 630 354 661 et
381 622 595 661 ambonem
621 629 724 661 erat.
781 622 870 661 Vox
897 620 1054 675 πλαγία
1080 637 1156 676 pro
1184 623 1287 662 lacus
1311 636 1442 662 novae
1463 624 1653 663 Graeciae
1675 624 1757 664 fre-

313 691 440 730 quens
471 684 544 717 est.
601 678 700 717 Vid.
735 678 802 716 Du
829 678 964 732 Gange
988 677 1122 717 Gloss.
1150 679 1224 718 Gr.
1251 691 1295 717 v.
1326 677 1481 730 πλαγί,
1523 679 1596 718 uhi
1622 679 1757 719 reddit

311 733 435 782 latas,
478 727 655 784 πλευρὰ.
709 733 765 772 Et
785 734 840 772 sic
863 747 1024 787 quoque
1052 735 1205 788 accepit
1233 733 1372 772 Nostri
1400 732 1451 773 el.
1483 735 1682 788 interpres
1709 749 1754 790 p.

311 787 381 840 46.
407 788 457 827 Β.
483 801 523 827 2.
553 787 620 838 46.
650 789 697 828 Β.
731 788 807 828 ult.
838 788 908 828 61.
939 790 986 827 Β.
1018 787 1058 828 5.

424 843 473 882 C.
493 856 534 882 2.
557 842 647 897 [64
668 842 758 898 22.]
788 838 834 883 τὸ
855 839 1175 897 θυσιαστήριον.
1227 842 1584 900 Sacrficatorium,
1611 843 1756 898 Bema,

311 897 448 946 locus,
480 899 522 937 in
555 912 636 952 quo
662 899 749 938 Deo
778 900 942 938 victima
967 900 1179 938 incruenta
1203 898 1371 938 offertur
1400 898 1466 939 vel
1495 899 1754 941 sacrificatur.

309 954 547 993 Anastasius
567 969 608 1008 p.
645 969 734 1009 ¹77·
760 955 947 993 altarium
974 955 1113 994 vertit.
1174 950 1306 994 Θύειν
1331 967 1406 1008 pro
1432 957 1754 996 communionem

309 1010 538 1060 celebrare,
584 1017 623 1048 et
649 1024 724 1064 pro
760 1009 903 1049 offerre
930 1011 1018 1049 Deo
1034 1040 1044 1058 ‚
1090 1016 1290 1064 usurpant
1313 1010 1455 1049 Graeci
1482 1011 1595 1052 novi.
1653 1012 1757 1051 Inde

308 1061 443 1118 θύτης
471 1072 530 1104 est
563 1064 926 1116 hieromonachus,
970 1067 1035 1106 cui
1068 1064 1162 1104 licet
1202 1066 1365 1104 missam
1393 1065 1536 1105 facere.
1593 1064 1648 1106 V.
1672 1067 1754 1106 Fa-

309 1119 413 1159 bric.
441 1120 546 1160 Bibl.
570 1122 644 1160 Gr.
670 1123 723 1160 Τ.
751 1121 826 1159 VI.
854 1136 894 1175 p.
923 1119 1018 1175 479.
1042 1128 1154 1159 nota.
1188 1118 1318 1160 Θύειν
1345 1117 1399 1160 τὰ
1429 1116 1629 1175 ἔξιτήρια,
1655 1136 1755 1161 com-

309 1177 509 1215 manicare
523 1204 535 1225 ,
567 1186 777 1232 antequam
803 1191 858 1215 ea:
885 1177 978 1215 urbe
1006 1178 1048 1216 in
1076 1177 1218 1215 bellum
1245 1185 1381 1226 eatur,
1410 1175 1521 1229 quod
1549 1177 1677 1216 facere
1697 1191 1755 1217 so-

307 1229 448 1269 lebant
483 1232 773 1285 Imperatores,
823 1238 881 1271 est
908 1232 1016 1285 apud
1050 1231 1221 1270 Cedren.
1251 1245 1294 1284 p.
1324 1231 1420 1284 671.
1459 1231 1513 1270 D.
1537 1230 1582 1271 6.
1639 1232 1753 1272 Idem

307 1299 352 1338 p.
380 1285 478 1340 675.
505 1288 560 1325 D.
591 1286 630 1325 5.
671 1282 798 1326 θύειν
824 1283 876 1325 τὰ
907 1284 1089 1326 ἐπινίκια
1115 1287 1253 1336 habet,
1286 1285 1376 1325 Deo
1404 1286 1454 1325 de
1475 1286 1632 1341 praeda
1651 1301 1754 1342 par-

307 1350 385 1379 tem
412 1341 554 1394 offerre
581 1351 619 1381 et
644 1356 886 1382 consecrare.
943 1342 1058 1396 *[De
1083 1342 1275 1380 sacrificio
1294 1371 1306 1392 ‚
1333 1355 1415 1395 quo
1440 1341 1639 1381 vocabulo
1660 1343 1703 1381 M
1707 1344 1753 1382 is-

307 1409 393 1435 sam
417 1404 571 1435 veteres
584 1397 859 1451 significabant
874 1427 885 1449 ‚
914 1397 999 1436 vid.
1035 1397 1217 1436 Goldast.
1240 1397 1293 1436 ad
1307 1395 1531 1450 Eginhard.
1549 1411 1592 1450 p.
1610 1396 1752 1452 203.]*

418 1451 465 1490 C.
488 1453 527 1491 3.
550 1451 641 1506 [64‚
664 1451 754 1506 22.“]
790 1452 959 1500 ἐξιέναι.
1014 1453 1075 1491 Μ.
1103 1450 1286 1492 εἰσιέναι.
1342 1451 1458 1490 Conf.
1482 1465 1524 1506 p.
1545 1452 1616 1492 61.
1647 1451 1696 1492 B.

420 1506 466 1546 C.
487 1506 528 1546 8.
554 1507 649 1562 [65‚
687 1507 750 1561 2.]
781 1503 938 1561 εἰλητὰ.
993 1507 1257 1562 Corporalia,
1301 1521 1371 1546 seu
1394 1521 1587 1561 mappae,
1628 1506 1752 1547 suda-

307 1560 392 1609 ria,
424 1563 650 1602 manueiola
667 1593 679 1614 ‚
709 1563 858 1614 lintea3
889 1570 928 1602 et
957 1562 1122 1616 quidem
1156 1564 1199 1602 in
1234 1563 1363 1616 specie
1387 1561 1478 1601 illae
1500 1577 1671 1616 mappae
1696 1563 1753 1603 sic

307 1617 526 1668 dicuntur,
566 1619 712 1672 quibus
738 1619 853 1672 panis
883 1619 1116 1658 benedictus
1147 1625 1186 1656 et
1215 1620 1357 1657 vinum
1391 1617 1647 1666 benedictum
1674 1619 1751 1657 im-

305 1673 480 1713 mediate
505 1675 771 1727 imponuntur
786 1702 799 1724 ‚
838 1681 878 1712 et
901 1675 1049 1727 quibus
1075 1674 1206 1712 discus
1227 1681 1347 1727 atque
1369 1672 1469 1712 calix
1489 1672 1599 1712 sacer
1619 1673 1752 1712 invol-

305 1738 464 1767 vuntur.
524 1729 647 1768 Unde
674 1731 777 1768 ratio
803 1729 1082 1782 appellationis
1107 1728 1359 1782 intelligitur.
1418 1728 1619 1767 Habertus
1649 1728 1753 1768 Pon-

305 1783 369 1822 tis.
402 1799 444 1836 p.
477 1785 567 1824 105.
611 1787 667 1824 sic
696 1785 910 1823 describit:
964 1785 1071 1835 „Est
1102 1784 1236 1822 velum
1270 1782 1473 1838 quoddam
1510 1782 1752 1836 quadratum

306 1835 459 1878 lineum
476 1869 487 1890 ,
538 1841 645 1893 quod
677 1839 933 1878 convolvitur
970 1846 1010 1877 et
1049 1838 1263 1878 evolvitur.
1319 1837 1556 1892 Explicatur
1587 1839 1752 1892 quidem

336 1902 398 1933 ost
424 1894 572 1934 lectum
599 1895 850 1948 evangelium
866 1924 876 1944 ‚
908 1894 1172 1947 complicatur
1198 1899 1288 1947 post
1310 1894 1493 1947 synaxin.
1550 1893 1680 1948 Super
1699 1893 1749 1933 il-

304 1907 378 1986 sud
419 1964 576 1989 sacrum
617 1951 852 2004 mysterium
893 1950 1102 1988 conficitur
1134 1949 1186 1987 ad
1216 1947 1434 2002 corporalis
1461 1949 1588 1988 nostri
1624 1950 1750 1988 instar

305 2025 327 2032 -
348 2026 368 2033 -
386 2012 425 2043 et
455 2005 590 2058 quoad
619 2005 791 2044 formam
821 2012 860 2044 et
895 2005 1030 2058 quoad
1066 2004 1290 2043 materiam.
1348 2003 1564 2043 Praeterea
1603 2004 1748 2043 Graeci

304 2071 378 2097 suo
401 2059 548 2115 εἰλητῷ
572 2074 642 2100 seu
665 2060 863 2113 corporali
883 2060 1064 2099 inserunt
1080 2058 1269 2112 reliquias
1292 2067 1548 2111 sanctorum3
1577 2073 1651 2099 nec
1665 2073 1748 2099 non

304 2113 346 2152 in
379 2115 620 2168 quibusdam
645 2115 816 2154 ecclesiis
842 2128 987 2154 nomen
1016 2115 1188 2168 episcopi
1213 2113 1488 2153 inscribitur.’'

420 2171 465 2209 C.
485 2185 526 2224 9.
551 2170 640 2225 [65‚
661 2169 723 2224 3.]
755 2168 920 2217 δίσκους
949 2164 1024 2208 δυό
1051 2169 1124 2208 καί
1150 2166 1328 2222 ποτήρια
1348 2165 1436 2209 δύο.
1492 2169 1585 2208 Duo
1602 2182 1748 2223 nempe

305 2225 403 2266 disci
420 2255 431 2277 ‚
455 2240 524 2265 sen
541 2226 673 2264 lances
691 2225 971 2279 profundiores
984 2254 996 2275 ,
1020 2225 1165 2278 quibus
1184 2224 1496 2278 imponebantur
1512 2222 1747 2264 benedictus

305 2284 421 2334 panis
436 2312 446 2329 ‚
489 2288 528 2319 et
554 2281 635 2320 duo
658 2281 822 2328 calices,
866 2282 1111 2319 continentes
1137 2282 1278 2319 vinum
1312 2279 1601 2318 consecrationi
1625 2279 1746 2319 desti-

304 2345 445 2376 natum
465 2365 476 2386 ‚
506 2351 659 2390 semper
678 2337 782 2375 inter
803 2335 1109 2375 celebrationem
1136 2333 1257 2374 officii
1285 2335 1444 2374 stabant
1466 2335 1508 2373 in
1529 2334 1671 2388 altari,
1700 2348 1744 2386 v.

306 2406 398 2445 pag.
425 2391 493 2446 78.
523 2393 578 2430 D.
635 2393 690 2431 Et
713 2391 874 2430 solenne
898 2391 1049 2430 donum
1082 2405 1261 2429 annuum
1287 2391 1339 2429 ab
1363 2389 1678 2442 Imperatoribus
1699 2388 1743 2429 S.

306 2447 480 2498 Sophiae
507 2447 731 2486 faciendum
761 2454 875 2486 erant
898 2440 1194 2497 δισκοποτήρια
1223 2445 1296 2484 καί
1320 2443 1512 2494 ἐνδυταί,
1540 2444 1643 2483 disci
1657 2459 1744 2484 cum

305 2503 486 2540 calicibus
515 2512 552 2541 et
578 2502 758 2541 instrata.
816 2501 912 2541 Vid.
946 2501 1091 2554 Script.
1121 2507 1212 2553 post
1239 2500 1477 2553 Theophan.
1504 2513 1547 2552 p.
1570 2498 1666 2539 266.
1684 2500 1742 2538 >in

306 2556 384 2594 {ine
405 2563 444 2595 et
466 2557 636 2595 Cedren.
666 2572 708 2611 p.
737 2571 830 2612 79⁰·
854 2557 929 2595 ult.
957 2571 1046 2609 sqq.
1105 2555 1347 2594 Iustinianus
1369 2568 1513 2608 cupam
1540 2555 1743 2607 ingentem

305 2610 474 2650 offerens
504 2613 745 2664 conspicitur
782 2613 821 2651 in
860 2625 980 2664 opere
1017 2611 1173 2649 musivo
1210 2609 1396 2649 ecelesiae
1425 2610 1668 2648 Ravennatis
1698 2608 1742 2648 S.

305 2665 476 2716 vitalis,
523 2667 563 2704 in
592 2681 682 2705 acre
711 2668 820 2720 apud
856 2667 1069 2706 Aleinann.
1107 2666 1157 2703 ad
1187 2666 1359 2718 Procop.
1384 2663 1584 2704 Anecdot.
1609 2671 1649 2703 et
1674 2664 1742 2703 Du

305 2720 503 2773 Cangium
526 2722 567 2759 in
595 2720 742 2760 Famil.
771 2723 956 2776 Byzant.‚
985 2722 1035 2760 de
1055 2734 1134 2775 qua
1158 2720 1327 2773 imagine
1353 2720 1460 2759 conf.
1479 2720 1630 2758 Murat.
1651 2719 1740 2758 Ser.

306 2773 401 2815 Rer.
437 2774 528 2815 Ital.
557 2777 609 2814 T.
635 2777 690 2815 ΙΙ.
724 2792 767 2830 p.
790 2793 860 2831 97.
884 2776 927 2816 b.
959 2777 1052 2816 fine.
1110 2775 1226 2813 conf.
1254 2790 1356 2829 quae
1386 2775 1516 2814 dicam
1538 2774 1589 2814 ad
1612 2775 1660 2812 L.
1686 2773 1739 2812 ll.
