1832 3126
326 165 430 222 180
589 182 662 224 ιο.
704 179 812 224 mc.
855 181 1051 224 mnsxn
1099 179 1478 226 COMMENTARn

320 285 476 324 Locum
504 280 626 321 habet
663 283 731 322 Du
757 282 890 337 Gange
917 297 959 323 v.
990 283 1130 336 φῶτα.
1184 282 1301 322 Conf.
1334 284 1486 324 Athen.
1515 298 1559 338 p.
1588 297 1678 340 170·
1710 285 1766 326 1).

319 340 531 392 disputans
551 367 563 387 ‚
603 338 711 378 idem
739 352 822 379 esse
849 334 1152 392 τραπεζοποιὸς
1176 345 1297 393 atque
1322 335 1662 392 τραπεζοκόμος,
1702 354 1769 380 αι-

322 403 436 434 racor
455 407 623 433 mensae.

406 458 474 514 47.
495 459 550 499 A.
573 474 636 499 11.
657 458 749 514 [78,
770 458 835 514 8.]
874 458 918 499 ἐν
947 457 1006 515 τῷ
1032 459 1108 499 τοῦ
1135 458 1306 511 κοχλιοῦ
1333 456 1595 513 πληρώματι.
1649 461 1772 518 Infi-

322 530 371 555 ne
397 515 526 554 scalae
556 516 781 555 cochlearis.
839 515 918 554 Sed
946 515 1150 569 quomodo
1177 522 1343 568 putatur
1381 515 1448 554 ille
1473 515 1594 554 finis?
1645 515 1774 556 Estne

323 571 490 610 ultimus
520 569 665 624 gradus
701 570 980 619 descendenti,
1040 585 1093 609 an
1131 585 1310 610 summus
1343 569 1603 610 ascendenti?
1656 571 1774 612 Certe

324 626 539 679 utrobique
565 625 704 664 finitur
731 624 863 676 scala,
901 633 986 664 tam
1023 626 1064 664 in
1093 640 1275 676 summo,
1314 640 1436 679 quam
1454 626 1507 664 'in
1538 627 1636 665 imo.
1693 626 1773 667 Sed

326 696 392 721 res
419 683 521 720 tanti
549 695 631 719 non
661 688 746 732 est,
775 687 821 719 ut
849 681 962 720 anxie
991 681 1041 719 de
1069 695 1115 720 ea
1142 688 1374 734 quaeratur.
1434 680 1545 720 Infra
1574 695 1618 735 p.
1637 680 1707 722 60.
1728 696 1772 737 9.

327 745 367 776 et
395 735 463 776 65.
493 735 547 774 D.
577 751 616 790 7.
640 750 722 774 non
753 743 883 788 potest
908 736 1006 775 haec
1026 736 1149 775 dictio
1178 735 1306 785 aliter,
1338 750 1460 790 quam
1489 735 1539 775 de
1567 735 1694 790 gradu
1711 751 1773 777 ac-

327 793 429 846 cipi,
460 792 529 844 qui
560 791 814 830 descendenti
842 791 1007 830 ultimus
1035 797 1120 843 est,
1151 799 1222 830 aut
1247 793 1368 831 imus.
1423 790 1616 830 Attamen
1631 806 1672 845 p.
1693 806 1764 847 9⁰·

325 847 380 886 D.
408 862 448 901 7.
478 846 639 885 videtur
669 847 802 899 potins
831 860 1010 885 summus
1042 860 1142 885 esse.
1200 846 1289 885 Non
1316 846 1415 886 adeo
1441 860 1580 886 recens
1607 853 1677 886 aut
1703 848 1768 887 vi·

326 901 375 941 lis
403 909 461 940 est
491 901 677 940 vocabuli
705 897 912 955 πλήρωμα
940 915 1035 941 usus
1061 916 1134 954 pro
1145 901 1251 957 finis
1268 932 1279 950 ‚
1310 909 1357 941 ut
1382 908 1537 941 veteres
1554 908 1594 941 et
1611 901 1772 956 elegan-

325 964 387 996 tes
415 970 576 1010 quoque
604 964 786 995 auctores
814 970 861 995 eo
889 956 1151 996 abstinerent.
1209 955 1445 996 Philostrat.
1474 970 1517 1009 p.
1542 955 1639 1008 604.
1671 963 1767 997 sect.

327 1013 369 1051 3.
400 1012 472 1051 lin.
507 1012 546 1051 5.
580 1012 645 1051 ed.
674 1011 813 1050 Olear.
871 1009 914 1058 ἐς
943 1008 989 1051 τὸ
1029 1007 1238 1064 πλήρωμα
1270 1010 1342 1063 τῆς
1363 1008 1605 1064 ἀκροάσεως
1629 1011 1770 1064 habet,

323 1067 392 1106 sub
401 1067 535 1123 finem
551 1068 824 1122 praelectionis
842 1096 853 1118 ,
884 1073 954 1105 aut
979 1066 1275 1122 disputationis,
1304 1073 1344 1106 et
1368 1066 1552 1120 πληροῦν
1587 1066 1649 1114 εἰς
1693 1058 1773 1119 ὄμ-

329 1125 476 1176 φαλον,
505 1123 724 1177 complere,
755 1123 831 1161 hoc
861 1129 918 1160 est
945 1122 1084 1173 finire,
1117 1122 1280 1161 tandem
1299 1122 1410 1161 abire
1425 1129 1466 1160 et
1492 1123 1689 1167 desinere,
1728 1123 1772 1163 in

325 1177 574 1228 wnbilicmn,
613 1177 711 1216 dixit
739 1177 933 1216 Aristides
960 1177 1013 1216 T.
1034 1178 1066 1216 Ι.
1098 1191 1140 1231 p.
1157 1191 1227 1232 99.
1255 1191 1294 1232 7.
1329 1177 1394 1217 ed.
1424 1169 1612 1232 Anglic.;
1639 1191 1681 1218 v.
1702 1178 1771 1218 Du

329 1232 464 1286 Cange
491 1247 534 1272 v.
569 1233 787 1288 Complere.
1481 1262 1483 1265 .

438 1299 486 1337 Β.
511 1312 551 1338 2.
574 1297 664 1353 [78‚
690 1297 775 1353 1o.]
813 1295 1104 1353 προστίθησιν.
1160 1299 1222 1337 Ita
1261 1311 1420 1353 quoque
1458 1298 1538 1351 M„
1579 1297 1650 1338 sed
1689 1296 1770 1353 leg.

329 1352 595 1408 προτίθησιν.

441 1420 489 1458 C.
512 1435 552 1474 7.
574 1419 663 1474 [79‚
685 1418 748 1474 2.]
779 1419 862 1459 τῶν
887 1416 959 1459 καί
993 1413 1244 1473 ἒζιιπροσθεν.
1297 1420 1358 1459 Μ.
1387 1419 1561 1458 mediam
1588 1418 1773 1473 copulam

328 1488 412 1514 non
439 1482 676 1528 agnoscunt.
738 1471 800 1514 Τὰ
830 1471 1066 1528 ἔμπροσθεν
1087 1475 1397 1514 Catechumenia
1422 1475 1611 1515 videntur
1637 1489 1684 1514 ea
1712 1489 1769 1515 es·
1830 1511 1832 1516 χ

328 1543 397 1581 se,
423 1544 544 1583 vquae
572 1545 692 1584 super
720 1529 916 1569 Narthece
956 1535 1096 1583 erant,
1139 1537 1180 1569 et
1207 1544 1253 1570 ex
1281 1531 1462 1584 opposito
1490 1530 1542 1570 ad
1567 1529 1772 1570 tribunam

329 1585 653 1640 prospectabant.

440 1652 493 1690 D.
518 1667 557 1707 7.
580 1651 670 1707 [79‚
694 1650 780 1706 12.]
806 1650 972 1692 ποιοῦσι
1001 1649 1075 1693 τὸν
1093 1649 1252 1704 στίχον.
1282 1652 1466 1692 Recitant
1480 1666 1650 1703 versum,
1679 1666 1771 1705 pre-

330 1719 396 1745 ces
424 1715 516 1747 ante
536 1709 749 1760 prandium
764 1708 966 1747 dicendas.
997 1709 1094 1747 Vid.
1135 1708 1186 1746 ad
1214 1723 1255 1761 p.
1277 1707 1371 1759 453.
1391 1707 1519 1747 A.11.
1551 1703 1600 1748 Ὁ
1626 1705 1773 1759 στίχος

330 1769 390 1800 est
418 1770 646 1815 excerptum
674 1763 836 1816 aliquod
864 1777 886 1802 e
913 1763 1082 1802 Psalmis
1109 1771 1179 1802 aut
1206 1777 1317 1802 sacra
1352 1763 1572 1816 scriptura,
1606 1763 1772 1802 invoca-

329 1817 387 1855 tio
415 1818 518 1867 Dei,
550 1819 661 1857 cuius
689 1827 843 1872 partem
871 1818 974 1857 forte
1001 1818 1203 1859 veteribus
1231 1818 1400 1857 faciebat
1417 1847 1427 1866 ‚
1458 1824 1505 1856 ut
1525 1818 1770 1856 nostratibus

329 1871 452 1923 facit,
482 1873 663 1912 Psalmus
697 1873 812 1927 ¹47*
846 1874 1009 1912 Gratias
1035 1875 1139 1926 agite
1165 1874 1362 1921 Domino,
1393 1874 1486 1928 qaia
1506 1873 1684 1911 dominus
1712 1873 1770 1912 be-

329 1928 469 1979 m'gnus
503 1938 560 1967 est
572 1958 584 1977 ‚
631 1938 670 1968 et
699 1929 967 1968 misericordia
1007 1930 1088 1967 eius
1128 1937 1260 1967 manet
1294 1929 1337 1966 in
1370 1937 1581 1967 aeternum.
1641 1928 1770 1967 Bene-

329 1981 488 2022 dicebat
515 1986 627 2051 signo
657 1986 784 2023 crucis
803 1983 938 2022 addito
956 1983 1207 2034 patriarcha,
1237 1983 1279 2021 id
1301 1989 1359 2022 est
1383 1983 1569 2022 dicebat:
1599 1979 1770 2034 εὖλογιά

329 2037 406 2075 τοῦ
432 2040 600 2091 Κυριου
639 2038 705 2093 ἐφ’
732 2036 845 2088 ὑμᾶς
880 2035 953 2076 καὶ
982 2035 1052 2077 ἐπὶ
1080 2033 1233 2090 ταύτην
1258 2033 1332 2091 τήν
1358 2037 1591 2091 τράπεζαν,
1637 2037 1771 2077 clerici

329 2092 415 2132 eius
436 2093 648 2144 faciebant,
677 2094 719 2132 id
744 2101 803 2132 est
822 2093 1042 2132 recitabant
1055 2122 1066 2143 ‚
1092 2107 1253 2132 versum
1268 2122 1280 2144 ,
1313 2107 1396 2132 uno
1418 2107 1541 2132 unam
1559 2092 1769 2146 periodum

328 2149 519 2187 recitante
534 2178 543 2195 ,
577 2149 702 2188 altero
730 2149 921 2198 alteram,
951 2148 1256 2201 suscipientibus
1281 2149 1454 2188 invicem
1473 2155 1513 2187 et
1537 2148 1769 2187 continuan-

328 2203 437 2243 tibus
466 2204 664 2243 ambobus
692 2204 843 2256 phonas
873 2203 985 2256 quasi
1017 2210 1055 2242 et
1081 2204 1335 2256 antiphonas.
1394 2204 1468 2243 Est
1492 2203 1589 2242 alias
1606 2216 1768 2256 quoque

330 2255 351 2297 ὃ
379 2259 519 2309 στίχος
545 2259 744 2299 invocatio
776 2260 911 2297 Sancti
938 2265 1006 2297 aut
1028 2258 1196 2297 Sanctae
1221 2258 1413 2309 alicuius,
1441 2265 1488 2297 ut
1514 2260 1558 2297 in
1577 2258 1766 2297 Pontific.

331 2314 500 2352 Haberti
530 2329 573 2367 p.
599 2328 718 2369 ²79¹:
746 2310 852 2364 μετὰ
877 2309 924 2352 τὸ
954 2310 1150 2364 ,,εὕλογιά
1189 2314 1336 2366 κυρίου
1371 2312 1440 2367 ἐφ’
1474 2308 1613 2364 ὖμᾶς”
1658 2311 1768 2364 λέγει

329 2365 404 2407 τὸν
432 2366 575 2419 στίχον
607 2369 750 2408 τοῦτον
777 2367 869 2408 ἀντὶ
894 2364 1152 2414 ἀπολύσεως·
1208 2364 1292 2408 Διὰ
1320 2367 1552 2421 πρεσβειῶν
1580 2374 1658 2407 etc.

440 2435 494 2473 D.
514 2434 555 2474 8.
579 2434 670 2489 [79‚
693 2433 778 2487 13.]
817 2430 1044 2485 εὐλογήσας
1078 2430 1152 2485 τὴν
1191 2431 1398 2486 τράπεζαν
1437 2431 1461 2472 ὅ
1492 2428 1770 2486 πατριάρχης.

330 2487 394 2526 De
435 2489 711 2529 benedictione
746 2503 904 2535 mensae
936 2502 1005 2527 seu
1037 2488 1219 2527 ciborum
1244 2503 1284 2527 v.
1317 2490 1385 2527 Du
1413 2489 1546 2541 Gange
1577 2488 1643 2527 Gl.
1673 2489 1765 2527 Lat.

331 2555 375 2580 v.
406 2543 656 2595 Benedictio,
687 2552 726 2583 et
755 2544 913 2598 Ioseph.
943 2542 1155 2582 Catalanus
1179 2544 1230 2582 ad
1253 2543 1359 2597 Aug.
1390 2543 1554 2582 Patricii
1585 2543 1766 2581 Cei-emo-

332 2597 437 2635 niale
464 2599 616 2639 Eccles.
645 2601 764 2638 Rom.
790 2615 832 2653 p.
859 2597 947 2638 155.
973 2598 1024 2637 ad
1050 2597 1145 2637 illa:
1179 2600 1394 2654 Postquam
1418 2612 1547 2637 omnes
1571 2598 1763 2646 laverint,

330 2653 524 2704 Pontifex·
553 2655 743 2693 benedicit
768 2668 955 2693 mensam.
1013 2653 1197 2706 Synodus
1214 2654 1474 2692 Nannetensis
1501 2667 1647 2692 canon.
1676 2651 1763 2703 54.;

331 2707 559 2757 Presbyteri
604 2710 761 2764 quando
804 2709 862 2748 ad
904 2710 1126 2748 convivium
1169 2711 1423 2757 conveniunt,
1470 2709 1590 2763 prior
1633 2721 1767 2746 eorum

331 2761 475 2816 aliquis
518 2778 671 2803 versum
703 2774 792 2803 ante
830 2778 1001 2804 mensam
1047 2765 1210 2818 incipiat
1221 2792 1235 2814 ,
1287 2763 1413 2802 cibum
1449 2772 1576 2803 antem
1607 2771 1764 2817 potum-
