1884 3132
281 115 394 172 520
592 132 666 174 10.
707 131 817 174 1Ac.
857 132 1052 173 Rssisxu
1089 120 1467 175 οοΜΜΕΝΤΑΒιι

275 237 549 287 hammedani,
567 244 613 276 ut
638 251 765 289 nugas
783 243 822 276 et
850 236 1150 288 supeistitiones
1177 235 1323 275 multas
1340 236 1452 285 alias,
1471 247 1723 292 acceperunt.

278 294 333 333 Hi
366 294 475 333 enim
513 292 810 332 Muhammedis
849 305 1011 344 quoque
1049 291 1218 330 bordam
1255 306 1325 331 seu
1371 293 1587 333 amiculum
1636 308 1720 334 uon

277 355 437 388 tantum
466 349 507 387 in
536 350 648 402 regni
661 346 894 411 Bagdadici
924 346 1143 399 insignibus
1169 346 1386 397 habebant,
1414 348 1483 387 sed
1513 350 1634 388 etiam
1650 364 1722 403 per

275 405 380 444 acies
420 406 460 442 in
507 403 748 456 gravissimis
794 402 955 455 praeliis
996 402 1370 454 ciicumgestabant.
1465 403 1563 443 Vid.
1604 403 1725 457 paulo

275 467 389 521 postu
395 459 444 497 ad
475 458 595 497 huius
623 473 711 511 pag.
735 459 788 496 D.
821 472 861 496 2.
938 457 1028 495 Huc
1057 459 1227 510 peltinet
1255 461 1374 497 etiam
1402 460 1534 513 imago
1562 459 1610 497 B.
1604 419 1724 511 P.;V

275 514 304 567 ἦ
337 512 412 566 τῆς
435 510 698 577 θεομὴτορος
726 509 871 559 εἰκών,
901 508 955 564 ἢν
983 507 1021 550 οἱ
1048 513 1235 560 βασιλεῖς
1257 491 1507 562 Ῥωμαίωνο
1507 513 1726 554 ποιοῦνται

269 564 595 620 συστράτηγον,
637 571 723 614 τοῖς
759 566 962 613 ἐναντίοις
1005 561 1187 606 ἑάλωκεν
1206 598 1218 619 ,
1249 569 1304 607 ait
1335 569 1495 607 Nicetas
1524 569 1654 608 Chon.

279 624 374 664 300.
393 623 441 662 C.
463 638 503 662 2.
518 656 530 676 ,
559 623 667 678 quod
694 623 925 662 traductum
953 629 999 662 e'x
1033 625 1157 662 veteri
1200 637 1311 663 more
1338 624 1496 676 signum
1522 624 1727 665 Victoriae

282 687 324 720 et
350 679 556 718 Fortunae
584 681 626 718 in
672 681 811 718 castris
842 685 882 717 et
909 680 1110 731 praetorio
1140 678 1330 718 habendi.
1391 680 1495 718 Nam
1519 686 1566 718 ut
1599 682 1730 733 genti

280 734 339 775 les
369 735 540 774 Romani
569 734 667 774 haec
695 736 807 786 signa
835 735 1050 772 numinum
1078 748 1243 772 suorum
1272 749 1344 787 pro
1373 735 1536 788 pignore
1562 735 1729 775 felicita-

281 792 334 830 tis
362 791 516 842 imperii
545 790 749 829 habebant
768 797 806 828 et
834 789 984 842 absque
1010 791 1058 828 iis
1086 797 1220 828 actum
1249 790 1300 828 de
1326 804 1369 829 se
1397 790 1640 830 credebant:
1671 793 1729 830 sic

267 847 380 894 ⁴novi
410 847 469 884 (ιι
470 859 552 884 aeci
581 846 752 884 Maiiam
780 851 992 898 pationam
1022 852 1060 883 et
1088 845 1272 884 tut1icem
1299 859 1434 884 rerum
1463 860 1626 884 suarum
1653 845 1730 884 ha-

279 900 432 940 bebant
481 908 520 940 et
549 915 641 940 cum
692 902 776 939 eius
805 901 976 952 imagine
1013 914 1054 939 se
1101 914 1145 938 ci
1146 899 1317 939 edebant
1340 915 1526 954 prospere
1554 908 1728 941 acturos.

281 956 449 995 Praeter
481 954 578 995 alias
609 956 796 1008 imagines
825 954 974 994 habere
1005 969 1166 1008 quoque
1191 957 1233 993 in
1260 954 1412 1007 capella
1438 970 1510 994 sua
1538 959 1729 995 castrensi

283 1010 468 1051 solebant
511 1011 641 1064 Inipp.
681 1012 872 1063 imagines
906 1025 1022 1061 suas,
1070 1010 1179 1062 quod
1206 1009 1350 1064 colligo
1388 1025 1410 1050 e
1449 1010 1536 1050 loco
1566 1012 1729 1050 Nicetae

282 1066 534 1115 Choniatae,
579 1066 649 1104 ubi
691 1072 830 1104 narrat
858 1065 996 1103 Salum
1042 1065 1244 1118 aliquem,
1285 1066 1362 1104 hoc
1400 1073 1458 1104 est
1485 1066 1729 1105 monachum

283 1123 491 1160 eremitam
530 1121 697 1159 stultum
736 1120 987 1173 eundemque
1007 1135 1083 1185 pro
1110 1128 1247 1162 sancto
1265 1128 1303 1159 et
1317 1121 1511 1174 propheta
1532 1122 1728 1170 habitum,

282 1178 425 1241 spirit-u
456 1177 629 1216 vatidico
657 1176 782 1215 Isaaci
811 1175 955 1239 Angeli
973 1207 984 1224 ‚
1012 1178 1086 1244 qui
1111 1175 1297 1239 deinceps
1325 1177 1597 1215 excoecandus
1624 1185 1726 1227 erat,

283 1231 492 1295 imagini,
535 1227 626 1283 ἥτις
662 1227 768 1270 κατὰ
797 1227 843 1269 τὸ
873 1243 934 1277 εις
973 1227 1103 1284 εὐχὴν
1132 1225 1244 1269 avr&
1272 1229 1601 1282 αποτεταγμένον
1629 1231 1730 1271 οἰκί-

284 1284 376 1326 διον
398 1281 625 1340 χρώμασιν
650 1282 880 1338 ἕστήλωτο,
911 1286 1048 1326 oculos
1078 1287 1243 1339 eruisse,
1273 1301 1316 1349 p.
1337 1286 1431 1325 236.
1458 1287 1514 1325 D.

399 1342 446 1380 B.
480 1341 521 1382 8.
567 1340 687 1392 [466‚
725 1339 803 1393 11.]
852 1354 1059 1388 κοιτωνος.
1131 1342 1238 1390 Quia
1282 1342 1323 1380 in
1371 1341 1438 1380 illo
1473 1338 1621 1393 palatio
1663 1355 1733 1381 seu

286 1398 422 1449 magni
451 1396 587 1449 palatii
615 1403 731 1449 parte
758 1396 839 1445 illa,
869 1410 972 1450 quae
996 1404 1137 1436 coeton
1166 1411 1212 1435 ex
1241 1410 1289 1435 eo
1318 1395 1610 1449 appellabatur,
1638 1397 1732 1449 quia

286 1451 515 1504 Imperator
545 1451 599 1490 ibi
628 1451 867 1501 dormiebat,
895 1454 1126 1491 vestiarium
1153 1459 1239 1490 erat
1273 1459 1313 1490 et
1338 1453 1380 1490 in
1408 1452 1595 1491 vestiario
1631 1465 1736 1490 sum-

285 1507 343 1545 mi
371 1521 553 1560 quaeque
580 1507 698 1560 pretii
726 1521 814 1556 res,
841 1509 995 1545 nummi
1023 1509 1181 1561 parati,
1201 1521 1394 1560 gemmae,
1425 1521 1520 1546 vasa
1547 1521 1668 1546 aurea
1695 1515 1738 1546 et

289 1570 501 1614 argentea,
532 1564 653 1601 vestis
680 1564 805 1601 serica
834 1569 911 1601 etc.
942 1563 1264 1612 asservabantur,
1294 1562 1389 1601 hinc
1419 1569 1490 1613 est,
1517 1569 1563 1601 ut
1592 1569 1631 1600 et
1660 1576 1732 1602 ve-

287 1617 474 1655 stiarium
516 1624 556 1656 et
602 1625 745 1657 coeton
775 1618 1001 1667 promiscue
1041 1619 1090 1657 de
1119 1618 1307 1656 thesauro
1335 1619 1444 1671 regio
1474 1625 1730 1670 usurpentur.

287 1671 343 1711 V.
383 1673 452 1711 Du
501 1672 634 1726 Cange
662 1688 704 1712 v.
753 1673 986 1712 Vestianstus
1063 1675 1260 1712 Hemicus
1301 1673 1524 1726 Knyghton
1569 1672 1620 1711 ad
1650 1672 1733 1711 An.

293 1726 412 1766 1581.
437 1742 448 1766 ε
480 1729 628 1766 ιιιναυίι
651 1728 758 1784 quod
783 1729 963 1776 credzdzl,
989 1729 1097 1784 quod
1127 1744 1204 1768 non
1228 1738 1323 1767 esset
1343 1730 1486 1783 altquis
1516 1742 1591 1766 mx
1628 1729 1734 1765 clu-15-

287 1791 436 1821 stlattas
466 1784 608 1822 habens
636 1784 836 1822 meliorem
872 1784 1173 1839 gardaropzam.
1245 1784 1377 1832 Nam,
1405 1792 1446 1822 nt
1468 1783 1601 1832 dclxii,
1624 1791 1735 1822 tanta

288 1847 377 1877 erat
398 1853 514 1892 copia
543 1852 727 1877 vasorum
756 1847 794 1877 et
822 1840 1006 1878 ιὀεαίιιιηι
1039 1840 1088 1878 de
1127 1848 1300 1892 argento.
1366 1839 1470 1877 Hinc
1515 1845 1572 1876 est
1599 1838 1734 1890 quod,

291 1906 386 1932 cum
415 1893 575 1933 Nicetas
614 1894 828 1932 Choniates
869 1895 911 1932 in
941 1895 1078 1934 codice
1104 1895 1278 1950 quodam
1308 1901 1438 1944 msto,
1467 1900 1568 1932 teste
1596 1894 1736 1932 Mont-

290 1947 478 1987 fauconio
513 1950 556 1987 in
604 1949 918 2003 Palaeog1aphia
958 1950 1114 1989 Graeca
1153 1965 1195 2003 p.
1201 1951 1317 2013 ..327⁹
1332 1979 1343 1996 ‚
1374 1949 1598 2003 appelletur
1650 1947 1735 1987 τῶν

293 2001 471 2054 κρίσεων
511 1999 664 2057 ε’φορος
694 2018 761 2043 και
793 2000 1108 2054 προκαθήμειος
1144 2005 1221 2044 τοῦ
1247 2017 1466 2052 κοιτωνος,
1496 2003 1537 2042 id
1568 2004 1740 2043 vertitur
1773 2046 1778 2053 ,-

286 2059 507 2111 praefecti&
528 2059 623 2113 fise-z
637 2060 870 2113 ιηιρει·ίιιῖἰ..ς
937 2060 1042 2098 Hinc
1082 2061 1202 2099 etiam
1230 2067 1303 2107 est,
1334 2059 1442 2114 quod
1472 2057 1736 2097 Cassiodorus

290 2113 503 2152 cubet-ulum
523 2128 596 2166 pro
626 2129 727 2167 gaza
746 2116 878 2168 posuit
904 2114 1065 2153 Variar.
1086 2115 1122 2154 1.
1148 2128 1212 2168 ep.
1229 2129 1269 2154 2.
1290 2130 1300 2154 ε
1329 2129 1414 2154 cum
1440 2114 1588 2165 blacta‚·
1615 2126 1736 2175 quam

292 2176 425 2207 nostro
453 2169 625 2208 cubzculo
650 2170 748 2208 dare
774 2170 935 2222 singulm
966 2172 1080 2209 annis
1106 2172 1338 2209 consuevisti
1356 2199 1367 2221 ,
1401 2184 1536 2208 vemt-e
1562 2168 1735 2221 festina.

293 2222 417 2272 Quod
447 2230 487 2261 et
515 2223 581 2262 alii
609 2231 791 2263 auctores
819 2225 951 2264 Latini
979 2225 1182 2264 fecerunt.
1208 2240 1247 2264 v.
1280 2226 1348 2264 Du
1366 2226 1500 2278 Gange
1517 2237 1560 2262 v.
1574 2222 1739 2261 Cubicu-

291 2276 401 2325 lum,
432 2278 536 2316 idem
563 2279 670 2333 quod
686 2293 863 2326 camara,
882 2282 1344 2344 aerariunz,1lze.5aurzae3
1372 2282 1468 2319 item
1494 2278 1546 2317 ad
1558 2275 1739 2316 Alexiad.

290 2344 334 2382 p.
357 2306 450 2371 286.
478 2340 517 2371 et
550 2348 590 2372 v.
618 2329 802 2373 Κοιτών.
859 2335 981 2374 Recte
1011 2336 1146 2388 igitur,
1176 2336 1227 2374 ad
1255 2337 1342 2374 aevi
1370 2337 1430 2374 sui
1459 2333 1620 2398 quidem
1645 2345 1734 2370 mo-

294 2398 384 2434 nes,
421 2387 848 2452 Xil³l1ili¹¹118„p·984
886 2390 947 2430 ed.
964 2391 1199 2453 Hambuimg
1244 2404 1306 2429 vs.
1337 2388 1404 2440 48.
1450 2401 1548 2433 τους
1590 2384 1635 2425 ἐν
1678 2385 1737 2423 τῶ

297 2439 502 2495 βασιλικω
545 2443 711 2482 κοιτῶνι
755 2441 1000 2496 θησαυροὺς
1041 2446 1140 2484 dixit
1161 2475 1172 2495 ,
1211 2459 1392 2498 quamws
1420 2443 1521 2482 forte
1547 2441 1625 2479 Dio
1653 2424 1736 2479 noi1

296 2495 352 2532 sic
382 2497 596 2547 sclipserit.
670 2497 764 2537 Non
804 2501 912 2537 enim
954 2514 1109 2554 semper
1150 2502 1204 2539 ita
1232 2500 1373 2538 Dionis
1399 2509 1580 2559 sermone
1610 2496 1739 2534 utitur

296 2548 533 2599 Xiphilinus
550 2579 561 2599 ‚
609 2554 707 2605 quin
747 2553 798 2592 de
833 2568 905 2593 suo
934 2555 1129 2594 inferciat.
1200 2556 1336 2604 Quare
1363 2550 1560 2591 mallem
1551 2565 1591 2588 m
1619 2564 1738 2602 prae-

296 2605 538 2644 stantissima
557 2606 624 2646 illa
653 2607 827 2647 editione
855 2610 1096 2648 vocabulum
1120 2609 1279 2647 κοιτῶνι
1311 2609 1477 2646 eiectum
1493 2619 1574 2644 non
1603 2606 1733 2644 fuisse.

295 2655 466 2710 Insignis
491 2659 567 2698 huc
608 2662 752 2701 faciens
782 2663 983 2703 Alexiadis
1016 2665 1125 2703 locus
1153 2661 1462 2716 praetereundus
1489 2674 1570 2700 non
1601 2667 1659 2701 est
1689 2674 1731 2712 p.

298 2709 366 2750 56.
398 2713 450 2751 A.
471 2714 734 2771 ·Βυζαντι’ῳ
761 2731 843 2757 τινι
870 2720 971 2758 καθ’
997 2716 1096 2758 ὁδὸν
1122 2717 1304 2767 ἐντυχών
1330 2716 1495 2769 χρυσοῦ
1520 2712 1738 2767 βαλάντιον
