1884 3132
302 136 415 204 488
610 154 683 195 10.
722 156 826 197 mc.
867 156 1062 197 muslm
1097 155 1480 198 COMMENTARu

307 272 416 307 eum,
439 266 480 296 ut
507 258 742 298 sacerdotem
762 261 893 312 regiae
928 260 1046 298 urbis.
1114 260 1247 299 Latini
1279 261 1398 299 medii
1424 260 1514 301 aevi
1540 257 1638 298 haec
1667 259 1740 298 do-

306 327 359 351 na
387 315 630 352 almonarias
668 322 707 354 et
751 316 974 353 almonaria
1001 313 1271 367 appellabantt,
1300 330 1341 355 v..
1369 315 1456 354 DC.
1487 328 1527 354 v.
1557 314 1742 354 Eleemo-

307 382 423 418 syna,
454 367 520 406 ubi
551 370 645 409 citat
666 384 687 409 e
711 371 835 408 veteri
853 370 990 408 charta
1007 369 1105 407 haec
1122 384 1132 408 :
1162 370 1276 409 dedit
1290 372 1387 408 mihi
1406 370 1613 408 dimidiam
1634 383 1743 408 mar-

307 437 397 461 cam
426 426 578 475 argenti
616 433 654 462 et
684 440 801 463 unum
831 439 988 463 aureum
1015 425 1279 474 Byzantimmz
1313 427 1420 478 i'fi'a
1449 425 1716 463 almonariam
1731 453 1745 474 ,

310 477 350 516 id
380 485 438 516 est
463 479 502 516 in
533 480 767 531 apocombio
782 479 843 519 vel
861 479 1017 518 sacculo
1036 487 1226 530 consut03
1255 482 1349 518 item
1370 481 1491 519 haec:
1523 479 1744 517 relictae-

303 547 382 587 pro
410 533 640 572 almonariis
659 536 763 573 lacus
793 537 918 583 serici,
952 535 990 572 id
1021 541 1078 573 est
1106 534 1265 573 relictae
1294 535 1455 574 fuerunt
1483 533 1586 572 telae
1614 534 1743 581 serici,

311 602 392 640 quo
433 588 606 635 sacculi⁷
649 589 859 629 almonarii
906 590 1027 639 dicti,
1075 589 1168 627 inde
1211 590 1365 629 fierent.
1431 590 1557 628 Lacus
1583 595 1643 627 est
1669 602 1747 628 vox

312 644 549 682 Germanica
577 643 691 683 laken
714 675 724 692 ‚
768 659 938 698 pannus.
1015 644 1138 683 Modo
1177 642 1460 696 ἅποκομβίον,
1508 643 1628 682 modo
1657 642 1747 683 ἐπι-

310 697 478 748 κομβίον
527 699 729 738 scribitur.
797 699 869 738 Illa
905 701 1014 753 prior
1063 699 1259 738 scribendi
1301 703 1402 739 ratio
1448 705 1676 738 constanter
1703 699 1747 736 in

309 754 455 792 nostris
483 753 723 793 membranis
751 762 933 805 servata3
962 755 1157 807 posterius
1185 755 1303 794 habet
1316 755 1489 794 Codinus
1516 768 1558 806 p.
1583 766 1744 806 ¹·2¹·9·²

311 807 382 846 uhi
411 809 466 847 ait
513 809 551 847 in
583 810 837 862 epicombiis‚
877 810 1011 862 qualia
1038 823 1110 862 per
1136 812 1432 849 coronationem
1459 810 1749 862 Imperatorum

312 871 615 916 spargerentur,
654 864 818 918 singulis
852 872 987 904 ternos
1034 878 1219 903 nummos
1247 879 1386 905 aureos
1406 895 1417 915 ,
1444 872 1578 903 ternos
1607 877 1747 915 argen-

313 925 420 965 teos,
450 919 614 958 tandem
639 927 774 959 ternos
801 933 959 974 quoque
987 933 1128 958 aeneos
1156 919 1275 958 fuisse
1315 922 1467 958 insutos
1503 926 1542 958 et
1582 919 1746 957 istorum

315 972 563 1012 sacculorum
591 980 651 1013 tot
679 988 835 1027 sparsos
878 976 916 1013 in
946 974 1140 1027 populum
1188 974 1308 1013 fuisse
1346 975 1587 1013 millenarios
1608 1003 1619 1020 ‚
1650 979 1747 1025 quot

311 1027 507 1081 placuerit
538 1029 787 1081 Imperatori.
860 1030 1007 1068 Neutra
1054 1029 1252 1068 scribendi
1288 1032 1390 1068 ratio
1443 1027 1744 1067 contemnenda.

314 1079 491 1133 Κόμβος
527 1085 642 1123 novis
670 1086 830 1126 Graecis
857 1082 1022 1134 δεσμὸς,
1071 1083 1304 1134 vinculum,
1351 1083 1414 1123 vel
1443 1085 1574 1136 potius
1600 1082 1745 1134 nodus,

314 1136 462 1176 bulbus
480 1167 491 1182 .‚
537 1152 654 1178 omne
697 1140 975 1192 protuberans.
1033 1139 1123 1178 Erit
1151 1139 1271 1192 igitur
1299 1133 1554 1189 ιῖποκομβίον
1581 1137 1748 1176 σακκίον

315 1189 633 1241 ἅποδεδεμένον,
655 1194 834 1233 sacculus
851 1195 1014 1233 seorsim
1042 1193 1200 1247 ligatus,
1230 1191 1469 1243 ἐπικομβιόν
1500 1200 1632 1231 autem
1650 1205 1746 1230 ome-⁴

314 1245 401 1284 κίον
429 1245 743 1299 ε’πιὸεὸεμὲνον,
772 1249 949 1288 sacculus
976 1248 1199 1301 colligatus.
1258 1249 1334 1287 Sed
1363 1249 1464 1287 sorte
1491 1249 1608 1286 nimis
1633 1260 1751 1299 argu-

316 1307 381 1339 tor
409 1303 449 1339 in
478 1315 543 1351 re,
567 1317 669 1355 quae
700 1304 988 1343 Graeculorum
1017 1305 1237 1356 imperitiae
1263 1305 1455 1342 sermonis
1482 1303 1600 1355 patrii
1641 1309 1680 1340 et
1697 1302 1754 1339 in-

316 1358 561 1395 constantiae
590 1365 629 1396 et
655 1361 865 1398 temerario
891 1366 1010 1411 atque
1038 1358 1249 1398 indiscreto
1274 1372 1419 1397 vocum
1446 1356 1754 1411 particularum-

319 1425 398 1463 que
447 1411 537 1449 usui
595 1412 777 1453 debetur.
850 1410 1024 1464 Κόμβος
1051 1414 1160 1452 venit
1200 1428 1224 1452 a
1271 1413 1396 1464 κῦβος
1413 1442 1425 1463 ,
1473 1412 1578 1450 unde
1605 1412 1750 1464 gibbus.

320 1465 466 1515 Κῦβον
505 1480 588 1505 esse
625 1482 743 1507 omne
788 1468 911 1517 κῦον,
952 1475 1134 1519 tumens,
1174 1476 1316 1508 notum
1343 1476 1416 1507 est.
1492 1467 1589 1505 Inde
1633 1466 1756 1504 comba·

319 1523 407 1573 (pro
435 1522 598 1570 combin,
646 1521 792 1574 κομβίν
831 1531 870 1562 et
898 1523 974 1562 hoc
1018 1537 1092 1577 pro
1123 1520 1304 1574 κυμβίον)
1352 1530 1410 1562 est
1436 1523 1551 1562 novis
1596 1521 1754 1559 Graecis

319 1575 441 1614 nodus
469 1576 509 1614 in
533 1577 743 1630 sphaerula
756 1580 992 1631 precatoria,
1021 1579 1095 1617 der
1114 1577 1275 1633 Knolff
1280 1593 1334 1617 an
1368 1579 1491 1617 einem
1518 1576 1752 1617 Pater-No-

319 1639 421 1679 ster,
451 1637 551 1670 teste
578 1632 727 1686 Sponio
754 1636 795 1673 in
821 1634 1069 1673 Dictionario
1097 1635 1278 1684 Graeco,
1306 1633 1512 1671 Itinerario
1540 1633 1623 1669 eius
1651 1629 1755 1668 addi-

321 1691 380 1723 to.
439 1685 539 1725 Inde
567 1689 748 1739 κομβοῦν
775 1685 904 1727 πολλὰ
938 1686 1136 1740 χρήματα
1167 1702 1241 1742 pro
1259 1701 1511 1736 coacervare,
1541 1699 1755 1738 exaggera-

322 1753 365 1778 re
394 1741 534 1779 multas
562 1756 651 1798 opes
685 1743 783 1782 dixit
822 1743 989 1783 Malalas
1028 1744 1078 1782 T.
1127 1743 1177 1784 11.
1207 1758 1249 1796 p.
1286 1757 1374 1797 ¹⁰9·
1404 1741 1478 1780 ult.
1507 1747 1547 1780 et
1574 1738 1756 1790 κομβοῦν

322 1794 388 1833 vel
433 1792 671 1846 κομβόννειν
713 1794 808 1838 τινὰ
847 1806 906 1837 est
944 1798 1050 1837 idem
1088 1798 1197 1851 quod
1239 1795 1394 1849 κνβοῦν
1435 1809 1552 1844 τινα,
1585 1794 1756 1846 aliquem

320 1850 506 1900 χαυιόῦν
526 1880 537 1898 ,
586 1852 798 1904 ἐπαίρειν,
845 1854 1045 1892 tumidum
1082 1861 1247 1892 ventosa
1275 1867 1342 1906 spe
1370 1852 1521 1898 facere,
1551 1850 1753 1901 decipere,

324 1903 529 1944 deludere.
587 1907 760 1947 Putabat
788 1907 838 1947 cl.
866 1909 1050 1948 Leichius
1089 1922 1134 1946 ex
1183 1910 1339 1963 impono
1365 1920 1448 1946 esse
1474 1913 1626 1944 natum.
1653 1904 1758 1942 Ver·-

325 1958 378 1997 ba
407 1961 491 1998 eius
538 1969 631 2001 sunt
675 1963 802 2002 haec:
843 1962 958 2018 *[Ex
989 1962 1154 2002 vocibus
1181 1963 1334 2001 Latinis
1377 1961 1480 2000 male
1516 1958 1723 1998 intellectis
1742 1989 1754 2006 ‚

324 2028 424 2063 quas
454 2014 594 2054 Graeci
623 2025 832 2070 usurpant,
862 2026 920 2057 est
947 2019 1065 2057 etiam
1093 2013 1297 2070 κομβόνω,
1323 2017 1490 2071 decipio,
1517 2015 1654 2061 illudo,
1684 2027 1757 2066 pro

327 2069 508 2122 impono,
538 2072 644 2123 apud
683 2073 916 2125 Theophan.
949 2087 991 2126 p.
1038 2072 1126 2111 126.
1159 2071 1254 2125 a.]*
1325 2071 1566 2125 Significatio
1591 2070 1759 2107 tumoris

326 2122 444 2161 facile
470 2124 511 2162 in
537 2124 694 2176 κόμπος
722 2134 761 2166 et
804 2126 962 2178 κομψὸς
988 2127 1238 2179 agnoscitur3
1265 2123 1417 2176 κόμβος
1446 2133 1484 2164 et
1512 2119 1665 2174 κόμπος
1694 2124 1759 2160 ni-

327 2176 386 2216 hil
415 2177 602 2219 differunt
630 2182 704 2220 nisi
733 2181 911 2221 dialecto.
966 2182 1202 2220 Macedones
1225 2195 1296 2234 pro
1325 2196 1353 2219 π
1382 2181 1570 2219 adhibere
1595 2179 1623 2230 β
1649 2191 1760 2215 ama-

327 2231 440 2271 bant.
496 2235 600 2274 Hinc
630 2234 992 2287 ἐγκομβώσασθαι,
1019 2237 1096 2274 sibi
1117 2250 1315 2291 apponere
1341 2232 1494 2285 κόμβον
1512 2265 1524 2284 ,
1550 2245 1760 2286 argumen-

325 2293 413 2325 tum
439 2293 608 2329 tumoris
635 2320 646 2340 ‚
694 2291 900 2343 superbiae
920 2321 931 2341 ,
961 2289 1307 2342 ε’γκομψεὺεσθαι.
1366 2289 1500 2328 Facile
1527 2286 1664 2340 liquet,
1694 2300 1758 2325 me

331 2353 511 2383 vexatam
531 2346 639 2384 illam
668 2346 776 2385 Petri
806 2346 846 2384 in
874 2345 1055 2398 Epistola
1082 2346 1210 2398 prima
1255 2346 1468 2384 dictionem
1495 2337 1760 2394 ἐγκομβώσα-

328 2397 406 2435 σθε
434 2396 510 2450 τὴν
539 2397 919 2452 ταπεινοφροσύνην
957 2407 1090 2439 mente
1117 2401 1279 2453 agitare.
1337 2398 1538 2451 Significat
1562 2395 1652 2434 illa:
1680 2397 1760 2446 sa-

330 2453 403 2490 cite
437 2467 505 2491 vos
531 2451 732 2504 κομψούς,
772 2462 922 2493 comtos
967 2462 1006 2493 et
1032 2456 1226 2508 speciosos
1254 2453 1500 2499 humilitate,
1528 2449 1760 2488 modestiam

330 2506 444 2544 vobis
473 2510 656 2560 apponite
694 2516 739 2547 ut
766 2517 950 2547 ornatum
987 2511 1206 2562 speciosum
1226 2539 1237 2559 ‚
1268 2510 1308 2547 in
1335 2522 1414 2560 quo
1445 2520 1487 2544 se
1513 2505 1601 2556 quis
1626 2512 1759 2543 osten-

331 2565 416 2597 tare
445 2568 483 2599 et
513 2563 715 2614 superbire
746 2571 896 2616 queatt,
926 2563 990 2603 vel
1019 2567 1137 2603 etiam
1166 2564 1276 2602 reddi
1305 2568 1434 2614 potest
1460 2569 1694 2610 exaggerate
1718 2561 1760 2597 in

330 2614 439 2651 vobis
466 2617 743 2665 humilitatem,
783 2619 982 2670 ingentem
1020 2618 1132 2657 velut
1178 2630 1323 2670 penum
1359 2622 1398 2654 et
1425 2620 1658 2667 apparatum
1684 2612 1762 2652 hu-

332 2667 509 2708 militatis
543 2672 580 2709 in
602 2671 719 2711 vobis
745 2673 918 2712 condite.
946 2673 1040 2712 vid.
1072 2672 1122 2712 de
1148 2672 1224 2712 hoc
1250 2669 1374 2711 verbo
1390 2668 1526 2710 Photii
1555 2667 1762 2721 epistolam
