1884 3132
252 125 368 193 646
572 143 646 185 10.
686 142 793 187 uc.
834 145 1029 186 mnsxn
1065 144 1446 189 commum

253 249 441 288 Cosmam
481 247 720 302 Magistrum
762 249 805 289 in
832 248 972 288 Asiam
1001 249 1053 289 ad
1080 250 1298 291 Tarsenses
1325 250 1478 290 misisse
1494 280 1506 300 ,
1536 252 1607 306 qui
1634 266 1707 292 ne-

254 305 408 359 gotium
436 303 514 342 hoc
527 304 770 345 confecerint
798 305 905 357 apud
926 303 1096 344 fluvium
1114 306 1302 345 Lamum.
1332 306 1509 346 Pulchre
1538 321 1709 347 concor-

254 360 354 402 dant
381 358 480 398 haec
508 358 791 413 chronologiae
818 367 991 399 nostrae.
1051 361 1256 401 Romanus
1284 362 1419 401 senior
1446 361 1614 401 decessit
1641 375 1710 401 ex-

254 421 374 454 eunte
402 428 440 453 a.
465 412 563 467 944.
635 415 722 453 Sub
754 417 868 454 initia
901 416 996 454 anni
1019 415 1115 470 945.
1144 416 1375 456 deturbavit
1408 424 1447 456 et
1474 418 1516 455 in
1547 416 1709 456 exilium

255 471 336 522 egit
364 469 656 509 Constantinus
684 469 855 509 Romani
895 470 1023 521 filios,
1053 470 1198 510 rivales
1230 479 1269 510 et
1296 478 1554 525 usurpatores
1582 473 1712 525 impe-

258 525 307 563 rii
340 525 418 564 sui.
476 525 679 564 Credibile
707 532 792 575 est,
841 540 933 564 eum
964 526 1104 564 eodem
1150 540 1256 566 anno
1296 527 1417 580 paulo
1462 534 1551 580 post
1578 526 1620 565 id
1650 527 1711 566 fa-

258 587 371 619 ctum
417 580 600 620 Romano
647 580 730 619 filio
768 588 934 620 stemma
979 583 1214 634 imposuisse
1260 582 1447 621 firmandi
1491 583 1603 635 regni
1651 583 1713 621 sui

261 650 409 685 causa3
437 642 478 674 et
504 635 675 675 liberum
704 636 766 675 his
798 638 903 675 curis
935 638 1127 689 cogitasse
1165 637 1215 675 de
1255 637 1498 677 redimendis
1528 637 1715 676 Christia-

258 693 350 741 nis,
378 690 610 744 legatosque
653 706 746 730 suos
788 705 877 730 eam
908 693 961 731 ob
999 706 1085 730 rem
1112 692 1285 731 Tarsum
1323 693 1538 746 expediisse
1568 699 1716 731 aestate

259 753 330 785 aut
357 753 555 785 autumno
573 748 668 785 anni
702 746 819 801 945„
848 761 941 786 cum
969 748 1115 800 quibus
1144 748 1405 787 redeuntibus
1422 749 1594 786 vicissim
1611 748 1715 786 Tar-

260 815 395 841 senses
425 801 553 840 CPlin
582 803 843 854 migraverint
870 817 964 842 vere
991 803 1086 841 anni
1114 801 1211 855 946.
1242 802 1568 842 redimendorum
1597 805 1716 855 capti·

261 871 408 896 vorum
447 871 568 896 causa
609 871 775 896 suorum
815 857 1039 910 gentilium.
1109 859 1319 897 Caeterum
1347 872 1490 898 vocem
1518 853 1718 908 α’λλάγιον

261 914 372 952 varie
399 919 564 951 vertunt
597 914 851 965 interpretes.
904 913 1038 951 Goaro
1084 912 1136 951 ad
1165 913 1368 952 Codinum
1399 928 1442 966 p.
1472 913 1541 952 52.
1572 926 1614 951 n.
1645 913 1716 953 53.

261 968 446 1019 globum,
483 982 625 1020 agmen
666 969 863 1018 militum,
905 970 997 1020 (qua
1040 967 1090 1006 de
1129 969 1416 1021 significatione
1457 966 1578 1021 paulo
1625 974 1717 1020 post

263 1022 381 1076 plura
410 1021 634 1071 dicentur,)
672 1022 870 1061 Fabrotto
910 1023 1040 1061 Gloss.
1073 1022 1246 1061 Cedren.
1269 1025 1509 1078 permutatio
1527 1024 1716 1077 pecunia-

263 1092 378 1126 rum,
419 1078 630 1131 interpreti
666 1078 811 1116 Leonis
854 1078 1115 1116 Grammatici
1158 1092 1199 1130 p.
1221 1078 1388 1132 49¹·C·
1431 1092 1494 1117 12.
1548 1078 1720 1117 vertitur

247 1133 417 1184 Jbedus,
447 1133 558 1185 quod
573 1133 735 1172 videtur
759 1134 879 1171 etiam
909 1133 965 1171 ibi
993 1133 1242 1185 significare3
1273 1133 1342 1172 sed
1372 1147 1413 1186 p.
1434 1131 1526 1172 505.
1549 1132 1596 1170 B.
1621 1147 1715 1184 pen.

264 1195 324 1226 est
351 1187 493 1240 procul
519 1188 646 1227 dubio
668 1190 904 1242 permutatio
933 1190 1202 1241 captivorum,
1243 1195 1288 1227 ut
1315 1190 1355 1226 in
1385 1195 1523 1227 nostro
1552 1187 1629 1226 hoc
1657 1187 1718 1226 lo-

264 1256 312 1281 co
339 1250 381 1282 et
408 1243 515 1296 apud
552 1243 724 1282 Cedren.
764 1257 805 1296 p.
827 1243 923 1293 540.
962 1244 1010 1282 Β.
1091 1243 1300 1282 Interdum
1343 1242 1462 1282 simul
1490 1243 1567 1281 hoc
1593 1249 1652 1281 est
1680 1249 1721 1281 et

263 1297 381 1336 illud.
441 1297 668 1337 Cohaerere
705 1299 814 1336 enim
842 1298 972 1337 solent
1001 1298 1251 1350 captivorum
1292 1299 1540 1351 permutatio
1569 1304 1608 1336 et
1636 1297 1720 1336 foe-

272 1353 362 1392 dus.
421 1352 485 1391 De
512 1353 705 1392 archonte
733 1352 866 1407 allagii
889 1382 900 1403 ,
942 1353 993 1392 de
1033 1366 1113 1407 quo
1140 1352 1346 1406 disputant
1374 1354 1533 1393 Goarus
1559 1351 1588 1391 l.
1620 1366 1658 1391 c.
1681 1359 1722 1391 et

267 1407 335 1445 Du
369 1407 505 1460 Gange
525 1422 567 1447 v.
597 1404 834 1459 Ἀλλάγιον,
876 1408 1055 1450 breviter
1082 1408 1327 1447 monendum
1358 1416 1437 1459 est,
1481 1422 1572 1447 eum
1602 1407 1724 1446 fuisse

266 1462 511 1516 praefectum
540 1464 615 1502 τοῦ
642 1459 870 1515 ἄλλαγιόυ,
902 1463 1010 1503 illius
1052 1463 1227 1503 cohortis
1247 1494 1258 1513 ,
1291 1477 1394 1517 quae
1421 1463 1473 1502 ad
1501 1462 1725 1502 custodiam

267 1518 406 1570 palatii
437 1525 477 1557 et
515 1519 616 1557 sacri
645 1519 824 1571 corporis
863 1518 986 1558 semel
1013 1532 1085 1571 per
1115 1518 1220 1557 diem
1258 1526 1298 1558 et
1327 1526 1500 1568 noctem,
1525 1525 1595 1557 aut
1623 1531 1725 1570 quo·

266 1574 340 1613 ties
369 1574 564 1626 placuerit
592 1574 763 1627 principi
792 1573 1101 1627 ordinatumque
1117 1574 1259 1625 suerit,
1292 1570 1509 1622 ἀλλάσσει,
1545 1587 1637 1612 cum
1665 1571 1726 1610 al-

268 1635 354 1668 tera
371 1659 380 1675 ‚
413 1643 517 1682 quae
533 1629 721 1668 defuncta
746 1629 940 1668 hactenus
969 1629 1047 1669 suit
1081 1628 1220 1668 eodem
1249 1628 1395 1676 officio,
1429 1629 1534 1667 vices
1561 1642 1725 1682 permu-

271 1692 330 1722 tat
358 1698 503 1736 easque
523 1713 535 1734 ,
569 1698 697 1738 usque
724 1683 822 1723 dum
851 1684 904 1723 ab
931 1684 1009 1724 alia
1036 1684 1273 1724 succedente
1302 1697 1420 1722 suum
1450 1684 1491 1722 in
1520 1682 1656 1721 locum
1676 1681 1726 1720 li-

269 1737 434 1778 beretur
451 1769 461 1789 ,
492 1753 619 1792 usque
647 1739 698 1778 ad
741 1747 898 1792 tempus
923 1739 996 1791 τῆς
1026 1736 1210 1791 α’λλαγῆς
1235 1737 1309 1777 καί
1336 1737 1564 1791 διαδοχῆς,
1605 1738 1722 1790 gerit.

270 1792 421 1832 Franci
450 1796 492 1833 la
513 1795 638 1847 garde
659 1802 697 1833 et
726 1791 952 1834 ἂλλάσσειν
968 1825 980 1846 ,
1010 1803 1161 1834 montet*
1183 1795 1225 1832 la
1251 1793 1390 1845 garde,
1419 1807 1495 1831 nos
1522 1792 1590 1831 die
1617 1791 1686 1831 W
1707 1815 1728 1822 -

271 1851 340 1887 che
375 1857 414 1888 et
455 1850 522 1887 die
551 1850 710 1889 [Vaeloe
744 1851 903 1889 abliisen
922 1879 933 1900 ,
972 1851 1055 1901 zzz-cf
1086 1849 1153 1887 die
1189 1847 1257 1887 W
1253 1849 1347 1886 aclze
1386 1849 1497 1886 zz‘elm
1540 1847 1726 1886 dicimus.

275 1905 381 1944 Hinc
409 1905 524 1943 facile
551 1912 609 1944 est
636 1905 876 1959 intelligere,
894 1919 1018 1957 quare
1045 1918 1120 1944 vox
1146 1899 1274 1954 λόχος
1306 1917 1329 1942 a
1358 1902 1568 1942 scholiaste
1596 1904 1727 1955 Oppi-

274 1961 339 1998 ani
370 1960 416 1999 L.
438 1961 469 1999 Ι.
517 1960 732 2000 IIalieutic.
774 1975 846 2013 per
886 1957 1084 2012 ἅλλάγιον
1129 1958 1358 1997 τθάἀᾶῑυτ.’
1405 1957 1562 1996 Arabes
1595 1964 1731 1995 exacte

277 2025 328 2064 ad
368 2026 562 2064 Graecam
602 2041 742 2066 vocem
768 2016 915 2078 ’δὶ-,θρλ-ἷῗ,
945 2025 1154 2074 Amadum,
1172 2024 1212 2062 id
1243 2030 1302 2062 est
1329 2019 1405 2075 τήν
1429 2018 1634 2075 ἀλλαγὴν,
1665 2024 1731 2061 vi-

275 2095 386 2130 cem,
437 2080 640 2134 appellant
657 2112 668 2132 ,
698 2096 820 2136 quam
854 2095 994 2122 vocem
1022 2095 1104 2119 non
1132 2081 1168 2118 T
1174 2093 1291 2118 ureae
1318 2079 1448 2118 solum
1468 2108 1478 2125 ,
1510 2078 1579 2117 sed
1608 2080 1728 2116 etiam

279 2136 414 2175 Latini
447 2145 750 2188 assumserunt3
800 2137 885 2177 vid.
926 2137 994 2175 Du
1021 2135 1218 2188 Cangium
1264 2148 1303 2173 v.
1343 2134 1518 2173 Anubda
1556 2139 1595 2171 et
1626 2132 1731 2171 Ἀη-

272 2192 416 2242 upcla,
459 2199 501 2231 et
531 2193 750 2231 Leunclav.
806 2192 1007 2231 Pandecte
1043 2191 1241 2241 Turcica,
1271 2190 1341 2242 qui
1405 2202 1516 2227 more
1553 2187 1727 2226 Turcico

281 2245 430 2286 Neuhet
456 2246 583 2286 effert.
643 2248 789 2286 Noster
823 2246 1025 2295 ταξείὸων
1051 2259 1213 2299 quoque
1244 2243 1417 2298 appellat
1445 2245 1495 2282 L.
1517 2243 1571 2281 ΙΙ.
1599 2257 1634 2281 ο.
1663 2254 1726 2293 ¹9.

277 2307 317 2338 et
346 2316 410 2340 20.
466 2302 557 2340 Non
589 2305 758 2355 reperio,
787 2302 940 2355 quoties
972 2308 1145 2340 mutatae
1173 2314 1246 2353 per
1270 2300 1376 2338 diem
1406 2306 1445 2338 et
1476 2304 1634 2336 noctem
1661 2295 1730 2333 fu-

278 2357 384 2395 erint
412 2357 519 2396 vices
553 2358 810 2396 excubiarum
855 2359 893 2394 in
925 2356 1017 2395 aula
1056 2356 1275 2408 Byzantina
1298 2384 1309 2405 ,
1339 2356 1416 2392 nisi
1446 2354 1548 2392 forte
1575 2365 1619 2389 ex
1648 2350 1729 2388 No-

279 2412 351 2448 stri
380 2414 509 2464 capite
538 2411 630 2451 libri
659 2413 822 2451 secundi
852 2414 983 2464 primo
1013 2410 1198 2450 concludi
1228 2417 1385 2464 posset,
1414 2407 1535 2447 semel
1563 2419 1635 2459 per
1664 2404 1735 2444 di-·

279 2478 344 2503 em
374 2467 415 2504 id
454 2467 603 2506 sactum
645 2467 779 2506 fuisse.
838 2467 985 2505 Putem
1025 2474 1158 2505 tamen
1189 2465 1231 2504 id
1258 2465 1391 2518 potius
1418 2461 1549 2501 saltim
1577 2460 1639 2498 bis
1669 2459 1729 2497 fa-

281 2526 403 2562 ctum.
461 2522 565 2560 Nam
609 2522 787 2561 Codinus
825 2522 900 2560 τοῦ
930 2517 1219 2573 ἢμεροβιγλίου
1266 2519 1461 2558 meminit.
1533 2514 1728 2554 Attamen

282 2576 389 2623 apud
419 2576 624 2616 Romanos
666 2591 827 2631 quoque
853 2576 975 2615 semel
1025 2590 1096 2628 per
1124 2575 1230 2613 diem
1260 2581 1299 2612 et
1326 2578 1484 2611 noctem
1512 2569 1727 2608 mutaban-

280 2634 346 2664 tur
400 2632 623 2671 excubiales
670 2633 881 2681 cohortes3
932 2631 1018 2669 vid.
1052 2630 1142 2668 Iulii
1171 2628 1350 2667 Africani
1388 2625 1500 2664 locus
1527 2624 1632 2677 apud
1660 2624 1728 2662 Du

283 2681 480 2734 cangium
523 2686 588 2724 Gl.
635 2688 710 2725 Gr.
753 2701 792 2739 p.
822 2700 910 2739 ¹99·
944 2685 1151 2737 Principes
1191 2680 1518 2721 Muhammedani
1549 2678 1732 2718 solebant

283 2735 379 2775 olim
401 2745 471 2777 aut
498 2738 560 2779 bis
589 2753 660 2793 per
690 2741 795 2780 diem
812 2770 823 2792 ‚
854 2754 970 2779 manc
999 2747 1037 2779 et
1067 2751 1226 2792 vespere
1244 2766 1256 2789 ,
1287 2742 1355 2774 aut
1394 2735 1619 2788 quinquies,
1657 2733 1733 2772 sub
