1884 3132
273 98 383 170 726
549 115 624 155 10.
668 113 773 155 mc.
827 115 1023 162 nmsxn
1067 113 1444 157 coMMENTAmn

270 221 409 260 lutaris
425 218 660 260 consuetudo
685 220 991 270 escz’ntromztcm,
1015 218 1198 270 ut-Kyrie
1210 219 1349 258 eleison
1358 220 1608 274 frequentant
1625 234 1713 260 cum

268 275 419 328 grandi
446 274 589 326 affectu
618 283 655 312 et
679 276 970 328 compunctione
998 274 1178 323 dicatur,
1210 275 1364 330 placuit
1383 276 1499 313 etiam
1517 275 1626 313 nohis
1639 306 1650 322 ‚
1675 284 1717 315 ut

270 332 311 370 in
330 331 506 369 omnibus
526 330 694 368 ecclesiis
721 330 862 368 nostris
885 331 959 367 isca
984 339 1063 368 tam
1086 339 1220 367 sancta
1243 330 1472 368 conszaetudo
1494 338 1532 367 et
1548 330 1605 368 ad
1627 344 1716 368 ma-

271 387 435 425 culinum
456 396 494 424 et
508 386 566 424 ad
581 387 717 423 missas
734 394 771 423 et
787 385 845 423 ad
856 399 1059 438 vesperam
1076 385 1149 423 deo
1159 386 1335 439 propitio
1351 386 1645 425 intromittatur.
1671 384 1713 423 S.

272 441 451 493 August.
472 441 552 494 Ep.
569 441 645 479 111.
668 447 841 479 caeteras
865 442 971 478 inter
987 439 1290 478 acclamationes
1311 454 1333 478 a
1350 441 1514 478 notariis
1533 439 1721 478 ecclesiae

274 503 455 548 exceptas
484 498 524 535 in
555 495 667 534 Actis
694 495 958 534 ordinationis
995 495 1134 534 Eradii
1163 494 1260 533 haec
1291 495 1441 535 refert:
1481 495 1622 548 dignus
1638 503 1717 542 est,

273 553 392 590 iustus
411 560 490 600 est,
534 551 680 589 dietum
713 552 833 589 vicies
851 580 863 600 ,
895 551 989 589 bene
1026 552 1182 588 meritus
1199 580 1209 597 ,
1254 550 1346 588 bene
1369 551 1510 603 dignus
1545 558 1623 597 est,
1654 549 1724 588 di-

274 615 375 645 ctum
404 608 621 662 quinquies.
691 605 768 644 Sed
820 605 919 658 quid
958 619 1059 659 opus
1088 612 1146 644 est
1188 605 1367 658 exempla
1410 604 1538 644 aliena
1567 606 1718 655 citare,

276 676 368 700 cum
398 661 521 701 codex
566 668 702 700 noster
743 661 894 713 ubique
940 674 1079 699 eorum
1125 659 1286 699 abunde
1313 667 1527 714 suggerat,
1554 672 1724 711 monens

275 716 380 756 hanc
409 715 474 756 vel
504 716 613 756 iilam
642 716 857 755 formulam
887 717 1004 755 toties
1032 715 1095 754 vel
1116 717 1231 754 toties
1258 715 1375 754 fuisse
1395 715 1614 754 recItatam.
1635 715 1728 753 Ma-

276 773 388 810 navit
418 771 497 811 hoc
525 787 570 811 ex
599 774 723 810 veteri
754 786 865 810 more
905 772 1050 810 Curiae
1088 771 1292 810 Romanae
1322 770 1635 823 imperatoribus
1657 783 1729 809 ac·-

277 827 491 867 clamandi.
547 827 789 880 Spississime
821 827 927 865 enim
959 826 1103 879 legitur
1132 827 1171 864 in
1201 825 1469 879 Scriptoribus
1500 825 1606 865 Hist.
1637 824 1728 863 Au-

279 891 416 936 gustae
445 882 544 921 hacc
572 882 637 921 vel
666 882 733 920 illa
758 892 845 920 acca
876 884 947 932 (sic
971 881 1226 935 appellabant
1254 889 1365 932 tuin,
1393 881 1501 934 quod
1532 880 1728 935 posterio-

279 951 343 977 res
368 939 530 988 laudes,
558 937 701 976 Gracci
743 935 974 991 εὐφημίας)
1019 939 1137 976 toties
1169 943 1288 990 atque
1313 938 1429 976 toties
1457 936 1576 974 fuisse
1607 935 1729 974 dicta.

278 993 333 1032 V.
367 1008 402 1032 e.
431 1008 469 1031 c.
498 1007 539 1046 p.
562 992 656 1031 601.
688 992 740 1031 T.
765 991 820 1030 11.

362 1047 457 1097 354.
478 1049 531 1086 A.
563 1061 618 1086 10.
645 1045 763 1101 [612‚
789 1044 874 1100 πμ]
902 1045 961 1101 τῷ
990 1044 1113 1100 πώλῳ
1142 1042 1305 1096 ἐπιβὰς.
1364 1045 1518 1091 Πῶλος
1551 1058 1619 1083 seu
1647 1043 1728 1083 asi-

281 1117 356 1142 nus
393 1102 490 1141 olim
535 1109 620 1141 erat
662 1102 909 1141 Graecorum
951 1100 1268 1154 pati-Iarcharnm
1308 1108 1347 1140 et
1391 1100 1628 1139 clericorum
1685 1101 1727 1137 in

280 1160 533 1206 universum,
565 1163 705 1211 utpote
730 1155 996 1196 humilitatem
1026 1157 1323 1209 profitentium,
1370 1163 1534 1195 vectura
1562 1155 1602 1193 in
1631 1167 1729 1207 pro-

287 1211 534 1254 cessionibus
562 1219 602 1252 et
629 1212 742 1251 alias.
771 1211 1037 1265 Theophanes
1066 1226 1106 1263 p.
1131 1210 1220 1261 104.
1241 1211 1288 1249 B.
1318 1210 1367 1250 de
1384 1210 1571 1249 Aeluro:
1601 1232 1654 1239 —-
1682 1207 1731 1248 ὲκ

283 1268 361 1306 τοῦ
389 1265 593 1307 παλατιόυ
644 1266 868 1306 λιτανεύων
910 1259 1039 1319 ἦλθεν
1067 1265 1126 1312 εἰς
1154 1265 1229 1319 τὴν
1258 1264 1477 1317 ἐκκλησίαν
1505 1260 1733 1316 ὀχούμενος

285 1316 382 1377 ἷίνῳ.
441 1323 502 1360 lta
532 1336 691 1375 quoque
720 1322 761 1364 S.
809 1321 1118 1375 Chrysostomus
1162 1322 1203 1359 in
1234 1319 1415 1360 exsilium
1443 1319 1581 1359 abiens
1612 1332 1731 1372 super

285 1378 398 1416 asino
431 1377 672 1432 conspicitur
719 1378 762 1415 in
802 1376 1032 1430 Menologio
1061 1375 1261 1415 Basiliano
1290 1377 1344 1415 T.
1366 1375 1400 1415 I.
1427 1389 1468 1428 p.
1499 1373 1608 1426 ι84.;
1642 1373 1727 1412 vid.

289 1432 518 1471 casaubon.
563 1433 615 1472 ad
642 1433 786 1485 Script.
817 1432 924 1472 Hisf.
968 1434 1074 1485 Aug.
1103 1432 1152 1471 T.
1175 1432 1209 1470 Ι.
1239 1446 1282 1486 p.
1313 1444 1405 1485 799.
1433 1437 1472 1469 et
1497 1429 1566 1469 Du
1594 1429 1733 1482 Gange

288 1487 357 1526 Gl.
392 1488 483 1526 Lat.
534 1502 576 1526 v.
606 1488 821 1528 Asinorum
850 1487 948 1527 ordo
977 1494 1016 1527 et
1045 1486 1110 1525 Gl.
1144 1487 1216 1526 Gr.
1260 1501 1302 1526 v.
1329 1486 1480 1532 πῶλος.
1540 1483 1619 1524 Sed
1647 1498 1732 1523 non

288 1544 344 1581 ita
373 1543 545 1597 episcopi
572 1543 747 1594 Romae,
775 1543 845 1597 qui
873 1557 976 1598 equo
1014 1541 1265 1582 vehebantur
1283 1572 1294 1592 ‚
1325 1540 1552 1580 honestiore
1579 1539 1734 1578 anima-

290 1596 319 1636 li
358 1605 397 1637 et
439 1600 546 1637 viros
586 1599 785 1652 principes
831 1600 958 1652 magis
996 1598 1173 1637 decente.
1232 1598 1362 1637 Unum
1403 1596 1513 1635 nobis
1536 1595 1734 1634 caballum

293 1654 479 1693 miset-um
511 1655 790 1702 transmisisti,
840 1655 896 1693 ait
933 1654 1148 1706 Gregorius
1185 1654 1245 1692 M.
1275 1653 1405 1706 Epist.
1440 1651 1505 1690 50.
1545 1651 1593 1690 L.
1613 1650 1732 1700 X11.‚

291 1716 330 1746 et
351 1710 520 1764 qzu'nque
550 1709 667 1749 bonos
691 1711 835 1749 asinos.
906 1709 1112 1747 Cuballum
1149 1709 1261 1748 illum
1288 1708 1420 1746 sedere
1447 1721 1530 1745 uon
1557 1718 1731 1760 possum,

293 1765 387 1817 quia
409 1767 529 1802 miset·
546 1773 626 1813 est,·
660 1765 748 1804 illos
771 1774 900 1804 autem
922 1764 1038 1803 honos
1059 1764 1191 1803 sedere
1211 1777 1290 1802 non
1306 1776 1481 1818 possum,
1509 1761 1604 1816 quia
1630 1760 1737 1798 asini

293 1827 393 1856 sunt.
423 1818 634 1871 *[Pipinus
650 1834 717 1859 rex
734 1820 823 1859 vice
837 1820 1016 1859 stratoris
1034 1820 1106 1858 ivit
1121 1834 1211 1857 cum
1230 1818 1416 1872 pontifice
1425 1830 1527 1871 equo
1539 1814 1736 1854 insidente

294 1887 338 1925 p.
361 1887 430 1927 9¹·
464 1873 654 1915 Alberici.
710 1875 820 1914 Idem
850 1876 957 1925 facit,
987 1889 1078 1913 cum
1098 1874 1324 1928 patriarcha
1343 1872 1491 1911 electus
1508 1877 1581 1917 est.
1615 1870 1735 1908 Hunc

295 1929 426 1980 ipsum
455 1928 655 1983 hodieque
682 1929 792 1969 ducit
818 1929 1058 1983 Vezirus.]*
1115 1929 1289 1968 Chalisas
1324 1942 1483 1982 quoque
1507 1926 1601 1965 olim
1630 1926 1738 1976 Bag-

298 1982 460 2023 dadicos
476 2015 489 2034 ,
532 1999 636 2039 equo
664 1986 869 2035 sedentes,
911 1985 1111 2025 ducebant
1137 1984 1337 2023 interdum
1367 1982 1550 2022 Sultham
1581 1979 1736 2032 Selgju-

299 2038 416 2077 kidae
443 2047 482 2078 et
512 2038 608 2089 alii,
658 2041 814 2080 frenum
849 2048 1029 2081 tenentes
1083 2047 1122 2079 et
1157 2039 1326 2094 pedibus
1362 2039 1438 2091 ipsi
1466 2034 1734 2076 ambulantes.

298 2093 377 2132 Sed
405 2094 483 2133 hoc
509 2094 630 2135 huius
658 2095 733 2135 loci
762 2111 843 2136 non
873 2104 943 2139 est.

409 2150 542 2189 B.15.
577 2151 691 2204 [613⁴
713 2151 776 2206 9.]
820 2148 870 2191 τά
895 2165 939 2191 τε
978 2149 1111 2190 σκῦλα
1149 2149 1220 2189 καί
1258 2144 1446 2201 λάφυρα.
1502 2145 1738 2184 Distinctio-

301 2217 393 2242 nem
422 2207 526 2244 inter
553 2205 625 2245 has
653 2207 751 2246 duas
771 2221 888 2246 voces
917 2208 958 2245 in
978 2207 1130 2244 Latinis
1150 2204 1412 2244 adumbravi:
1442 2201 1575 2241 σκῦλα
1594 2212 1739 2251 nempe

301 2273 347 2297 ea
376 2267 496 2311 sunt,
525 2275 629 2314 quae
656 2255 737 2300 οἷπό
775 2261 858 2301 τῶν
884 2260 1158 2300 πεπτωκότων
1187 2257 1449 2307 σκύλλονται,
1480 2270 1506 2294 a
1530 2254 1737 2294 iacentibus

301 2316 550 2363 avelluntur,
580 2319 749 2356 mortuis
777 2316 1012 2370 corporibus
1040 2315 1327 2354 abstrahuntur
1346 2343 1356 2362 ,
1398 2319 1445 2351 ut
1472 2317 1622 2357 vestes,
1651 2316 1739 2346 tor-

301 2383 400 2421 ques
419 2399 430 2418 ‚
462 2385 632 2423 aurum,
681 2386 888 2425 gemmae,
933 2386 1044 2411 arma
1070 2379 1166 2422 etc.,
1195 2365 1369 2423 λάφυρα
1400 2380 1520 2417 vero,
1548 2378 1649 2418 quae
1675 2364 1740 2401 vi-

303 2425 365 2462 vis
393 2424 523 2464 adhuc
551 2426 757 2478 hostibus,
786 2427 855 2466 sed
883 2435 952 2466 aut
978 2429 1103 2480 captis
1130 2432 1200 2465 aut
1226 2426 1267 2463 in
1285 2424 1419 2476 fugam
1446 2419 1632 2460 coniectis
1653 2418 1741 2456 adi-

303 2487 498 2531 muntur,
527 2490 572 2520 ut
610 2490 768 2531 vestes,
809 2497 944 2532 arma,
989 2483 1159 2521 tentoria
1197 2487 1236 2519 et
1280 2478 1414 2518 omnia
1449 2477 1496 2514 iis
1523 2481 1707 2512 contenta
1726 2503 1738 2520 ,

305 2533 499 2585 iumenta,
529 2535 695 2590 reliqua,
728 2532 857 2576 πάντα
885 2535 935 2577 τὰ
964 2534 1280 2590 λαφυσσόμενα,
1297 2535 1445 2579 omnia,
1463 2543 1563 2584 quae
1590 2527 1742 2567 differri

306 2586 385 2625 huc
415 2589 530 2638 illuc,
562 2591 719 2643 dividi,
751 2593 947 2646 discerpi,
976 2593 1087 2632 velut
1114 2592 1252 2645 panni,
1282 2589 1388 2627 ferro
1416 2585 1668 2624 contruncari
1701 2590 1740 2622 et

307 2642 349 2679 in
378 2643 511 2682 cibum
555 2649 687 2698 parari
723 2657 918 2700 possunt,
961 2648 1072 2686 velut
1120 2647 1241 2685 boves
1279 2651 1318 2682 et
1354 2639 1538 2680 victualia
1586 2639 1736 2678 omnia.

307 2697 451 2738 Suidas
479 2701 533 2738 ita
550 2702 783 2756 distinguit:
818 2703 956 2743 Σκῦλα
982 2699 1030 2742 τά
1050 2698 1132 2740 α’πὸ
1162 2701 1242 2739 τῶν
1270 2693 1473 2746 πολεμίων
1505 2692 1741 2748 ἀνῃρημένα
