1884 3132
310 114 423 189 574
580 137 653 178 10.
698 138 802 180 1Ac.
842 139 1038 181 ausim
1083 141 1461 187 coimENTARu

395 237 489 278 285.
507 237 550 278 C.
571 254 610 294 7.
641 238 760 293 [495,
779 240 840 295 8.]
867 239 972 292 μετὰ
1000 244 1198 296 μαντιόυ,
1228 238 1319 297 ἦτοι
1350 247 1512 298 σαγίου.
1569 248 1680 289 Sitne
1694 249 1760 289 hic

310 291 387 331 loci
416 291 508 345 ἤτοι
540 297 733 347 particula
763 297 1064 351 interpretativa
1111 314 1163 339 an
1191 301 1458 353 disiunctiva‚
1507 317 1589 342 non
1618 304 1759 359 liquet.

311 347 484 388 Videtur
511 357 646 390 tamen
685 353 798 404 prius
829 356 977 406 potius.
1054 356 1148 406 Quo
1174 357 1346 396 admisso
1374 357 1495 397 suerit
1521 359 1628 398 idem
1653 374 1763 411 μαν-

309 402 396 443 τιόν
429 412 468 443 et
497 407 655 458 σαγιόν.
713 407 815 447 Sane
844 424 926 448 non
969 410 1143 450 multum
1171 412 1327 451 diversa
1365 413 1486 452 {bisse
1514 422 1696 454 mantum
1723 422 1767 455 et

309 473 452 513 sagum
479 462 600 500 credo
631 477 676 501 ex
709 464 758 501 iis
787 473 971 504 constare
989 495 1000 515 ,
1030 481 1133 519 quae
1161 468 1212 506 ad
1240 482 1281 520 p.
1304 467 1399 507 255.
1423 468 1465 507 Β.
1491 483 1530 522 7.
1582 470 1762 523 disputa-

309 516 369 554 vi.
427 516 642 556 Praeterea
671 519 810 557 malim
843 521 882 558 in
912 521 1064 561 Latinis
1092 537 1178 561 cum
1197 524 1368 576 supponi
1397 538 1471 577 pro
1499 526 1558 563 in.-
1587 525 1763 564 adoran-

308 580 386 609 tem
422 587 509 611 cum
553 587 661 626 sago.
746 574 820 614 Est
870 584 1005 615 autem
1047 579 1217 617 adorare
1251 593 1339 618 cum
1379 594 1474 632 sago
1513 582 1765 620 motitatione

311 627 486 680 quadam
518 631 601 682 sagi
642 629 682 668 in
712 629 882 683 figuram
921 632 1097 686 aliquam
1125 641 1274 672 certam
1302 634 1576 674 submissionis
1606 638 1765 689 signum

310 683 441 722 facere
460 715 471 731 ‚
503 691 549 722 ut
586 699 658 723 nos
686 685 807 726 hodie
840 695 953 726 motu
987 696 1026 727 et
1063 691 1196 742 positu
1237 690 1413 743 quodam
1440 690 1532 744 pilei
1562 691 1763 743 solemus3

307 738 392 778 vid.
416 739 521 778 dicta
544 740 594 778 ad
612 755 703 793 pag.
722 741 762 780 8.
785 743 837 782 A.
861 744 902 782 8.

420 795 466 833 C.
489 795 531 834 8.
565 795 680 849 [495,
702 795 764 850 8.]
794 795 972 849 κατάβα.
1029 800 1102 839 Est
1126 807 1312 839 truncata
1326 815 1401 839 vox
1415 815 1491 854 pro
1508 796 1766 852 καταβάσιον

308 849 371 888 vel
400 849 705 903 καταβάσιμον,
735 854 844 905 quod
874 857 989 894 novis
1004 856 1166 894 Graecis
1203 856 1309 893 idem
1338 863 1398 895 est
1423 863 1544 909 atque
1577 854 1764 907 κατάβα-

308 919 388 952 σις.
420 906 516 945 Pari
544 907 663 947 modo
693 907 822 959 διάβα
851 910 990 949 dicunt
1021 914 1074 962 (v.
1106 912 1172 949 Du
1208 911 1341 965 Gange
1361 911 1482 962 ὴν.)
1501 925 1575 964 pro
1609 905 1766 962 διάβα-

307 974 399 1011 σις,
447 964 651 1011 transitus,
680 971 719 1002 et
743 962 844 1014 s'fzffla
893 965 957 1003 vel
979 962 1114 1015 ἔμπα,
1154 968 1352 1016 ιἰιίνοι“ίιι3;
1392 980 1434 1005 v.
1461 967 1528 1005 Du
1562 966 1696 1020 Gange
1718 980 1760 1006 v.

304 1010 437 1067 ἓζιιπα.
496 1018 556 1056 Ita
586 1020 719 1057 Latini
748 1021 868 1059 medii
898 1023 985 1059 aevi
1024 1022 1186 1059 camilla
1216 1036 1289 1074 pro
1320 1021 1586 1074 capillacium.

387 1071 486 1114 286.
508 1073 553 1111 C.
575 1088 615 1127 9.
654 1073 772 1129 [497,
796 1077 856 1129 7.]
890 1073 1218 1128 Ῥουφιιίαναῖς.
1286 1077 1379 1115 Non
1408 1084 1501 1116 sunt
1532 1076 1624 1115 illae
1651 1075 1764 1115 ther-

307 1141 397 1165 mae
445 1129 624 1168 urbanae
676 1133 731 1168 sic
760 1131 890 1169 dictae
909 1161 919 1181 ,
962 1131 1012 1169 de
1044 1132 1190 1184 quibus
1221 1133 1288 1170 Du
1322 1133 1456 1185 Gange
1484 1132 1580 1171 CPli
1610 1131 1760 1170 Christ.

308 1183 359 1220 L.
384 1184 414 1223 Ι.
445 1198 486 1236 p.
505 1185 591 1238 93„
623 1185 692 1224 scd
722 1185 913 1238 palatium
946 1186 1221 1225 suburbanum
1235 1187 1454 1226 Asiaticum
1481 1189 1523 1226 in
1569 1186 1765 1227 suburbio

303 1238 634 1279 Calchedonense
672 1242 793 1279 situm
810 1272 820 1288 ‚
871 1241 922 1280 de
951 1256 1032 1295 quo
1061 1242 1168 1280 idem
1196 1244 1244 1280 L.
1267 1243 1340 1282 IV.
1372 1257 1412 1296 p.
1439 1244 1529 1296 ¹75·
1555 1242 1765 1282 conferen-
1813 1273 1821 1277 .

307 1294 406 1343 dus,
438 1295 508 1333 ubi
537 1310 698 1349 quoque
727 1297 911 1349 pluribus
940 1297 989 1336 de
1023 1297 1173 1350 palatio
1207 1295 1342 1353 ‘Hpt'ry
1376 1297 1442 1336 vel
1469 1295 1626 1350 ἱερείας
1653 1299 1764 1351 agit,

305 1351 422 1388 cuius
451 1352 662 1404 antiquum
690 1366 837 1391 nomen
875 1352 975 1391 mihi
1004 1353 1166 1391 videtur
1203 1350 1538 1406 fuisse‘HQaZ'ov,
1568 1353 1766 1406 templum

309 1405 499 1453 lunonis,
540 1407 651 1460 quod
688 1408 797 1448 idem
819 1408 1048 1448 Alemanno
1089 1408 1141 1447 ad
1166 1410 1411 1462 Procopium
1436 1422 1476 1461 p.
1506 1407 1573 1447 80.
1605 1422 1767 1462 quoque

307 1461 440 1500 visum
471 1462 562 1501 fuit.
634 1463 697 1502 De
736 1471 872 1517 satyro
917 1471 956 1502 et
1007 1463 1203 1516 poleatico
1240 1464 1340 1502 nihil
1390 1464 1566 1502 invenio.
1625 1463 1768 1517 Neque

307 1519 473 1556 mirum.
531 1518 699 1557 Dudum
728 1520 835 1559 enim
865 1526 958 1558 ante
987 1519 1298 1559 Constantinum
1336 1519 1767 1573 Porphyrogennetum

306 1581 491 1612 nostrum
537 1574 739 1614 desierant
776 1574 975 1629 quaedam
1016 1574 1163 1614 horum
1193 1575 1433 1628 palatiorum
1462 1582 1502 1613 et
1527 1574 1767 1626 nominum,

310 1636 356 1667 ut
400 1631 657 1682 strategicum
686 1645 723 1669 e.
760 1645 796 1670 c.
821 1661 832 1682 ,
874 1631 1085 1670 deuterum
1111 1660 1122 1680 ,
1162 1630 1422 1683 capitolium,
1461 1636 1647 1683 satyrus,
1692 1644 1769 1683 po-

308 1685 497 1724 leaticum
526 1693 602 1724 etc.
680 1685 887 1725 Particula
935 1685 1034 1725 haec
1077 1693 1164 1725 tota
1201 1686 1251 1725 de
1277 1686 1408 1724 reditu
1438 1686 1697 1738 Imperatoris
1727 1687 1768 1723 in

309 1741 470 1779 Urbem
506 1755 588 1779 non
635 1742 782 1780 saeculi
829 1742 1007 1789 decimi,
1053 1742 1123 1781 sed
1168 1743 1266 1780 sexti
1297 1748 1377 1790 est,
1408 1755 1491 1779 non
1520 1740 1770 1779 Constantini

310 1796 431 1835 huius
451 1827 461 1846 ,
492 1797 561 1835 sed
607 1797 719 1836 Petri
764 1799 974 1851 Magistri,
1003 1811 1025 1836 e
1069 1791 1182 1836 cuius
1225 1798 1344 1836 toties
1383 1796 1546 1835 laudato
1587 1794 1692 1834 libro
1719 1795 1771 1834 de

308 1852 607 1891 Constitutione
621 1853 879 1906 Reipublicae
906 1853 1006 1891 haec
1030 1853 1273 1892 verbotenus
1300 1852 1560 1905 transscripta
1585 1850 1766 1901 fuerunt3

313 1914 360 1946 ut
387 1922 433 1946 ex
464 1922 510 1946 eo
537 1921 698 1961 quoque
733 1908 899 1962 collegi,
943 1907 1053 1961 quod
1095 1909 1320 1961 Imperator
1347 1909 1389 1946 in
1425 1907 1495 1946 SS.
1532 1905 1767 1959 Apostolos,

311 1965 464 2001 nonin
494 1963 535 2001 S.
564 1963 758 2017 Sophiam
800 1964 953 2017 ingredi
995 1964 1180 2010 dicatur,
1225 1970 1272 2001 ut
1313 1977 1416 2015 quae
1453 1969 1541 2014 tum
1589 1961 1771 2000 nondum

310 2025 464 2057 structa
494 2026 610 2057 esset.
666 2019 687 2042 *
706 2018 879 2073 [Palatia
906 2020 1051 2057 Eriaea
1082 2020 1291 2058 Constant.
1334 2017 1586 2071 Porphyrog.
1617 2023 1770 2056 exstru-

311 2081 373 2112 cta
392 2105 402 2122 ,
435 2074 580 2126 Script.
613 2082 703 2127 post
735 2074 978 2127 Theophan.
1003 2089 1045 2127 p.
1067 2072 1221 2127 281.]*

423 2130 469 2168 C.
487 2130 640 2180 penult.
673 2129 861 2184 [497,9.]
912 2125 1045 2183 φόρον
1083 2130 1156 2168 τοῦ
1184 2127 1450 2180 στρατηγίου.
1520 2128 1765 2180 Designatur

313 2184 444 2223 forum
473 2185 718 2234 Theodosii,
749 2185 858 2238 quod
887 2186 930 2224 in
959 2199 1004 2224 ea
1034 2185 1145 2223 urbis
1174 2185 1337 2238 regione
1354 2213 1365 2233 ,
1396 2197 1500 2236 quae
1527 2183 1770 2235 Strategium

310 2240 605 2293 appellabatur,
620 2242 792 2279 extitisse
812 2240 973 2290 dicitur3
994 2240 1076 2280 vid.
1096 2241 1164 2278 Du
1178 2240 1315 2293 Gange
1333 2239 1428 2280 CPl.
1439 2237 1587 2277 Christ.
1602 2237 1634 2275 1.
1646 2234 1763 2289 p.80.

421 2297 475 2335 D.
498 2311 537 2350 7.
567 2295 684 2350 [497,
713 2294 799 2349 14]
829 2292 947 2341 ἔτους
973 2291 1069 2347 ςλγ’.
1126 2295 1218 2334 Non
1234 2301 1366 2348 potest
1392 2294 1508 2343 alius,
1538 2305 1660 2346 quam
1672 2305 1770 2344 epo—

311 2350 414 2389 chae
443 2352 588 2390 Mundi
635 2351 786 2390 conditi
825 2351 1045 2390 secundum
1087 2350 1260 2389 Graecos
1307 2364 1436 2389 annus
1463 2349 1528 2387 hic
1556 2347 1770 2399 designari.

313 2407 414 2445 Nam
443 2421 525 2445 non
552 2406 681 2446 solent
710 2421 851 2446 eorum
878 2406 1056 2445 historici
1086 2420 1214 2444 annos
1252 2405 1408 2458 imperii
1438 2403 1604 2442 alicuius
1634 2402 1770 2455 Impe-

313 2464 460 2501 ratoris
490 2464 546 2502 sic
574 2462 683 2500 nude
725 2464 862 2501 citare.
943 2462 1071 2515 Atqui
1099 2469 1234 2500 tamen
1266 2459 1408 2499 incidit
1441 2471 1569 2497 annus
1602 2456 1671 2496 ille
1700 2457 1769 2496 55.

314 2517 373 2566 (id
404 2525 463 2556 est
490 2517 623 2566 6033.)
656 2520 699 2556 in
726 2517 781 2556 A.
806 2518 851 2556 C.
886 2516 996 2567 525.‚
1027 2531 1108 2570 quo
1134 2516 1316 2555 nondum
1346 2515 1570 2567 Imperator
1598 2519 1683 2551 erat
1702 2512 1770 2550 Iu-

316 2573 524 2611 stinianus.
583 2573 683 2611 Nam
712 2572 768 2611 A.
801 2574 849 2612 C.
872 2571 967 2626 527.
1004 2572 1167 2611 demum
1196 2576 1408 2610 coronatus
1435 2568 1522 2610 fuit.
1581 2567 1674 2606 Non
1703 2568 1769 2606 vi-

315 2625 392 2664 deo
409 2656 421 2675 ,
462 2628 667 2680 quomodo
717 2627 794 2666 hoc
823 2627 993 2667 dubium
1025 2627 1180 2666 solvam
1209 2626 1284 2664 nisi
1313 2623 1473 2676 culpam
1507 2624 1549 2661 in
1583 2622 1770 2662 librarios

317 2679 585 2727 devolvendo,
618 2684 688 2736 qui
715 2697 789 2735 pro
816 2698 928 2723 more
957 2696 1030 2722 suo
1058 2690 1118 2720 sat
1146 2688 1242 2720 noto
1281 2679 1548 2717 Iustinianum
1598 2678 1666 2717 hic
1693 2691 1767 2732 pro

317 2734 470 2774 Iustino
531 2738 821 2777 substituerint.
890 2738 968 2777 Sed
1013 2736 1193 2776 solentne
1247 2733 1412 2773 titulum
1455 2731 1532 2773 τοῦ
1573 2731 1773 2784 εὐσεβοῦς
