1884 3132
213 146 289 192 An
328 150 628 194 consum.
663 151 860 194 ponpa.
900 151 972 191 m:
1015 149 1197 192 cmm.
1238 152 1337 192 Lm.
1377 153 1411 191 1.
1468 130 1598 200 453.

137 247 294 306 φόρους
325 256 408 295 τῶν
436 254 669 306 βασιλέων,
700 256 808 311 quod
833 256 891 294 ihi
919 255 986 294 die
1023 264 1206 310 nocteque
1248 255 1413 307 vigilent
1443 264 1483 294 et
1507 270 1584 296 ex-

135 309 274 348 aebeat
294 320 531 366 protectores
557 326 705 350 eorum.

247 364 295 402 C.
330 379 391 404 12.
427 365 545 420 [432
577 365 662 419 2o.]
688 360 862 418 Ἰωσὴφ.
941 365 1186 418 Designatur
1226 363 1371 417 Ioseph
1415 365 1584 418 Bringa's

134 418 368 470 eunuchus,
409 422 473 459 cui
519 434 561 459 se
603 433 800 472 suumque
841 420 1054 472 imperium
1083 426 1213 458 totum
1250 419 1472 458 tradiderat
1499 422 1582 460 Ro-
1612 450 1618 454 -

133 485 277 512 manus
303 475 456 514 Iunior.
496 475 593 514 vid.
636 475 807 513 Cedreu.
848 489 890 527 p.
921 474 1016 525 642.
1095 475 1181 512 lam
1215 476 1257 513 in
1294 477 1421 527 gratia
1451 475 1582 515 fuerat

131 528 241 580 apud
269 528 590 579 Constantinum,
623 544 664 568 v.
694 530 840 581 Script.
872 536 961 581 post
994 529 1236 582 Theophan.
1264 544 1306 581 p.
1336 543 1431 583 277.
1461 531 1510 568 B.
1541 538 1581 570 et

129 582 225 635 293.
266 583 346 623 fine
363 615 375 633 ,
416 586 486 638 qui
513 599 737 638 anonymus
779 585 948 636 scriptor
977 585 1108 622 virum
1137 584 1394 623 vehementer
1422 584 1574 634 laudat,

132 637 237 676 cont:
265 652 303 691 p.
333 652 428 693 297.
461 646 501 678 et
529 653 625 692 299.
656 640 704 678 C.
724 669 736 688 ‚
767 638 871 678 forte
897 641 992 692 quia
1021 639 1097 677 sub
1125 653 1247 692 reguo
1277 640 1446 678 Romani
1478 643 1579 679 scri-

128 689 278 743 bebat,
307 700 347 732 et
373 701 444 732 aut
469 693 661 733 beneficia
689 694 742 733 ab
766 708 813 732 eo
857 702 1090 747 acceperat²
1119 701 1188 733 aut
1220 701 1351 733 tutum
1379 709 1462 733 non
1491 703 1578 735 erat

129 744 335 787 hominem
361 747 532 788 laedere.

211 801 305 842 252.
332 803 384 842 A.
417 803 460 843 8.
491 803 607 858 [434‚
647 802 727 857 14]
758 799 1006 854 ὑποδήματα
1047 799 1218 855 ῥούσεα.
1277 805 1339 843 De
1367 803 1509 844 calceis
1536 814 1576 846 et

127 854 265 910 caligis
292 858 426 897 rubris
443 888 455 909 ,
485 866 532 897 ut
561 859 705 912 insigni
734 859 890 911 imperii
928 858 1081 896 CPtani
1100 888 1112 908 ,
1150 873 1231 912 quo
1259 867 1418 912 praeter
1446 861 1576 915 Impp.

124 913 275 950 nemini
315 912 459 952 licebat
506 916 593 964 uti,
623 921 718 953 nota
757 915 893 953 omnia
921 920 1031 952 sunt.
1061 914 1158 952 Vid.
1190 915 1311 954 Goar.
1341 915 1392 954 ad
1425 915 1572 956 Codin.

122 978 166 1018 p.
198 980 268 1005 21.
294 981 337 1006 n.
368 969 408 1007 3.
443 967 532 1020 145.
560 983 603 1007 n.
635 970 676 1008 5.
710 976 750 1008 et
787 968 899 1007 alibi.
972 969 1107 1007 Etiam
1156 970 1424 1022 Bulgurorum
1461 985 1573 1025 reges

123 1020 176 1059 ad
203 1023 331 1062 instar
352 1024 664 1077 Byzantinorum
694 1023 841 1063 πέδιλα
870 1020 1032 1074 ἐρυθρὰ
1062 1025 1269 1076 gerebant,
1287 1026 1368 1063 vid.
1397 1025 1570 1066 Cedren.

121 1073 218 1115 638.
249 1077 304 1116 A.
339 1092 376 1117 1.
451 1079 506 1118 Et
532 1079 626 1118 hinc
652 1079 772 1118 eredo
801 1078 967 1131 intelligi
996 1093 1109 1131 posse
1138 1079 1355 1119 obscurum
1383 1080 1480 1120 alias
1508 1081 1572 1120 lo·

125 1143 219 1170 cum
263 1134 306 1170 in
335 1133 483 1186 Script.
532 1141 623 1187 post
661 1133 846 1186 Theoph.
889 1147 928 1186 p.
962 1134 1058 1174 255.
1088 1134 1135 1172 Β.
1184 1149 1246 1174 11.
1272 1150 1284 1174 :
1331 1132 1392 1174 ἔτι
1445 1136 1572 1191 στολῇ

121 1183 373 1237 ἐκοσμοῦντο
398 1189 669 1243 Βουλγαρικῇ
688 1218 701 1240 ,
730 1190 859 1227 adlucc
886 1189 1058 1227 habitum
1085 1190 1271 1242 gerebant
1294 1191 1567 1243 Btdgaricum,

119 1253 204 1280 non
231 1242 375 1281 rubras
402 1243 548 1296 caligas
565 1274 576 1292 ,
625 1258 707 1282 non
737 1243 846 1282 aliud
875 1244 971 1296 regii
1001 1244 1152 1283 ordinis
1181 1247 1336 1298 insigne
1356 1276 1366 1292 ‚
1400 1246 1470 1284 sed
1498 1261 1568 1285 ve-

120 1295 203 1334 stiti
231 1305 345 1336 erant
382 1305 428 1337 ut
475 1300 620 1338 caeteri
658 1298 819 1352 Bulgari
863 1300 1011 1351 privati
1052 1299 1250 1338 homines.
1302 1300 1419 1340 Conf.
1450 1302 1567 1341 Luit-

119 1350 266 1402 prand.
297 1352 404 1391 Hist.
432 1367 472 1406 p.
506 1353 600 1404 548.
631 1354 672 1392 b.
706 1354 752 1392 C.
786 1361 824 1392 et
850 1367 969 1406 supra
998 1368 1038 1406 p.
1072 1355 1168 1404 242.
1198 1354 1251 1393 A.
1282 1370 1372 1407 pen.

228 1404 283 1444 A.
321 1420 384 1445 12.
414 1406 526 1460 [434‚
563 1407 646 1461 17.]
677 1406 899 1460 ἀνταίρων.
955 1408 1182 1457 Rebellans‚
1212 1410 1383 1448 verbum
1412 1411 1566 1463 perfre-

119 1472 245 1512 quens
264 1461 371 1513 apud
399 1475 526 1501 novos
554 1463 747 1509 Graecos,
779 1476 802 1500 a
829 1462 977 1514 quibus
1005 1462 1056 1500 ad
1085 1477 1210 1502 novos
1239 1465 1404 1503 Latinos
1431 1473 1564 1505 trans-

118 1516 181 1554 iit.
255 1518 496 1556 Intartizare
535 1517 628 1555 inde
682 1517 872 1556 formavit
915 1518 1166 1556 Anastasius.
1240 1518 1564 1573 Subintelligitur

117 1565 197 1621 τήν
240 1567 427 1622 κεφαλήν
467 1579 538 1610 aut
565 1569 642 1617 τὰς
669 1575 833 1622 χεῖρας.
893 1571 1043 1609 Contra
1072 1585 1168 1610 vero
1196 1573 1435 1625 συναίρειν,
1462 1577 1563 1613 assi-

112 1632 212 1663 stem
237 1625 374 1676 alicui,
406 1632 446 1664 et
472 1622 691 1676 σύναρσις,
723 1627 935 1676 mamiliam,
964 1641 1028 1678 ap.
1057 1627 1282 1679 Theophan
1309 1642 1352 1679 p.
1381 1628 1477 1668 322.
1510 1631 1559 1668 C.

116 1677 175 1728 8.,
202 1680 436 1733 metaphora
467 1681 637 1720 deducta
666 1681 718 1719 ab
746 1680 840 1732 illis,
869 1684 938 1734 qui
966 1683 1189 1720 coniunctis
1218 1682 1403 1722 manibus
1431 1691 1471 1723 et
1497 1685 1560 1724 vi·

115 1733 229 1773 ribus
256 1748 359 1774 onus
387 1735 551 1788 aliquod
578 1735 801 1775 sublevant.
1468 1783 1474 1788 ,

226 1790 274 1828 Β.
304 1789 345 1829 5.
377 1789 488 1843 [455,
523 1789 579 1844 1.]
618 1789 907 1842 ἑνσημανθείς.
963 1790 1119 1839 Iussus5
1148 1791 1395 1844 σημαίνειν,
1436 1795 1574 1846 ugni--

93 1842 233 1896 ficare
249 1874 265 1894 ,
292 1847 408 1884 novis
446 1846 609 1885 Graecis
642 1853 755 1884 notat
781 1847 991 1898 imperare.
1050 1846 1111 1884 Eo
1139 1861 1257 1886 sensu
1285 1848 1391 1900 apud
1423 1850 1558 1888 Theo-

114 1897 287 1949 phanem
313 1914 355 1952 p.
407 1913 469 1954 ¹7·
500 1901 550 1939 C.
580 1900 621 1948 4.
652 1902 843 1939 occurrit.
911 1901 953 1939 Si
998 1914 1103 1952 quae
1129 1903 1168 1940 in
1199 1902 1396 1955 Xiphilini
1426 1907 1557 1956 epito-

113 1965 180 1991 me
221 1952 434 2006 leguntur,
476 1957 612 1994 omnia
639 1956 781 1994 Dionis
828 1956 951 2008 ipsius
982 1956 1106 1994 verba
1136 1964 1246 2003 sunt,
1288 1958 1368 1996 Dio
1397 1958 1555 1998 Cassius
1573 1948 1686 1983 5⁶²1*
1709 1953 1770 1996 14‘3

115 2021 276 2061 quoque
303 2010 359 2048 sic
399 2023 494 2049 usus
531 2010 609 2049 fuit
643 2025 684 2064 p.
723 2025 840 2063 1077.
880 2010 972 2064 57.,
1020 2010 1090 2049 ubi
1139 2011 1194 2050 cl.
1223 2013 1432 2052 Reimarus
1480 2014 1553 2052 da-

112 2069 243 2113 mnat,
264 2064 372 2116 quod
391 2065 499 2117 apud
510 2066 710 2104 Zonaram
739 2067 823 2104 eius
851 2066 939 2104 vice
967 2065 1112 2118 legitur
1140 2063 1192 2105 τὰ
1223 2063 1554 2116 συμβαινόμενα.

110 2116 255 2156 Unum
302 2132 429 2172 aeque
466 2127 587 2173 atque
636 2120 807 2159 alterum
850 2120 1131 2171 probaverim,
1173 2117 1224 2159 τὰ
1265 2118 1555 2173 σημαινόμενα

112 2179 209 2211 sunt
249 2174 468 2221 insinuata,
508 2175 697 2214 mandata
712 2206 724 2222 ,
753 2175 996 2230 signg’ficata,
1023 2185 1236 2229 praecepta
1249 2205 1259 2224 ‚
1290 2173 1343 2214 τὰ
1370 2177 1552 2228 συμβαι-

109 2221 264 2278 νόμενα
292 2242 388 2267 vero
418 2234 510 2267 sunt
535 2244 711 2270 concessa
726 2260 743 2281 ,
771 2230 924 2268 indulta
942 2260 954 2279 ‚
978 2231 1208 2283 privilegia.

218 2282 266 2321 B.
287 2297 327 2336 9.
357 2282 474 2337 [435‚
496 2282 556 2336 4.]
585 2278 822 2329 ἀνακτίσας.
888 2285 1070 2323 Verbum
1096 2285 1172 2323 hoc
1197 2285 1263 2323 hic
1290 2284 1372 2324 loci
1397 2299 1479 2325 non
1506 2288 1550 2327 id

109 2343 238 2387 notat,
267 2339 377 2390 quod
394 2338 491 2376 alias
521 2337 640 2388 solet,
661 2338 883 2390 collapsum
908 2339 1130 2378 aedificium
1158 2340 1320 2378 reficere
1338 2369 1350 2391 ,
1379 2342 1451 2379 sed.
1476 2357 1549 2395 pa-

107 2397 239 2431 tentes
278 2393 437 2442 aditus,
478 2406 548 2431 seu
575 2393 706 2432 studio
740 2394 886 2441 factos,
921 2408 990 2432 seu
1019 2395 1139 2432 ruina
1171 2402 1211 2433 et
1235 2402 1461 2447 temporum
1487 2397 1547 2437 la-

107 2458 183 2498 psu
201 2476 213 2496 ,
243 2448 465 2501 intergestis
493 2449 702 2486 structuris
744 2447 917 2500 opplere,
949 2448 1077 2500 μέχρι
1105 2449 1189 2487 τῶν
1216 2442 1320 2497 ἅνω,
1342 2464 1469 2504 usque
1495 2453 1547 2492 ad

108 2513 308 2540 summum
328 2502 597 2549 exaedificare,
627 2509 672 2540 ut
699 2502 799 2540 nihil
836 2502 946 2552 hiet;
974 2499 1051 2548 τὰς
1081 2498 1216 2549 πύλας
1242 2505 1546 2556 τειχισματίοις

110 2552 408 2607 διαλαμβάνειν
435 2557 534 2595 dixit
559 2557 713 2596 Nicetes
741 2571 783 2609 p.
807 2558 897 2596 500.
927 2556 981 2595 A.
1013 2556 1056 2608 4
1086 2558 1217 2603 Patet,
1247 2573 1367 2610 quam
1397 2562 1543 2614 oppido

106 2621 248 2660 parum
274 2612 378 2650 inter
405 2612 542 2651 ambas
567 2612 868 2664 significationes
893 2611 1062 2650 intersit.
1120 2613 1181 2651 Ita
1206 2613 1359 2654 Latinis
1383 2630 1545 2670 quoque

110 2666 294 2704 resarcire
334 2681 416 2706 non
459 2674 617 2706 tantum
645 2674 702 2705 est
729 2674 953 2705 restaurare
970 2696 983 2716 ,
1018 2667 1088 2706 sed
1115 2669 1236 2706 etiam
1261 2669 1432 2722 opplere.
1478 2672 1544 2710 Ci-

111 2729 200 2758 cero
238 2733 310 2771 pro
347 2721 506 2760 Sextio:
538 2723 760 2761 meministis
800 2730 879 2760 tum
894 2752 906 2769 ‚
944 2721 1106 2772 iudices,
1143 2727 1378 2777 emporibus,
1399 2728 1543 2767 civiwn
