1884 3132
352 148 458 184 212
642 143 1102 188 10.1AC.REISK11
1150 142 1527 189 COMMENTARII

347 251 460 291 cultu
479 255 716 290 veneratum
746 247 867 287 fuisse
898 247 1135 302 prophetam
1166 245 1318 298 Eliam,
1347 248 1412 287 cui
1440 247 1608 316 putabat
1627 262 1788 289 omnem
1834 242 1839 248 ’

346 320 458 346 suam
493 319 534 344 se
561 305 764 344 fortunam
789 303 949 342 debere.
1006 302 1114 357 *[De
1151 299 1394 356 προελεύσει
1418 303 1493 342 τοῦ
1513 300 1633 355 ἁγίου
1642 301 1788 344 Ἠλίου

346 367 542 400 memorat
571 360 716 414 Symeo
749 359 971 412 Logotheta
998 373 1041 412 p.
1067 357 1162 410 466.
1194 358 1302 397 Ε11111
1337 358 1504 398 Basilius
1538 357 1649 398 cultu
1689 373 1788 412 pro-

346 414 588 469 sequebatur
593 413 660 469 .]*
718 413 887 453 Causam
915 414 1027 453 istius
1058 413 1190 452 cultus
1223 415 1384 467 exponit
1404 414 1501 453 Vita
1533 407 1670 453 Basilii
1699 415 1791 453 Ma·

346 471 433 510 ced.
463 485 505 523 p.
550 471 639 524 139.
666 469 712 510 C.
777 469 931 508 Ibidem
951 484 993 523 p.
1026 469 1120 507 203.
1153 469 1206 507 A.
1236 468 1276 508 5.
1311 468 1458 507 dicitur
1482 468 1651 508 Basilius
1677 469 1792 510 Eliae

344 525 567 579 peculiare
579 523 768 564 sacellum
806 526 848 563 in
877 525 1026 578 palatio
1055 523 1278 563 condidisse
1305 531 1462 577 praeter
1483 523 1541 573 id,
1571 524 1679 578 quod
1714 525 1792 578 ipsi

343 595 437 620 cum
466 581 667 631 Domino,
698 582 899 634 Deipara,
930 578 1125 618 Michaele
1157 586 1196 618 et
1234 579 1402 618 Nicolao
1433 579 1477 618 in
1506 579 1625 619 Nova
1664 579 1791 620 eccle-

344 637 402 675 sia
425 650 638 684 commune
673 644 785 686 erat,
814 635 885 673 ubi
917 636 1002 673 eius
1021 629 1190 686 ,ιιηλωτὴ
1221 648 1292 673 seu
1320 634 1478 673 rheno
1467 648 1508 673 111
1534 635 1659 688 ipsius
1697 649 1791 677 ora-

341 692 447 730 torio
471 691 546 730 sub
576 690 692 729 altari
723 691 903 755 deposita
922 690 1150 738 femhatur,
1181 689 1265 728 vid.
1304 689 1440 728 Nostri
1470 704 1512 743 p.
1544 704 1614 744 70.
1629 689 1683 728 A.
1695 691 1786 730 init.

342 746 446 785 Erat
468 760 630 799 quoque
660 742 765 785 κατὰ
785 742 830 785 τὸ
868 745 1054 797 Πετριόν
1079 718 1261 783 aedicula
1304 743 1420 783 Eliae
1439 759 1464 784 a
1498 744 1645 784 Basilio
1678 759 1790 799 repa·

343 808 458 854 lata,
486 809 532 840 ut
568 800 753 865 perbibet
788 800 959 839 Cedr.en
988 814 1031 852 p.
1067 799 1162 838 588.
1193 800 1240 838 B.
1297 799 1376 838 Sed
1405 814 1508 853 quae
1538 799 1605 838 hic
1636 800 1787 840 descri-

342 855 454 895 bitur
479 857 677 910 processio
704 857 748 895 S.
779 855 894 895 Eliac
923 870 966 894 c1
968 862 1008 893 at
1039 854 1090 892 ad
1121 855 1336 908 Deiparam
1357 855 1513 903 Phari,
1552 862 1597 893 ut
1625 869 1670 894 ex
1691 870 1784 909 pag.

339 925 424 965 seq.
459 911 528 966 69.
566 926 691 965 appa1
694 919 745 950 et
803 911 926 949 Leves
956 911 1116 959 Graeci,
1143 911 1199 949 ait
1230 910 1517 963 Luitprandus‚
1531 910 1665 949 XIII
1697 910 1788 950 Cal.

340 967 510 1020 Augusti
533 977 688 1021 raptum
712 967 833 1005 Elme
861 981 902 1004 ιη
930 966 1054 1004 coelos
1083 965 1187 1004 ludis
1213 966 1371 1004 scenicis
1395 965 1605 1016 celebrant,
1646 966 1786 1020 Legat.

339 1036 380 1076 p.
414 1020 769 1071 483.1nScholio
799 1020 911 1059 adh.
933 1020 962 1060 l.
987 1023 1210 1084 peltinente
1231 1019 1309 1074 leg.
1343 1022 1446 1060 eM.
1497 1017 1618 1072 «κθ-τη

453 1076 499 1115 Β.
533 1090 573 1116 2.
608 1075 825 1131 [114,18.]
867 1069 1129 1122 ἄνατολικας.
1181 1075 1319 1116 Nihilo
1361 1075 1452 1130 plus
1482 1075 1540 1114 M.
1549 1075 1788 1129 ,suhintelh

341 1132 466 1185 igitur
487 1126 638 1181 πύλας,
669 1138 713 1170 ut
735 1147 778 1185 p.
815 1133 882 1184 73.
909 1131 964 1169 D.
994 1145 1027 1169 1.

454 1187 501 1224 B.
533 1187 572 1226 3.
611 1186 833 1241 [114,19.]
871 1200 920 1225 τα
951 1184 1165 1238 βασιλικὰ.
1197 1186 1293 1226 Vid.
1331 1200 1435 1241 quae
1461 1186 1511 1226 ad
1544 1201 1586 1240 p.
1618 1201 1713 1242 271.
1737 1186 1786 1226 C.

413 1240 603 1280 dicimus.

340 1239 380 1292 4
456 1296 504 1334 Β.
537 1295 576 1335 5.
610 1294 722 1350 [114,
757 1294 848 1350 10]
888 1294 1143 1335 &mom--
1181 1293 1261 1336 avc}
1302 1295 1538 1349 βασιλικοῦ.
1566 1297 1789 1337 Fuerintne

342 1349 418 1389 hae
445 1358 573 1391 vestes
594 1350 827 1404 pimocciibus
851 1351 1062 1390 commodo
1083 1359 1241 1391 tantum
1265 1353 1408 1403 datae,
1437 1351 1663 1391 1οάἀοοᾶᾶο
1697 1359 1789 1406 post

341 1408 566 1459 panegyrin
588 1406 740 1444 finitam
756 1436 766 1456 ‚
796 1407 905 1460 quod
934 1406 1135 1446 intendum
1168 1407 1313 1447 fiebat:
1347 1422 1398 1447 an
1417 1407 1513 1446 doni
1535 1403 1624 1446 loco
1652 1407 1786 1458 datae,

341 1469 537 1513 perpetuo
583 1461 827 1512 servandae,
878 1476 960 1500 non
1004 1461 1031 1500 li
1035 1470 1145 1515 quet.
1214 1459 1463 1502 (310·(1111011111
1488 1469 1622 1501 tamen
1650 1464 1787 1516 potius

341 1516 556 1568 posterius.
614 1517 676 1555 De
702 1531 812 1555 more
838 1518 1152 1570 Byzantinolum
1189 1517 1318 1572 Impp.
1362 1519 1443 1557 suis
1472 1517 1703 1571 proceribus
1745 1518 1787 1557 in

342 1571 483 1610 diebus
511 1572 619 1611 festis
649 1586 774 1612 novas
802 1572 920 1611 robas
940 1572 1133 1625 lalgicndi
1173 1587 1215 1612 v.
1230 1574 1351 1626 Luitp
1353 1572 1469 1612 rand.
1500 1573 1605 1612 Hist.
1635 1573 1708 1612 VI.
1724 1574 1786 1624 5.,

343 1625 394 1664 de
418 1627 560 1666 eodem
591 1641 702 1667 more
734 1642 758 1666 a
784 1628 942 1681 regibus
973 1627 1030 1665 F1
1032 1643 1168 1667 anciae
1187 1628 1283 1667 olim
1309 1629 1408 1668 festo
1436 1628 1655 1668 nativitatis
1676 1628 1789 1668 Chri·

343 1682 392 1719 sti
421 1682 633 1721 observato
658 1697 700 1722 v.
718 1682 806 1721 DC.
839 1683 890 1721 ad
921 1683 1140 1737 Ioinvill.p
1147 1713 1155 1721 .
1186 1683 1271 1723 160.
1291 1691 1330 1723 et
1365 1683 1431 1723 Gl.
1454 1684 1504 1724 L.
1530 1697 1572 1723 v.
1609 1683 1786 1722 Mutato-

341 1738 422 1786 ria,
454 1736 526 1775 ubi
543 1752 564 1776 e
589 1737 794 1777 Matthaeo
814 1738 942 1777 Paris.
971 1737 1014 1776 h.
1043 1738 1073 1777 l.
1105 1699 1226 1778 ciitat:
1233 1739 1596 1803 Appropinquante
1622 1738 1787 1780 domim-

341 1805 411 1829 cae
441 1794 551 1831 naciz
553 1794 657 1831 itatis
677 1794 916 1844 fistivz'tace‚
939 1808 1017 1848 qua
1055 1795 1264 1833 mutatoria
1300 1795 1467 1833 recentia
1495 1793 1631 1846 (vulgo
1662 1807 1786 1832 novas

341 1847 458 1885 rohas
483 1849 745 1902 appellamus)
778 1857 977 1901 magnates
995 1850 1075 1887 suis
1105 1850 1322 1888 domestecis
1361 1848 1589 1889 distribuere
1628 1862 1786 1888 consue-

341 1911 506 1952 verunt3
533 1904 629 1941 item
659 1918 700 1943 v.
724 1903 868 1942 Robae
929 1903 1047 1942 Iam
1038 1919 1079 1942 ln
1106 1903 1198 1943 aula
1223 1903 1479 1942 Macedonica
1503 1910 1588 1942 erat
1617 1899 1795 1955 χλαμιῖα,

344 1955 422 2003 δας
457 1955 671 2007 διανέμειν
701 1953 841 2010 δωοεοί
875 1954 1201 2011 βασιλικωτάτη,
1233 1965 1279 1997 ut
1312 1960 1367 1997 ait
1399 1958 1610 1997 Plutarch.
1649 1959 1780 1997 Vitar.

342 2025 383 2063 p.
423 2012 539 2065 1073.
567 2012 722 2065 penult.
781 2013 917 2051 Etiam
949 2014 990 2051 in
1028 2012 1120 2052 aula
1159 2020 1342 2052 vetelum
1385 2027 1526 2067 regum
1566 2013 1784 2053 Persarum

343 2066 527 2105 distribui
549 2069 764 2120 quotannis
785 2075 913 2107 vestes
938 2068 1170 2121 proceribus
1201 2070 1452 2109 consuevisse
1484 2075 1594 2123 patet
1620 2083 1667 2109 ex
1699 2069 1783 2119 He-

341 2121 485 2159 rodoto
522 2121 592 2160 Ill.
615 2122 683 2174 84.

452 2176 499 2214 Β.
532 2191 570 2240 7.
600 2175 795 2231 [115,1.]
845 2177 921 2216 τοῦ
954 2178 1167 2230 λυχνικοῦ.
1205 2179 1464 2231 Lyfflnicum,
1509 2179 1781 2228 lzaeernarizmz,

342 2229 590 2271 lucernariae
611 2247 904 2286 preces,p11ma
924 2247 1017 2285 pars
1037 2233 1155 2272 officii
1177 2236 1388 2288 vespertini
1397 2249 1543 2288 ,quum
1566 2233 1785 2274 accendun-

343 2292 411 2324 tur
446 2285 659 2339 lucernae,
708 2289 864 2327 recitari
892 2288 1044 2327 solitae.
1075 2289 1129 2327 V.
1158 2290 1225 2328 Du
1252 2290 1384 2344 Gange
1410 2290 1542 2330 Gloss.
1565 2290 1637 2328 Gr.
1669 2287 1710 2328 h.
1739 2302 1782 2327 v.

452 2340 499 2378 B.
531 2341 573 2381 8.
605 2341 795 2406 [115,1.]
830 2356 924 2396 περι
975 2357 1049 2396 την
1088 2339 1304 2384 ἀπόλυσιν.
1360 2346 1476 2384 Circa
1511 2343 1672 2400 finem,
1714 2342 1781 2382 vel

341 2394 510 2434 szssam
526 2392 753 2444 Ἀπὸλυσις
778 2405 837 2437 est
854 2397 942 2436 finis
968 2399 1160 2451 cuiusque
1176 2401 1278 2438 sacri
1302 2399 1436 2448 officii,
1468 2398 1668 2438 interdum
1697 2399 1793 2450 ipsa.

342 2450 471 2486 oratio
493 2451 535 2488 in
564 2452 641 2490 fine
667 2452 784 2491 officii
816 2467 838 2491 a
869 2453 1072 2492 sacerdote
1106 2455 1296 2518 recitat-a,
1337 2469 1418 2508 quo
1440 2454 1562 2494 facto
1579 2452 1692 2521 plebs
1717 2452 1782 2491 di-

342 2502 527 2543 mittitur.
551 2502 838 2546 Ἀπολυτίκιον
860 2509 971 2559 (sive,
992 2515 1036 2547 ut
1056 2508 1121 2547 hic
1142 2509 1249 2548 loci
1240 2525 1281 2549 1n
1311 2510 1446 2548 codice
1469 2515 1568 2556 erat,
1582 2505 1781 2547 α’πολυτί-

343 2558 607 2623 κην,)110111Ρο
634 2558 835 2613 στιχηρόν
863 2563 1016 2611 matio,
1047 2578 1149 2616 quae
1179 2566 1223 2603 in
1252 2558 1481 2611 ἀπολύσει,
1511 2577 1580 2602 seu
1611 2562 1691 2601 fine
1718 2561 1781 2601 of-

342 2610 422 2649 ficii
451 2614 626 2653 cuiusvis
658 2615 937 2669 ecclesiastici,
967 2593 1060 2657 arite
1088 2626 1222 2658 tamen
1258 2617 1472 2658 formulam
1513 2616 1586 2669 τῆς
1621 2610 1780 2656 elnold-

340 2678 446 2712 σεως
466 2681 490 2704 a
514 2669 715 2708 sacerdote
736 2671 895 2710 dicitur.
956 2673 1015 2711 Ita
1038 2674 1105 2711 Du
1135 2674 1267 2726 Gange
1294 2673 1424 2712 Gloss.
1447 2673 1517 2713 Gr.
1537 2671 1578 2716 h.
1600 2686 1641 2712 v.
1680 2669 1781 2712 Con·

338 2721 451 2759 venit
463 2734 629 2762 nostro:
661 2723 751 2763 Der
776 2725 889 2764 Hert·
913 2742 1025 2779 segne
1048 2729 1138 2767 diclz
1156 2728 1240 2767 und
1270 2728 1402 2767 belzu‘te
1438 2727 1543 2767 dic-la.
