<?xml version="1.0" encoding="UTF-8"?>
<!DOCTYPE html PUBLIC "-//W3C//DTD XHTML 1.0 Transitional//EN"
    "http://www.w3.org/TR/xhtml1/DTD/xhtml1-transitional.dtd">
<html xmlns="http://www.w3.org/1999/xhtml" xml:lang="en" lang="en">
 <head>
  <title>
</title>
<meta http-equiv="Content-Type" content="text/html;charset=utf-8" />
  <meta name='ocr-system' content='tesseract 3.04.00' />
  <meta name='ocr-capabilities' content='ocr_page ocr_carea ocr_par ocr_line ocrx_word'/>
</head>
<body>
  <div class='ocr_page' id='page_1' title='image "./corpusscriptorum08niebuoft/corpusscriptorum08niebuoft_0065.png"; bbox 0 0 1826 3126; ppageno 0'>
   <div class='ocr_carea' id='block_1_1' title="bbox 217 169 1523 245">
    <p class='ocr_par' dir='ltr' id='par_1_1' title="bbox 217 169 1523 245">
     <span class='ocr_line' id='line_1_1' title="bbox 217 169 1523 245; baseline -0.008 -9"><span class='ocrx_word' id='word_1_1' title='bbox 217 193 292 236; x_wconf 70' lang='lat' dir='ltr'>An</span> <span class='ocrx_word' id='word_1_2' title='bbox 330 191 626 236; x_wconf 67' lang='lat' dir='ltr'>cous-rm.</span> <span class='ocrx_word' id='word_1_3' title='bbox 662 191 860 232; x_wconf 71' lang='lat' dir='ltr'>Poura.</span> <span class='ocrx_word' id='word_1_4' title='bbox 900 191 972 230; x_wconf 84' lang='lat' dir='ltr'>DE</span> <span class='ocrx_word' id='word_1_5' title='bbox 1010 180 1191 232; x_wconf 70' lang='lat' dir='ltr'>cmm.</span> <span class='ocrx_word' id='word_1_6' title='bbox 1231 190 1329 231; x_wconf 74' lang='lat' dir='ltr'>un.</span> <span class='ocrx_word' id='word_1_7' title='bbox 1371 192 1404 231; x_wconf 90' lang='lat'>1.</span> <span class='ocrx_word' id='word_1_8' title='bbox 1454 169 1523 245; x_wconf 85' lang='lat'>57</span> 
     </span>
    </p>
   </div>
   <div class='ocr_carea' id='block_1_2' title="bbox 89 290 1581 1998">
    <p class='ocr_par' dir='ltr' id='par_1_2' title="bbox 89 290 1581 729">
     <span class='ocr_line' id='line_1_2' title="bbox 92 290 1530 349; baseline -0.006 -12"><span class='ocrx_word' id='word_1_9' title='bbox 92 297 315 340; x_wconf 72' lang='lat' dir='ltr'>imitatione</span> <span class='ocrx_word' id='word_1_10' title='bbox 341 297 398 335; x_wconf 86' lang='lat' dir='ltr'>ita</span> <span class='ocrx_word' id='word_1_11' title='bbox 428 291 843 349; x_wconf 78' lang='grc' dir='ltr'><strong><em>φιλοφρονηματικῶς</em></strong></span> <span class='ocrx_word' id='word_1_12' title='bbox 869 290 1091 345; x_wconf 84' lang='lat' dir='ltr'>appellasse</span> <span class='ocrx_word' id='word_1_13' title='bbox 1126 293 1355 346; x_wconf 78' lang='lat' dir='ltr'>peregrinos</span> <span class='ocrx_word' id='word_1_14' title='bbox 1378 290 1430 330; x_wconf 79' lang='lat' dir='ltr'>ad</span> <span class='ocrx_word' id='word_1_15' title='bbox 1457 305 1530 330; x_wconf 88' lang='lat' dir='ltr'>sua</span> 
     </span>
     <span class='ocr_line' id='line_1_3' title="bbox 92 346 1531 400; baseline -0.006 -7"><span class='ocrx_word' id='word_1_16' title='bbox 92 359 224 393; x_wconf 63' lang='lat' dir='ltr'>vestm</span> <span class='ocrx_word' id='word_1_17' title='bbox 250 358 514 391; x_wconf 87' lang='lat' dir='ltr'>transeuntes.</span> <span class='ocrx_word' id='word_1_18' title='bbox 572 349 725 387; x_wconf 84' lang='lat' dir='ltr'>Verum</span> <span class='ocrx_word' id='word_1_19' title='bbox 747 347 881 386; x_wconf 84' lang='lat' dir='ltr'>omnia</span> <span class='ocrx_word' id='word_1_20' title='bbox 903 348 978 386; x_wconf 89' lang='lat' dir='ltr'>ista</span> <span class='ocrx_word' id='word_1_21' title='bbox 999 346 1129 386; x_wconf 88' lang='lat' dir='ltr'>aliena</span> <span class='ocrx_word' id='word_1_22' title='bbox 1149 354 1269 396; x_wconf 89' lang='lat' dir='ltr'>sunt,</span> <span class='ocrx_word' id='word_1_23' title='bbox 1300 354 1340 386; x_wconf 85' lang='lat' dir='ltr'>et</span> <span class='ocrx_word' id='word_1_24' title='bbox 1363 346 1531 400; x_wconf 88' lang='lat' dir='ltr'>appella-</span> 
     </span>
     <span class='ocr_line' id='line_1_4' title="bbox 89 402 1532 454; baseline -0.005 -8"><span class='ocrx_word' id='word_1_25' title='bbox 89 407 210 446; x_wconf 82' lang='lat' dir='ltr'><strong>tionis</strong></span> <span class='ocrx_word' id='word_1_26' title='bbox 233 407 352 445; x_wconf 83' lang='lat' dir='ltr'>huius</span> <span class='ocrx_word' id='word_1_27' title='bbox 379 406 480 444; x_wconf 82' lang='lat' dir='ltr'>ratio</span> <span class='ocrx_word' id='word_1_28' title='bbox 514 403 632 444; x_wconf 84' lang='lat' dir='ltr'>debet</span> <span class='ocrx_word' id='word_1_29' title='bbox 660 403 711 442; x_wconf 87' lang='lat' dir='ltr'>ab</span> <span class='ocrx_word' id='word_1_30' title='bbox 734 402 829 454; x_wconf 76' lang='lat' dir='ltr'>Ipsis</span> <span class='ocrx_word' id='word_1_31' title='bbox 856 403 1001 441; x_wconf 84' lang='lat' dir='ltr'>nostris</span> <span class='ocrx_word' id='word_1_32' title='bbox 1027 402 1244 441; x_wconf 86' lang='lat' dir='ltr'>maioribus</span> <span class='ocrx_word' id='word_1_33' title='bbox 1258 433 1270 450; x_wconf 85' lang='lat'>‚</span> <span class='ocrx_word' id='word_1_34' title='bbox 1309 402 1532 440; x_wconf 76' lang='lat' dir='ltr'>saxonibus</span> 
     </span>
     <span class='ocr_line' id='line_1_5' title="bbox 90 456 1529 509; baseline -0.004 -9"><span class='ocrx_word' id='word_1_35' title='bbox 90 461 172 500; x_wconf 87' lang='lat' dir='ltr'>illis</span> <span class='ocrx_word' id='word_1_36' title='bbox 205 468 245 500; x_wconf 91' lang='lat' dir='ltr'>et</span> <span class='ocrx_word' id='word_1_37' title='bbox 268 461 434 500; x_wconf 82' lang='lat' dir='ltr'>Francis</span> <span class='ocrx_word' id='word_1_38' title='bbox 459 459 621 500; x_wconf 85' lang='lat' dir='ltr'>vetustis</span> <span class='ocrx_word' id='word_1_39' title='bbox 635 488 647 505; x_wconf 91' lang='lat'>,</span> <span class='ocrx_word' id='word_1_40' title='bbox 686 457 826 509; x_wconf 90' lang='lat' dir='ltr'>repeti.</span> <span class='ocrx_word' id='word_1_41' title='bbox 885 456 1077 496; x_wconf 88' lang='lat' dir='ltr'>Solebant</span> <span class='ocrx_word' id='word_1_42' title='bbox 1100 457 1187 505; x_wconf 88' lang='lat' dir='ltr'>illi,</span> <span class='ocrx_word' id='word_1_43' title='bbox 1228 465 1268 496; x_wconf 90' lang='lat' dir='ltr'>et</span> <span class='ocrx_word' id='word_1_44' title='bbox 1296 471 1369 496; x_wconf 89' lang='lat' dir='ltr'>nos</span> <span class='ocrx_word' id='word_1_45' title='bbox 1398 456 1529 495; x_wconf 86' lang='lat' dir='ltr'>adhuc</span> 
     </span>
     <span class='ocr_line' id='line_1_6' title="bbox 90 510 1533 570; baseline -0.005 -14"><span class='ocrx_word' id='word_1_46' title='bbox 90 523 252 570; x_wconf 85' lang='lat' dir='ltr'>patrum</span> <span class='ocrx_word' id='word_1_47' title='bbox 274 514 452 568; x_wconf 80' lang='lat' dir='ltr'>exemplo</span> <span class='ocrx_word' id='word_1_48' title='bbox 482 513 672 558; x_wconf 84' lang='lat' dir='ltr'>solemus,</span> <span class='ocrx_word' id='word_1_49' title='bbox 717 518 756 550; x_wconf 88' lang='lat' dir='ltr'>et</span> <span class='ocrx_word' id='word_1_50' title='bbox 797 510 926 550; x_wconf 86' lang='lat' dir='ltr'><strong>solent</strong></span> <span class='ocrx_word' id='word_1_51' title='bbox 953 511 1093 550; x_wconf 84' lang='lat' dir='ltr'>Batavi</span> <span class='ocrx_word' id='word_1_52' title='bbox 1127 526 1308 565; x_wconf 90' lang='lat' dir='ltr'>quoque,</span> <span class='ocrx_word' id='word_1_53' title='bbox 1349 519 1533 550; x_wconf 84' lang='lat' dir='ltr'>veterum</span> 
     </span>
     <span class='ocr_line' id='line_1_7' title="bbox 92 565 1529 619; baseline -0.005 -8"><span class='ocrx_word' id='word_1_54' title='bbox 92 572 391 610; x_wconf 83' lang='lat' dir='ltr'>Germanorum</span> <span class='ocrx_word' id='word_1_55' title='bbox 407 568 563 609; x_wconf 87' lang='lat' dir='ltr'><strong>soboles</strong></span> <span class='ocrx_word' id='word_1_56' title='bbox 578 598 588 613; x_wconf 86' lang='lat'>,</span> <span class='ocrx_word' id='word_1_57' title='bbox 619 566 766 606; x_wconf 81' lang='lat' dir='ltr'>liberos</span> <span class='ocrx_word' id='word_1_58' title='bbox 793 565 974 604; x_wconf 88' lang='lat' dir='ltr'>homines</span> <span class='ocrx_word' id='word_1_59' title='bbox 999 580 1071 619; x_wconf 92' lang='lat' dir='ltr'>pro</span> <span class='ocrx_word' id='word_1_60' title='bbox 1091 567 1274 606; x_wconf 82' lang='lat' dir='ltr'>mercede</span> <span class='ocrx_word' id='word_1_61' title='bbox 1298 568 1529 614; x_wconf 83' lang='lat' dir='ltr'>servientes,</span> 
     </span>
     <span class='ocr_line' id='line_1_8' title="bbox 91 621 1533 678; baseline -0.004 -13"><span class='ocrx_word' id='word_1_62' title='bbox 91 625 263 674; x_wconf 80' lang='lat' dir='ltr'>milites,</span> <span class='ocrx_word' id='word_1_63' title='bbox 293 625 453 678; x_wconf 86' lang='lat' dir='ltr'>opifices</span> <span class='ocrx_word' id='word_1_64' title='bbox 467 654 478 671; x_wconf 98' lang='lat'>,</span> <span class='ocrx_word' id='word_1_65' title='bbox 514 622 615 662; x_wconf 87' lang='lat' dir='ltr'>alios</span> <span class='ocrx_word' id='word_1_66' title='bbox 629 653 639 670; x_wconf 94' lang='lat'>‚</span> <span class='ocrx_word' id='word_1_67' title='bbox 675 622 874 670; x_wconf 74' lang='lat' dir='ltr'>Gesellen,</span> <span class='ocrx_word' id='word_1_68' title='bbox 906 621 1068 670; x_wconf 81' lang='lat' dir='ltr'>Macen,</span> <span class='ocrx_word' id='word_1_69' title='bbox 1100 622 1249 674; x_wconf 78' lang='lat' dir='ltr'>Folger</span> <span class='ocrx_word' id='word_1_70' title='bbox 1264 652 1274 668; x_wconf 87' lang='lat'>,</span> <span class='ocrx_word' id='word_1_71' title='bbox 1318 622 1359 660; x_wconf 90' lang='lat' dir='ltr'>id</span> <span class='ocrx_word' id='word_1_72' title='bbox 1385 628 1442 659; x_wconf 86' lang='lat' dir='ltr'>est</span> <span class='ocrx_word' id='word_1_73' title='bbox 1467 635 1533 660; x_wconf 91' lang='lat' dir='ltr'>so-</span> 
     </span>
     <span class='ocr_line' id='line_1_9' title="bbox 91 675 1581 729; baseline -0.003 -8"><span class='ocrx_word' id='word_1_74' title='bbox 91 679 227 727; x_wconf 64' lang='lat' dir='ltr'>dales,</span> <span class='ocrx_word' id='word_1_75' title='bbox 259 686 457 719; x_wconf 85' lang='lat' dir='ltr'>secutores</span> <span class='ocrx_word' id='word_1_76' title='bbox 487 678 632 717; x_wconf 85' lang='lat' dir='ltr'>dicere.</span> <span class='ocrx_word' id='word_1_77' title='bbox 689 677 785 715; x_wconf 86' lang='lat' dir='ltr'>vid.</span> <span class='ocrx_word' id='word_1_78' title='bbox 820 690 922 729; x_wconf 88' lang='lat' dir='ltr'>quae</span> <span class='ocrx_word' id='word_1_79' title='bbox 945 676 1050 715; x_wconf 85' lang='lat' dir='ltr'>infra</span> <span class='ocrx_word' id='word_1_80' title='bbox 1079 675 1128 715; x_wconf 92' lang='lat' dir='ltr'>de</span> <span class='ocrx_word' id='word_1_81' title='bbox 1150 676 1347 716; x_wconf 85' lang='lat' dir='ltr'>Aeolutho</span> <span class='ocrx_word' id='word_1_82' title='bbox 1365 678 1535 715; x_wconf 87' lang='lat' dir='ltr'>Waran-</span> <span class='ocrx_word' id='word_1_83' title='bbox 1578 715 1581 717; x_wconf 83' lang='lat'>.</span> 
     </span>
    </p>

    <p class='ocr_par' dir='ltr' id='par_1_3' title="bbox 91 731 1540 1998">
     <span class='ocr_line' id='line_1_10' title="bbox 201 731 1537 784; baseline -0.003 -10"><span class='ocrx_word' id='word_1_84' title='bbox 201 749 243 774; x_wconf 87' lang='lat' dir='ltr'>m</span> <span class='ocrx_word' id='word_1_85' title='bbox 258 734 404 774; x_wconf 87' lang='lat' dir='ltr'>dicam.</span> <span class='ocrx_word' id='word_1_86' title='bbox 462 733 604 772; x_wconf 88' lang='lat' dir='ltr'>Graeci</span> <span class='ocrx_word' id='word_1_87' title='bbox 621 763 632 779; x_wconf 95' lang='lat'>,</span> <span class='ocrx_word' id='word_1_88' title='bbox 662 731 871 784; x_wconf 86' lang='lat' dir='ltr'>repudiata</span> <span class='ocrx_word' id='word_1_89' title='bbox 890 745 991 771; x_wconf 87' lang='lat' dir='ltr'>voce</span> <span class='ocrx_word' id='word_1_90' title='bbox 1007 732 1234 784; x_wconf 85' lang='lat' dir='ltr'>germanica</span> <span class='ocrx_word' id='word_1_91' title='bbox 1248 762 1259 779; x_wconf 96' lang='lat'>,</span> <span class='ocrx_word' id='word_1_92' title='bbox 1291 731 1379 770; x_wconf 90' lang='lat' dir='ltr'>illos</span> <span class='ocrx_word' id='word_1_93' title='bbox 1393 761 1405 779; x_wconf 85' lang='lat'>,</span> <span class='ocrx_word' id='word_1_94' title='bbox 1435 745 1537 784; x_wconf 85' lang='lat' dir='ltr'>quos</span> 
     </span>
     <span class='ocr_line' id='line_1_11' title="bbox 91 749 1535 843; baseline -0.004 -13"><span class='ocrx_word' id='word_1_95' title='bbox 91 749 286 830; x_wconf 58' lang='lat' dir='ltr'>fflbes</span> <span class='ocrx_word' id='word_1_96' title='bbox 311 788 584 843; x_wconf 90' lang='lat' dir='ltr'>stipendiaque</span> <span class='ocrx_word' id='word_1_97' title='bbox 610 801 680 826; x_wconf 89' lang='lat' dir='ltr'>sua</span> <span class='ocrx_word' id='word_1_98' title='bbox 699 788 943 839; x_wconf 84' lang='lat' dir='ltr'>reciperent,</span> <span class='ocrx_word' id='word_1_99' title='bbox 974 785 1238 839; x_wconf 83' lang='lat' dir='ltr'>alienigenas,</span> <span class='ocrx_word' id='word_1_100' title='bbox 1273 800 1415 840; x_wconf 83' lang='lat' dir='ltr'>graeca</span> <span class='ocrx_word' id='word_1_101' title='bbox 1435 800 1535 825; x_wconf 86' lang='lat' dir='ltr'>voce</span> 
     </span>
     <span class='ocr_line' id='line_1_12' title="bbox 93 839 1536 898; baseline -0.003 -14"><span class='ocrx_word' id='word_1_102' title='bbox 93 843 372 898; x_wconf 79' lang='lat' dir='ltr'>appellabant,</span> <span class='ocrx_word' id='word_1_103' title='bbox 425 843 532 883; x_wconf 89' lang='lat' dir='ltr'>idem</span> <span class='ocrx_word' id='word_1_104' title='bbox 568 842 811 896; x_wconf 83' lang='lat' dir='ltr'>significante</span> <span class='ocrx_word' id='word_1_105' title='bbox 853 849 975 895; x_wconf 87' lang='lat' dir='ltr'>atque</span> <span class='ocrx_word' id='word_1_106' title='bbox 1013 844 1251 894; x_wconf 84' lang='lat' dir='ltr'>germanica.</span> <span class='ocrx_word' id='word_1_107' title='bbox 1310 839 1536 893; x_wconf 65' lang='lat' dir='ltr'>‘Erat&#39;povg</span> 
     </span>
     <span class='ocr_line' id='line_1_13' title="bbox 91 893 1536 952; baseline -0.005 -12"><span class='ocrx_word' id='word_1_108' title='bbox 91 896 236 952; x_wconf 58' lang='lat' dir='ltr'>&#39;nempe</span> <span class='ocrx_word' id='word_1_109' title='bbox 265 907 304 938; x_wconf 89' lang='lat' dir='ltr'>et</span> <span class='ocrx_word' id='word_1_110' title='bbox 331 893 618 947; x_wconf 67' lang='grc' dir='ltr'><strong><em>ἀκολούθους,</em></strong></span> <span class='ocrx_word' id='word_1_111' title='bbox 650 911 824 951; x_wconf 87' lang='lat' dir='ltr'>quorum</span> <span class='ocrx_word' id='word_1_112' title='bbox 851 896 952 936; x_wconf 88' lang='lat' dir='ltr'>illud</span> <span class='ocrx_word' id='word_1_113' title='bbox 984 896 1120 936; x_wconf 78' lang='lat' dir='ltr'>Macen</span> <span class='ocrx_word' id='word_1_114' title='bbox 1148 896 1213 936; x_wconf 86' lang='lat' dir='ltr'>vel</span> <span class='ocrx_word' id='word_1_115' title='bbox 1244 897 1423 935; x_wconf 78' lang='lat' dir='ltr'>Gesellen</span> <span class='ocrx_word' id='word_1_116' title='bbox 1452 899 1536 946; x_wconf 91' lang='lat' dir='ltr'>(un-</span> 
     </span>
     <span class='ocr_line' id='line_1_14' title="bbox 94 950 1536 1005; baseline -0.003 -11"><span class='ocrx_word' id='word_1_117' title='bbox 94 954 148 994; x_wconf 88' lang='lat' dir='ltr'>de</span> <span class='ocrx_word' id='word_1_118' title='bbox 184 954 232 994; x_wconf 85' lang='lat' dir='ltr'><em>V</em></span> <span class='ocrx_word' id='word_1_119' title='bbox 224 955 346 994; x_wconf 78' lang='lat' dir='ltr'>asalli</span> <span class='ocrx_word' id='word_1_120' title='bbox 380 955 490 1000; x_wconf 83' lang='lat' dir='ltr'>nati,</span> <span class='ocrx_word' id='word_1_121' title='bbox 540 967 635 992; x_wconf 89' lang='lat' dir='ltr'>nam</span> <span class='ocrx_word' id='word_1_122' title='bbox 678 952 724 991; x_wconf 92' lang='lat' dir='ltr'><em>V</em></span> <span class='ocrx_word' id='word_1_123' title='bbox 718 953 823 991; x_wconf 83' lang='lat' dir='ltr'>asall</span> <span class='ocrx_word' id='word_1_124' title='bbox 854 959 914 992; x_wconf 88' lang='lat' dir='ltr'>est</span> <span class='ocrx_word' id='word_1_125' title='bbox 940 951 1045 991; x_wconf 89' lang='lat' dir='ltr'>idem</span> <span class='ocrx_word' id='word_1_126' title='bbox 1072 959 1192 1005; x_wconf 88' lang='lat' dir='ltr'>atque</span> <span class='ocrx_word' id='word_1_127' title='bbox 1234 952 1393 991; x_wconf 76' lang='lat' dir='ltr'>Guesell</span> <span class='ocrx_word' id='word_1_128' title='bbox 1402 953 1414 1000; x_wconf 91' lang='lat'>)</span> <span class='ocrx_word' id='word_1_129' title='bbox 1458 950 1536 990; x_wconf 90' lang='lat' dir='ltr'>hoc</span> 
     </span>
     <span class='ocr_line' id='line_1_15' title="bbox 94 1006 1536 1062; baseline -0.003 -14"><span class='ocrx_word' id='word_1_130' title='bbox 94 1009 269 1062; x_wconf 75' lang='lat' dir='ltr'>Folgher</span> <span class='ocrx_word' id='word_1_131' title='bbox 304 1009 560 1062; x_wconf 78' lang='lat' dir='ltr'>exprimebat.</span> <span class='ocrx_word' id='word_1_132' title='bbox 617 1007 707 1046; x_wconf 82' lang='lat' dir='ltr'>Vox</span> <span class='ocrx_word' id='word_1_133' title='bbox 734 1008 825 1046; x_wconf 82' lang='lat' dir='ltr'>Mat</span> <span class='ocrx_word' id='word_1_134' title='bbox 850 1006 997 1048; x_wconf 83' lang='lat' dir='ltr'>sodalis</span> <span class='ocrx_word' id='word_1_135' title='bbox 1012 1037 1023 1053; x_wconf 89' lang='lat'>‚</span> <span class='ocrx_word' id='word_1_136' title='bbox 1064 1007 1196 1046; x_wconf 89' lang='lat' dir='ltr'>adhuc</span> <span class='ocrx_word' id='word_1_137' title='bbox 1224 1006 1344 1046; x_wconf 89' lang='lat' dir='ltr'>hodie</span> <span class='ocrx_word' id='word_1_138' title='bbox 1375 1007 1536 1045; x_wconf 87' lang='lat' dir='ltr'>Batavis</span> 
     </span>
     <span class='ocr_line' id='line_1_16' title="bbox 94 1061 1536 1117; baseline -0.001 -15"><span class='ocrx_word' id='word_1_139' title='bbox 94 1064 140 1103; x_wconf 86' lang='lat' dir='ltr'>in</span> <span class='ocrx_word' id='word_1_140' title='bbox 165 1079 240 1103; x_wconf 85' lang='lat' dir='ltr'>usu</span> <span class='ocrx_word' id='word_1_141' title='bbox 259 1071 332 1104; x_wconf 89' lang='lat' dir='ltr'>est.</span> <span class='ocrx_word' id='word_1_142' title='bbox 390 1064 496 1104; x_wconf 87' lang='lat' dir='ltr'>Hinc</span> <span class='ocrx_word' id='word_1_143' title='bbox 520 1062 737 1116; x_wconf 79' lang='lat' dir='ltr'>intelligas,</span> <span class='ocrx_word' id='word_1_144' title='bbox 778 1062 876 1117; x_wconf 86' lang='lat' dir='ltr'>quid</span> <span class='ocrx_word' id='word_1_145' title='bbox 901 1063 981 1101; x_wconf 87' lang='lat' dir='ltr'>sint</span> <span class='ocrx_word' id='word_1_146' title='bbox 1008 1063 1289 1116; x_wconf 80' lang='lat' dir='ltr'>Frangomates</span> <span class='ocrx_word' id='word_1_147' title='bbox 1316 1064 1358 1101; x_wconf 89' lang='lat' dir='ltr'>in</span> <span class='ocrx_word' id='word_1_148' title='bbox 1387 1061 1536 1100; x_wconf 88' lang='lat' dir='ltr'>Assisis</span> 
     </span>
     <span class='ocr_line' id='line_1_17' title="bbox 97 1117 1539 1174; baseline -0.002 -16"><span class='ocrx_word' id='word_1_149' title='bbox 97 1118 366 1173; x_wconf 84' lang='lat' dir='ltr'>Hierosolym.</span> <span class='ocrx_word' id='word_1_150' title='bbox 407 1118 513 1174; x_wconf 88' lang='lat' dir='ltr'>apud</span> <span class='ocrx_word' id='word_1_151' title='bbox 551 1119 618 1157; x_wconf 90' lang='lat' dir='ltr'>Du</span> <span class='ocrx_word' id='word_1_152' title='bbox 654 1118 787 1171; x_wconf 81' lang='lat' dir='ltr'>Gange</span> <span class='ocrx_word' id='word_1_153' title='bbox 815 1131 854 1157; x_wconf 84' lang='lat' dir='ltr'>v.</span> <span class='ocrx_word' id='word_1_154' title='bbox 899 1118 1130 1156; x_wconf 74' lang='lat' dir='ltr'>Franchire.</span> <span class='ocrx_word' id='word_1_155' title='bbox 1190 1117 1256 1156; x_wconf 88' lang='lat' dir='ltr'>De</span> <span class='ocrx_word' id='word_1_156' title='bbox 1292 1132 1416 1165; x_wconf 76' lang='lat' dir='ltr'>ceux,</span> <span class='ocrx_word' id='word_1_157' title='bbox 1466 1118 1539 1171; x_wconf 84' lang='lat' dir='ltr'>qui</span> 
     </span>
     <span class='ocr_line' id='line_1_18' title="bbox 93 1172 1535 1227; baseline -0.002 -15"><span class='ocrx_word' id='word_1_158' title='bbox 93 1172 130 1212; x_wconf 77' lang='grc' dir='ltr'>ε’</span> <span class='ocrx_word' id='word_1_159' title='bbox 155 1183 325 1215; x_wconf 72' lang='lat' dir='ltr'>avonem</span> <span class='ocrx_word' id='word_1_160' title='bbox 346 1188 451 1227; x_wconf 79' lang='lat' dir='ltr'>pour</span> <span class='ocrx_word' id='word_1_161' title='bbox 475 1174 755 1226; x_wconf 70' lang='lat' dir='ltr'>Frwigomates</span> <span class='ocrx_word' id='word_1_162' title='bbox 781 1187 832 1212; x_wconf 81' lang='lat' dir='ltr'>ou</span> <span class='ocrx_word' id='word_1_163' title='bbox 857 1172 1026 1211; x_wconf 73' lang='lat' dir='ltr'>Esclavs</span> <span class='ocrx_word' id='word_1_164' title='bbox 1034 1174 1244 1224; x_wconf 74' lang='lat' dir='ltr'>ftanclzes.</span> <span class='ocrx_word' id='word_1_165' title='bbox 1303 1173 1535 1225; x_wconf 87' lang='lat' dir='ltr'>Composita</span> 
     </span>
     <span class='ocr_line' id='line_1_19' title="bbox 93 1225 1536 1275; baseline -0.001 -8"><span class='ocrx_word' id='word_1_166' title='bbox 93 1235 156 1268; x_wconf 88' lang='lat' dir='ltr'>est</span> <span class='ocrx_word' id='word_1_167' title='bbox 182 1243 259 1269; x_wconf 83' lang='lat' dir='ltr'>vox</span> <span class='ocrx_word' id='word_1_168' title='bbox 286 1243 309 1269; x_wconf 90' lang='lat' dir='ltr'>e</span> <span class='ocrx_word' id='word_1_169' title='bbox 334 1230 470 1268; x_wconf 74' lang='lat' dir='ltr'>Frmae</span> <span class='ocrx_word' id='word_1_170' title='bbox 494 1235 535 1268; x_wconf 87' lang='lat' dir='ltr'>et</span> <span class='ocrx_word' id='word_1_171' title='bbox 560 1238 665 1275; x_wconf 80' lang='lat' dir='ltr'>mat,</span> <span class='ocrx_word' id='word_1_172' title='bbox 695 1227 866 1275; x_wconf 89' lang='lat' dir='ltr'>sodalis,</span> <span class='ocrx_word' id='word_1_173' title='bbox 906 1241 1044 1267; x_wconf 86' lang='lat' dir='ltr'>servus</span> <span class='ocrx_word' id='word_1_174' title='bbox 1073 1227 1200 1275; x_wconf 84' lang='lat' dir='ltr'>liber,</span> <span class='ocrx_word' id='word_1_175' title='bbox 1247 1235 1317 1267; x_wconf 91' lang='lat' dir='ltr'>aut</span> <span class='ocrx_word' id='word_1_176' title='bbox 1344 1228 1386 1267; x_wconf 93' lang='lat' dir='ltr'>in</span> <span class='ocrx_word' id='word_1_177' title='bbox 1413 1225 1536 1265; x_wconf 84' lang='lat' dir='ltr'>liber-</span> 
     </span>
     <span class='ocr_line' id='line_1_20' title="bbox 92 1281 1539 1337; baseline -0.001 -15"><span class='ocrx_word' id='word_1_178' title='bbox 92 1289 219 1324; x_wconf 86' lang='lat' dir='ltr'>tatem</span> <span class='ocrx_word' id='word_1_179' title='bbox 229 1284 360 1324; x_wconf 89' lang='lat' dir='ltr'>datus.</span> <span class='ocrx_word' id='word_1_180' title='bbox 386 1283 447 1323; x_wconf 91' lang='lat' dir='ltr'>Ut</span> <span class='ocrx_word' id='word_1_181' title='bbox 462 1291 594 1324; x_wconf 87' lang='lat' dir='ltr'>autem</span> <span class='ocrx_word' id='word_1_182' title='bbox 606 1282 890 1337; x_wconf 85' lang='lat' dir='ltr'>posterioribus</span> <span class='ocrx_word' id='word_1_183' title='bbox 900 1283 1149 1336; x_wconf 83' lang='lat' dir='ltr'>temporibus</span> <span class='ocrx_word' id='word_1_184' title='bbox 1162 1283 1309 1322; x_wconf 90' lang='lat' dir='ltr'>Franci</span> <span class='ocrx_word' id='word_1_185' title='bbox 1332 1281 1376 1321; x_wconf 92' lang='lat' dir='ltr'>hi</span> <span class='ocrx_word' id='word_1_186' title='bbox 1391 1295 1539 1320; x_wconf 86' lang='lat' dir='ltr'>merce·</span> 
     </span>
     <span class='ocr_line' id='line_1_21' title="bbox 93 1331 1538 1394; baseline -0.002 -16"><span class='ocrx_word' id='word_1_187' title='bbox 93 1339 199 1379; x_wconf 84' lang='lat' dir='ltr'>narii</span> <span class='ocrx_word' id='word_1_188' title='bbox 216 1340 360 1379; x_wconf 87' lang='lat' dir='ltr'>milites</span> <span class='ocrx_word' id='word_1_189' title='bbox 382 1339 565 1378; x_wconf 77' lang='lat' dir='ltr'>seMatos</span> <span class='ocrx_word' id='word_1_190' title='bbox 588 1346 628 1378; x_wconf 90' lang='lat' dir='ltr'>et</span> <span class='ocrx_word' id='word_1_191' title='bbox 637 1339 859 1394; x_wconf 50' lang='lat' dir='ltr'>Folgloensss,</span> <span class='ocrx_word' id='word_1_192' title='bbox 889 1331 1091 1390; x_wconf 76' lang='grc' dir='ltr'><strong><em>ἑταίρους,</em></strong></span> <span class='ocrx_word' id='word_1_193' title='bbox 1121 1335 1378 1383; x_wconf 66' lang='grc' dir='ltr'><strong><em>ἀκολούθους</em></strong></span> <span class='ocrx_word' id='word_1_194' title='bbox 1406 1337 1538 1390; x_wconf 89' lang='lat' dir='ltr'>appel-</span> 
     </span>
     <span class='ocr_line' id='line_1_22' title="bbox 94 1389 1539 1448; baseline -0.001 -16"><span class='ocrx_word' id='word_1_195' title='bbox 94 1392 260 1443; x_wconf 86' lang='lat' dir='ltr'>labant,</span> <span class='ocrx_word' id='word_1_196' title='bbox 287 1396 343 1433; x_wconf 86' lang='lat' dir='ltr'>ita</span> <span class='ocrx_word' id='word_1_197' title='bbox 370 1395 534 1434; x_wconf 84' lang='lat' dir='ltr'>vetustis</span> <span class='ocrx_word' id='word_1_198' title='bbox 559 1394 808 1448; x_wconf 88' lang='lat' dir='ltr'>temporibus</span> <span class='ocrx_word' id='word_1_199' title='bbox 823 1393 957 1432; x_wconf 87' lang='lat' dir='ltr'>Celtae</span> <span class='ocrx_word' id='word_1_200' title='bbox 972 1393 1256 1446; x_wconf 86' lang='lat' dir='ltr'>praeamabant</span> <span class='ocrx_word' id='word_1_201' title='bbox 1277 1393 1436 1442; x_wconf 56' lang='lat' dir='ltr'>Gnate,</span> <span class='ocrx_word' id='word_1_202' title='bbox 1472 1389 1539 1440; x_wconf 82' lang='grc' dir='ltr'>ξέ-</span> 
     </span>
     <span class='ocr_line' id='line_1_23' title="bbox 94 1442 1536 1504; baseline -0.001 -16"><span class='ocrx_word' id='word_1_203' title='bbox 94 1460 184 1500; x_wconf 67' lang='grc' dir='ltr'>νοι,</span> <span class='ocrx_word' id='word_1_204' title='bbox 210 1451 374 1502; x_wconf 74' lang='lat' dir='ltr'>hospites</span> <span class='ocrx_word' id='word_1_205' title='bbox 401 1449 605 1504; x_wconf 85' lang='lat' dir='ltr'>appellari.</span> <span class='ocrx_word' id='word_1_206' title='bbox 663 1448 854 1502; x_wconf 82' lang='lat' dir='ltr'>Polybius</span> <span class='ocrx_word' id='word_1_207' title='bbox 882 1450 929 1488; x_wconf 93' lang='lat' dir='ltr'>L.</span> <span class='ocrx_word' id='word_1_208' title='bbox 956 1449 1009 1487; x_wconf 91' lang='lat'>11.</span> <span class='ocrx_word' id='word_1_209' title='bbox 1041 1448 1086 1486; x_wconf 94' lang='lat' dir='ltr'>C.</span> <span class='ocrx_word' id='word_1_210' title='bbox 1119 1463 1187 1488; x_wconf 76' lang='lat'>22.</span> <span class='ocrx_word' id='word_1_211' title='bbox 1217 1449 1273 1487; x_wconf 88' lang='lat' dir='ltr'>ait</span> <span class='ocrx_word' id='word_1_212' title='bbox 1301 1447 1431 1487; x_wconf 90' lang='lat' dir='ltr'>Celtas</span> <span class='ocrx_word' id='word_1_213' title='bbox 1460 1442 1536 1486; x_wconf 77' lang='grc' dir='ltr'>διὰ</span> 
     </span>
     <span class='ocr_line' id='line_1_24' title="bbox 94 1497 1536 1556; baseline -0.001 -16"><span class='ocrx_word' id='word_1_214' title='bbox 94 1498 141 1541; x_wconf 82' lang='grc' dir='ltr'>τὸ</span> <span class='ocrx_word' id='word_1_215' title='bbox 179 1504 340 1553; x_wconf 73' lang='grc' dir='ltr'><strong><em>μισθοῦ</em></strong></span> <span class='ocrx_word' id='word_1_216' title='bbox 375 1500 616 1554; x_wconf 80' lang='grc' dir='ltr'><strong><em>στρατεύειν</em></strong></span> <span class='ocrx_word' id='word_1_217' title='bbox 656 1503 698 1543; x_wconf 92' lang='grc' dir='ltr'><strong><em>Γ</em></strong></span> <span class='ocrx_word' id='word_1_218' title='bbox 695 1501 891 1549; x_wconf 81' lang='grc' dir='ltr'><strong><em>αισάτους</em></strong></span> <span class='ocrx_word' id='word_1_219' title='bbox 930 1501 1330 1556; x_wconf 74' lang='grc' dir='ltr'><strong><em>προσαγορεύεσθαι.</em></strong></span> <span class='ocrx_word' id='word_1_220' title='bbox 1386 1500 1414 1554; x_wconf 83' lang='grc' dir='ltr'><em>ἧ</em></span> <span class='ocrx_word' id='word_1_221' title='bbox 1452 1497 1536 1553; x_wconf 72' lang='grc' dir='ltr'>γὰρ</span> 
     </span>
     <span class='ocr_line' id='line_1_25' title="bbox 95 1552 1539 1610; baseline 0 -16"><span class='ocrx_word' id='word_1_222' title='bbox 95 1554 205 1604; x_wconf 78' lang='grc' dir='ltr'><strong><em>λέξις</em></strong></span> <span class='ocrx_word' id='word_1_223' title='bbox 237 1552 346 1610; x_wconf 68' lang='grc' dir='ltr'>αὕτη</span> <span class='ocrx_word' id='word_1_224' title='bbox 372 1558 494 1597; x_wconf 80' lang='grc' dir='ltr'><strong><em>τοῦτο</em></strong></span> <span class='ocrx_word' id='word_1_225' title='bbox 529 1556 722 1610; x_wconf 78' lang='grc' dir='ltr'><em>σημαίνει</em></span> <span class='ocrx_word' id='word_1_226' title='bbox 758 1556 925 1610; x_wconf 80' lang='grc' dir='ltr'><strong><em>κυρίως.</em></strong></span> <span class='ocrx_word' id='word_1_227' title='bbox 979 1558 1102 1596; x_wconf 89' lang='lat' dir='ltr'>Recta</span> <span class='ocrx_word' id='word_1_228' title='bbox 1134 1571 1232 1597; x_wconf 82' lang='lat' dir='ltr'>vero</span> <span class='ocrx_word' id='word_1_229' title='bbox 1258 1557 1383 1596; x_wconf 88' lang='lat' dir='ltr'>tradit</span> <span class='ocrx_word' id='word_1_230' title='bbox 1410 1555 1539 1610; x_wconf 84' lang='lat' dir='ltr'>Poly-</span> 
     </span>
     <span class='ocr_line' id='line_1_26' title="bbox 95 1610 1538 1666; baseline -0.001 -15"><span class='ocrx_word' id='word_1_231' title='bbox 95 1610 202 1651; x_wconf 84' lang='lat' dir='ltr'>bius.</span> <span class='ocrx_word' id='word_1_232' title='bbox 265 1613 428 1652; x_wconf 67' lang='lat' dir='ltr'>Gaasati</span> <span class='ocrx_word' id='word_1_233' title='bbox 451 1612 494 1650; x_wconf 88' lang='lat' dir='ltr'>hi</span> <span class='ocrx_word' id='word_1_234' title='bbox 521 1620 615 1652; x_wconf 88' lang='lat' dir='ltr'>sunt</span> <span class='ocrx_word' id='word_1_235' title='bbox 640 1614 817 1666; x_wconf 76' lang='lat' dir='ltr'>hospites,</span> <span class='ocrx_word' id='word_1_236' title='bbox 869 1612 1022 1650; x_wconf 80' lang='lat' dir='ltr'>Gaesce.</span> <span class='ocrx_word' id='word_1_237' title='bbox 1069 1612 1171 1650; x_wconf 75' lang='lat' dir='ltr'>Gast</span> <span class='ocrx_word' id='word_1_238' title='bbox 1195 1619 1255 1651; x_wconf 89' lang='lat' dir='ltr'>est</span> <span class='ocrx_word' id='word_1_239' title='bbox 1282 1612 1443 1664; x_wconf 87' lang='lat' dir='ltr'>proprie</span> <span class='ocrx_word' id='word_1_240' title='bbox 1466 1625 1538 1664; x_wconf 89' lang='lat' dir='ltr'>pe-</span> 
     </span>
     <span class='ocr_line' id='line_1_27' title="bbox 95 1664 1535 1721; baseline -0.001 -16"><span class='ocrx_word' id='word_1_241' title='bbox 95 1668 302 1720; x_wconf 86' lang='lat' dir='ltr'>regrinus,</span> <span class='ocrx_word' id='word_1_242' title='bbox 350 1668 419 1721; x_wconf 88' lang='lat' dir='ltr'>qui</span> <span class='ocrx_word' id='word_1_243' title='bbox 452 1674 562 1707; x_wconf 84' lang='lat' dir='ltr'>extra</span> <span class='ocrx_word' id='word_1_244' title='bbox 604 1668 774 1721; x_wconf 85' lang='lat' dir='ltr'>patriam</span> <span class='ocrx_word' id='word_1_245' title='bbox 809 1667 905 1720; x_wconf 79' lang='lat' dir='ltr'>agit.</span> <span class='ocrx_word' id='word_1_246' title='bbox 963 1667 1032 1705; x_wconf 87' lang='lat' dir='ltr'>Isti</span> <span class='ocrx_word' id='word_1_247' title='bbox 1068 1666 1203 1706; x_wconf 82' lang='lat' dir='ltr'>Celtae</span> <span class='ocrx_word' id='word_1_248' title='bbox 1230 1667 1388 1705; x_wconf 89' lang='lat' dir='ltr'>Gaesati</span> <span class='ocrx_word' id='word_1_249' title='bbox 1407 1696 1419 1715; x_wconf 96' lang='lat'>,</span> <span class='ocrx_word' id='word_1_250' title='bbox 1468 1664 1535 1706; x_wconf 84' lang='lat' dir='ltr'>vel</span> 
     </span>
     <span class='ocr_line' id='line_1_28' title="bbox 95 1721 1539 1775; baseline -0.001 -15"><span class='ocrx_word' id='word_1_251' title='bbox 95 1721 233 1761; x_wconf 70' lang='lat' dir='ltr'>Gaesti</span> <span class='ocrx_word' id='word_1_252' title='bbox 259 1722 358 1763; x_wconf 80' lang='lat' dir='ltr'>dicti</span> <span class='ocrx_word' id='word_1_253' title='bbox 379 1722 488 1761; x_wconf 79' lang='lat' dir='ltr'>domi</span> <span class='ocrx_word' id='word_1_254' title='bbox 515 1736 600 1761; x_wconf 92' lang='lat' dir='ltr'>non</span> <span class='ocrx_word' id='word_1_255' title='bbox 626 1723 867 1768; x_wconf 86' lang='lat' dir='ltr'>manebant,</span> <span class='ocrx_word' id='word_1_256' title='bbox 898 1721 968 1760; x_wconf 90' lang='lat' dir='ltr'>sed</span> <span class='ocrx_word' id='word_1_257' title='bbox 1000 1735 1022 1759; x_wconf 93' lang='lat' dir='ltr'>e</span> <span class='ocrx_word' id='word_1_258' title='bbox 1046 1722 1176 1774; x_wconf 88' lang='lat' dir='ltr'>patria</span> <span class='ocrx_word' id='word_1_259' title='bbox 1200 1721 1464 1775; x_wconf 88' lang='lat' dir='ltr'>emigrabant,</span> <span class='ocrx_word' id='word_1_260' title='bbox 1496 1728 1539 1760; x_wconf 85' lang='lat' dir='ltr'>et</span> 
     </span>
     <span class='ocr_line' id='line_1_29' title="bbox 94 1774 1536 1830; baseline 0 -15"><span class='ocrx_word' id='word_1_261' title='bbox 94 1776 139 1815; x_wconf 77' lang='lat' dir='ltr'>in</span> <span class='ocrx_word' id='word_1_262' title='bbox 165 1774 372 1830; x_wconf 78' lang='lat' dir='ltr'>peregrino</span> <span class='ocrx_word' id='word_1_263' title='bbox 399 1777 484 1817; x_wconf 93' lang='lat' dir='ltr'>solo</span> <span class='ocrx_word' id='word_1_264' title='bbox 514 1777 635 1816; x_wconf 83' lang='lat' dir='ltr'>armis</span> <span class='ocrx_word' id='word_1_265' title='bbox 666 1778 872 1817; x_wconf 83' lang='lat' dir='ltr'>fortunam</span> <span class='ocrx_word' id='word_1_266' title='bbox 898 1776 1132 1824; x_wconf 85' lang='lat' dir='ltr'>tentabant,</span> <span class='ocrx_word' id='word_1_267' title='bbox 1175 1777 1284 1830; x_wconf 88' lang='lat' dir='ltr'>quod</span> <span class='ocrx_word' id='word_1_268' title='bbox 1313 1776 1536 1815; x_wconf 84' lang='lat' dir='ltr'>Normanni</span> 
     </span>
     <span class='ocr_line' id='line_1_30' title="bbox 92 1831 1539 1885; baseline 0 -15"><span class='ocrx_word' id='word_1_269' title='bbox 92 1833 384 1876; x_wconf 77' lang='lat' dir='ltr'>recentioribus</span> <span class='ocrx_word' id='word_1_270' title='bbox 422 1833 670 1885; x_wconf 87' lang='lat' dir='ltr'>temporibus</span> <span class='ocrx_word' id='word_1_271' title='bbox 707 1831 863 1871; x_wconf 88' lang='lat' dir='ltr'>saeculo</span> <span class='ocrx_word' id='word_1_272' title='bbox 895 1832 947 1870; x_wconf 92' lang='lat' dir='ltr'>X.</span> <span class='ocrx_word' id='word_1_273' title='bbox 980 1831 1192 1870; x_wconf 88' lang='lat' dir='ltr'>faciebant.</span> <span class='ocrx_word' id='word_1_274' title='bbox 1251 1832 1372 1880; x_wconf 88' lang='lat' dir='ltr'>Quod</span> <span class='ocrx_word' id='word_1_275' title='bbox 1398 1831 1539 1885; x_wconf 84' lang='lat' dir='ltr'>paullo</span> 
     </span>
     <span class='ocr_line' id='line_1_31' title="bbox 94 1881 1540 1935; baseline -0.001 -9"><span class='ocrx_word' id='word_1_276' title='bbox 94 1893 190 1926; x_wconf 83' lang='lat' dir='ltr'>ante</span> <span class='ocrx_word' id='word_1_277' title='bbox 215 1887 419 1935; x_wconf 86' lang='lat' dir='ltr'>dicebam,</span> <span class='ocrx_word' id='word_1_278' title='bbox 459 1900 601 1927; x_wconf 83' lang='lat' dir='ltr'>vocem</span> <span class='ocrx_word' id='word_1_279' title='bbox 631 1889 679 1926; x_wconf 91' lang='lat' dir='ltr'><em>V</em></span> <span class='ocrx_word' id='word_1_280' title='bbox 671 1888 778 1926; x_wconf 85' lang='lat' dir='ltr'>asall</span> <span class='ocrx_word' id='word_1_281' title='bbox 806 1894 946 1925; x_wconf 87' lang='lat' dir='ltr'>notare</span> <span class='ocrx_word' id='word_1_282' title='bbox 971 1888 1114 1925; x_wconf 74' lang='lat' dir='ltr'>socium</span> <span class='ocrx_word' id='word_1_283' title='bbox 1128 1916 1140 1933; x_wconf 88' lang='lat'>‚</span> <span class='ocrx_word' id='word_1_284' title='bbox 1185 1886 1359 1925; x_wconf 86' lang='lat' dir='ltr'>sodalem</span> <span class='ocrx_word' id='word_1_285' title='bbox 1374 1916 1385 1933; x_wconf 89' lang='lat'>‚</span> <span class='ocrx_word' id='word_1_286' title='bbox 1426 1881 1540 1925; x_wconf 71' lang='grc' dir='ltr'><strong><em>ἑταῖ-</em></strong></span> 
     </span>
     <span class='ocr_line' id='line_1_32' title="bbox 94 1941 1539 1998; baseline -0.001 -18"><span class='ocrx_word' id='word_1_287' title='bbox 94 1953 193 1998; x_wconf 80' lang='grc' dir='ltr'>ρον,</span> <span class='ocrx_word' id='word_1_288' title='bbox 220 1950 386 1996; x_wconf 84' lang='lat' dir='ltr'>apparet</span> <span class='ocrx_word' id='word_1_289' title='bbox 411 1957 433 1982; x_wconf 91' lang='lat' dir='ltr'>e</span> <span class='ocrx_word' id='word_1_290' title='bbox 458 1943 662 1982; x_wconf 88' lang='lat' dir='ltr'>Miraculis</span> <span class='ocrx_word' id='word_1_291' title='bbox 691 1943 733 1982; x_wconf 89' lang='lat' dir='ltr'>S.</span> <span class='ocrx_word' id='word_1_292' title='bbox 765 1941 939 1995; x_wconf 84' lang='lat' dir='ltr'>Ludgeri</span> <span class='ocrx_word' id='word_1_293' title='bbox 967 1941 1075 1995; x_wconf 91' lang='lat' dir='ltr'>apud</span> <span class='ocrx_word' id='word_1_294' title='bbox 1103 1942 1170 1979; x_wconf 89' lang='lat' dir='ltr'>Du</span> <span class='ocrx_word' id='word_1_295' title='bbox 1198 1941 1332 1994; x_wconf 83' lang='lat' dir='ltr'>Gange</span> <span class='ocrx_word' id='word_1_296' title='bbox 1358 1955 1400 1980; x_wconf 89' lang='lat' dir='ltr'>v.</span> <span class='ocrx_word' id='word_1_297' title='bbox 1432 1942 1539 1980; x_wconf 70' lang='lat' dir='ltr'>Pha-</span> 
     </span>
    </p>
   </div>
   <div class='ocr_carea' id='block_1_3' title="bbox 88 1999 1543 2844">
    <p class='ocr_par' dir='ltr' id='par_1_4' title="bbox 88 1999 1543 2672">
     <span class='ocr_line' id='line_1_33' title="bbox 95 1999 1543 2064; baseline 0 -19"><span class='ocrx_word' id='word_1_298' title='bbox 95 2007 221 2050; x_wconf 79' lang='lat' dir='ltr'>sallus</span> <span class='ocrx_word' id='word_1_299' title='bbox 237 2037 248 2056; x_wconf 96' lang='lat'>,</span> <span class='ocrx_word' id='word_1_300' title='bbox 278 2008 348 2051; x_wconf 82' lang='lat' dir='ltr'>ubi</span> <span class='ocrx_word' id='word_1_301' title='bbox 378 2008 523 2064; x_wconf 80' lang='lat' dir='ltr'>aliquis</span> <span class='ocrx_word' id='word_1_302' title='bbox 548 2010 786 2047; x_wconf 82' lang='lat' dir='ltr'>monasticae</span> <span class='ocrx_word' id='word_1_303' title='bbox 811 2009 917 2046; x_wconf 83' lang='lat' dir='ltr'>vitae</span> <span class='ocrx_word' id='word_1_304' title='bbox 937 2008 1126 2062; x_wconf 78' lang='lat' dir='ltr'>phasalus</span> <span class='ocrx_word' id='word_1_305' title='bbox 1142 2037 1153 2055; x_wconf 93' lang='lat'>,</span> <span class='ocrx_word' id='word_1_306' title='bbox 1200 2006 1277 2045; x_wconf 89' lang='lat' dir='ltr'>hoe</span> <span class='ocrx_word' id='word_1_307' title='bbox 1293 2013 1353 2047; x_wconf 55' lang='lat' dir='ltr'>est</span> <span class='ocrx_word' id='word_1_308' title='bbox 1382 1999 1543 2054; x_wconf 34' lang='lat' dir='ltr'>&amp;be</span> 
     </span>
     <span class='ocr_line' id='line_1_34' title="bbox 93 2061 1536 2115; baseline -0.001 -14"><span class='ocrx_word' id='word_1_309' title='bbox 93 2061 279 2113; x_wconf 72' lang='lat' dir='ltr'>Arabum</span> <span class='ocrx_word' id='word_1_310' title='bbox 305 2077 441 2110; x_wconf 84' lang='lat' dir='ltr'>more,</span> <span class='ocrx_word' id='word_1_311' title='bbox 471 2063 616 2102; x_wconf 87' lang='lat' dir='ltr'>sodalis</span> <span class='ocrx_word' id='word_1_312' title='bbox 647 2066 756 2103; x_wconf 85' lang='lat' dir='ltr'>vitae</span> <span class='ocrx_word' id='word_1_313' title='bbox 789 2064 1031 2105; x_wconf 82' lang='lat' dir='ltr'>monasticae</span> <span class='ocrx_word' id='word_1_314' title='bbox 1048 2093 1059 2109; x_wconf 94' lang='lat'>,</span> <span class='ocrx_word' id='word_1_315' title='bbox 1090 2062 1252 2115; x_wconf 86' lang='lat' dir='ltr'>eiusque</span> <span class='ocrx_word' id='word_1_316' title='bbox 1276 2061 1408 2113; x_wconf 87' lang='lat' dir='ltr'>cultor</span> <span class='ocrx_word' id='word_1_317' title='bbox 1436 2062 1536 2101; x_wconf 86' lang='lat' dir='ltr'>dici-</span> 
     </span>
     <span class='ocr_line' id='line_1_35' title="bbox 93 2117 1538 2172; baseline 0 -16"><span class='ocrx_word' id='word_1_318' title='bbox 93 2122 175 2161; x_wconf 81' lang='lat' dir='ltr'>tur.</span> <span class='ocrx_word' id='word_1_319' title='bbox 232 2119 321 2156; x_wconf 91' lang='lat' dir='ltr'>Mos</span> <span class='ocrx_word' id='word_1_320' title='bbox 359 2125 494 2157; x_wconf 81' lang='lat' dir='ltr'>autem</span> <span class='ocrx_word' id='word_1_321' title='bbox 521 2118 761 2172; x_wconf 84' lang='lat' dir='ltr'>alienigenas</span> <span class='ocrx_word' id='word_1_322' title='bbox 789 2119 833 2158; x_wconf 90' lang='lat' dir='ltr'>in</span> <span class='ocrx_word' id='word_1_323' title='bbox 859 2117 951 2158; x_wconf 90' lang='lat' dir='ltr'>aula</span> <span class='ocrx_word' id='word_1_324' title='bbox 989 2117 1199 2170; x_wconf 89' lang='lat' dir='ltr'>principali</span> <span class='ocrx_word' id='word_1_325' title='bbox 1228 2117 1279 2156; x_wconf 88' lang='lat' dir='ltr'>ad</span> <span class='ocrx_word' id='word_1_326' title='bbox 1317 2117 1538 2156; x_wconf 89' lang='lat' dir='ltr'>custodiam</span> 
     </span>
     <span class='ocr_line' id='line_1_36' title="bbox 93 2172 1538 2226; baseline 0.001 -16"><span class='ocrx_word' id='word_1_327' title='bbox 93 2172 196 2216; x_wconf 80' lang='lat' dir='ltr'>sacri</span> <span class='ocrx_word' id='word_1_328' title='bbox 222 2173 400 2225; x_wconf 82' lang='lat' dir='ltr'>corporis</span> <span class='ocrx_word' id='word_1_329' title='bbox 417 2172 548 2216; x_wconf 81' lang='lat' dir='ltr'>alendi</span> <span class='ocrx_word' id='word_1_330' title='bbox 574 2188 598 2212; x_wconf 93' lang='lat' dir='ltr'>a</span> <span class='ocrx_word' id='word_1_331' title='bbox 618 2174 807 2217; x_wconf 85' lang='lat' dir='ltr'>Romanis</span> <span class='ocrx_word' id='word_1_332' title='bbox 834 2173 965 2226; x_wconf 88' lang='lat' dir='ltr'>coepit</span> <span class='ocrx_word' id='word_1_333' title='bbox 985 2172 1295 2225; x_wconf 85' lang='lat' dir='ltr'>Imperatoribus</span> <span class='ocrx_word' id='word_1_334' title='bbox 1308 2202 1319 2219; x_wconf 93' lang='lat'>,</span> <span class='ocrx_word' id='word_1_335' title='bbox 1350 2174 1420 2226; x_wconf 90' lang='lat' dir='ltr'>qui</span> <span class='ocrx_word' id='word_1_336' title='bbox 1443 2186 1538 2211; x_wconf 87' lang='lat' dir='ltr'>cum</span> 
     </span>
     <span class='ocr_line' id='line_1_37' title="bbox 88 2225 1537 2282; baseline 0.002 -18"><span class='ocrx_word' id='word_1_337' title='bbox 88 2225 215 2268; x_wconf 83' lang='lat' dir='ltr'>Celtis</span> <span class='ocrx_word' id='word_1_338' title='bbox 240 2235 280 2266; x_wconf 86' lang='lat' dir='ltr'>et</span> <span class='ocrx_word' id='word_1_339' title='bbox 306 2228 515 2270; x_wconf 83' lang='lat' dir='ltr'>Germanis</span> <span class='ocrx_word' id='word_1_340' title='bbox 539 2228 645 2268; x_wconf 92' lang='lat' dir='ltr'>bello</span> <span class='ocrx_word' id='word_1_341' title='bbox 677 2229 858 2282; x_wconf 87' lang='lat' dir='ltr'>impliciti</span> <span class='ocrx_word' id='word_1_342' title='bbox 889 2228 943 2267; x_wconf 86' lang='lat' dir='ltr'>oh</span> <span class='ocrx_word' id='word_1_343' title='bbox 970 2227 1089 2266; x_wconf 87' lang='lat' dir='ltr'>fidem</span> <span class='ocrx_word' id='word_1_344' title='bbox 1123 2227 1332 2280; x_wconf 85' lang='lat' dir='ltr'>probatam</span> <span class='ocrx_word' id='word_1_345' title='bbox 1365 2241 1432 2266; x_wconf 90' lang='lat' dir='ltr'>eos</span> <span class='ocrx_word' id='word_1_346' title='bbox 1461 2227 1537 2267; x_wconf 81' lang='lat' dir='ltr'>sihi</span> 
     </span>
     <span class='ocr_line' id='line_1_38' title="bbox 89 2281 1536 2336; baseline 0.001 -17"><span class='ocrx_word' id='word_1_347' title='bbox 89 2281 275 2325; x_wconf 82' lang='lat' dir='ltr'>custodes</span> <span class='ocrx_word' id='word_1_348' title='bbox 308 2283 574 2335; x_wconf 85' lang='lat' dir='ltr'>apponebant.</span> <span class='ocrx_word' id='word_1_349' title='bbox 634 2285 744 2324; x_wconf 90' lang='lat' dir='ltr'>Idem</span> <span class='ocrx_word' id='word_1_350' title='bbox 782 2283 968 2336; x_wconf 86' lang='lat' dir='ltr'>deinceps</span> <span class='ocrx_word' id='word_1_351' title='bbox 1001 2284 1207 2335; x_wconf 86' lang='lat' dir='ltr'>Byzantini</span> <span class='ocrx_word' id='word_1_352' title='bbox 1240 2297 1399 2335; x_wconf 84' lang='lat' dir='ltr'>quoque</span> <span class='ocrx_word' id='word_1_353' title='bbox 1430 2282 1536 2321; x_wconf 84' lang='lat' dir='ltr'>fece-</span> 
     </span>
     <span class='ocr_line' id='line_1_39' title="bbox 90 2337 1537 2393; baseline 0.001 -19"><span class='ocrx_word' id='word_1_354' title='bbox 90 2343 190 2375; x_wconf 82' lang='lat' dir='ltr'>runt</span> <span class='ocrx_word' id='word_1_355' title='bbox 213 2351 307 2375; x_wconf 90' lang='lat' dir='ltr'>cum</span> <span class='ocrx_word' id='word_1_356' title='bbox 333 2337 543 2384; x_wconf 86' lang='lat' dir='ltr'>Chazaris‚</span> <span class='ocrx_word' id='word_1_357' title='bbox 574 2346 614 2377; x_wconf 88' lang='lat' dir='ltr'>et</span> <span class='ocrx_word' id='word_1_358' title='bbox 631 2339 718 2379; x_wconf 89' lang='lat' dir='ltr'>aliis</span> <span class='ocrx_word' id='word_1_359' title='bbox 747 2338 943 2393; x_wconf 81' lang='lat' dir='ltr'>Scythicis</span> <span class='ocrx_word' id='word_1_360' title='bbox 979 2338 1186 2391; x_wconf 85' lang='lat' dir='ltr'>gentibus,</span> <span class='ocrx_word' id='word_1_361' title='bbox 1216 2337 1349 2376; x_wconf 90' lang='lat' dir='ltr'>Persis</span> <span class='ocrx_word' id='word_1_362' title='bbox 1366 2369 1376 2384; x_wconf 87' lang='lat'>‚</span> <span class='ocrx_word' id='word_1_363' title='bbox 1416 2338 1537 2376; x_wconf 89' lang='lat' dir='ltr'>Sara-</span> 
     </span>
     <span class='ocr_line' id='line_1_40' title="bbox 91 2391 1534 2446; baseline 0.001 -17"><span class='ocrx_word' id='word_1_364' title='bbox 91 2392 226 2438; x_wconf 80' lang='lat' dir='ltr'>cenis,</span> <span class='ocrx_word' id='word_1_365' title='bbox 258 2393 482 2445; x_wconf 61' lang='lat' dir='ltr'>Hungaris,</span> <span class='ocrx_word' id='word_1_366' title='bbox 514 2392 677 2446; x_wconf 85' lang='lat' dir='ltr'>Auglis,</span> <span class='ocrx_word' id='word_1_367' title='bbox 708 2394 810 2433; x_wconf 90' lang='lat' dir='ltr'>aliis.</span> <span class='ocrx_word' id='word_1_368' title='bbox 870 2393 1030 2432; x_wconf 87' lang='lat' dir='ltr'>Helveti</span> <span class='ocrx_word' id='word_1_369' title='bbox 1056 2393 1267 2445; x_wconf 84' lang='lat' dir='ltr'>praecipue</span> <span class='ocrx_word' id='word_1_370' title='bbox 1289 2391 1409 2432; x_wconf 86' lang='lat' dir='ltr'>hodie</span> <span class='ocrx_word' id='word_1_371' title='bbox 1438 2391 1534 2431; x_wconf 88' lang='lat' dir='ltr'>huic</span> 
     </span>
     <span class='ocr_line' id='line_1_41' title="bbox 93 2446 1539 2500; baseline 0.001 -16"><span class='ocrx_word' id='word_1_372' title='bbox 93 2446 184 2484; x_wconf 78' lang='lat' dir='ltr'>usui</span> <span class='ocrx_word' id='word_1_373' title='bbox 210 2446 253 2489; x_wconf 80' lang='lat' dir='ltr'>in</span> <span class='ocrx_word' id='word_1_374' title='bbox 282 2446 384 2492; x_wconf 83' lang='lat' dir='ltr'>aulis</span> <span class='ocrx_word' id='word_1_375' title='bbox 409 2461 548 2500; x_wconf 84' lang='lat' dir='ltr'>regum</span> <span class='ocrx_word' id='word_1_376' title='bbox 579 2449 814 2488; x_wconf 85' lang='lat' dir='ltr'>inserviunt.</span> <span class='ocrx_word' id='word_1_377' title='bbox 874 2448 1003 2487; x_wconf 86' lang='lat' dir='ltr'>Alunt</span> <span class='ocrx_word' id='word_1_378' title='bbox 1032 2447 1164 2491; x_wconf 85' lang='lat' dir='ltr'>adhuc</span> <span class='ocrx_word' id='word_1_379' title='bbox 1195 2447 1315 2486; x_wconf 85' lang='lat' dir='ltr'>hodie</span> <span class='ocrx_word' id='word_1_380' title='bbox 1340 2448 1465 2486; x_wconf 88' lang='lat' dir='ltr'>Turci</span> <span class='ocrx_word' id='word_1_381' title='bbox 1495 2448 1539 2486; x_wconf 89' lang='lat' dir='ltr'>in</span> 
     </span>
     <span class='ocr_line' id='line_1_42' title="bbox 91 2509 1536 2568; baseline 0.001 -18"><span class='ocrx_word' id='word_1_382' title='bbox 91 2509 234 2550; x_wconf 85' lang='lat' dir='ltr'>militia</span> <span class='ocrx_word' id='word_1_383' title='bbox 262 2524 334 2553; x_wconf 81' lang='lat' dir='ltr'>sua</span> <span class='ocrx_word' id='word_1_384' title='bbox 365 2512 421 2551; x_wconf 87' lang='lat' dir='ltr'>sic</span> <span class='ocrx_word' id='word_1_385' title='bbox 447 2513 572 2552; x_wconf 88' lang='lat' dir='ltr'>dictos</span> <span class='ocrx_word' id='word_1_386' title='bbox 611 2514 779 2553; x_wconf 78' lang='lat' dir='ltr'>Garibos</span> <span class='ocrx_word' id='word_1_387' title='bbox 794 2544 807 2562; x_wconf 87' lang='lat'>‚</span> <span class='ocrx_word' id='word_1_388' title='bbox 844 2512 966 2565; x_wconf 39' lang='lat'>&amp;³52²-</span> <span class='ocrx_word' id='word_1_389' title='bbox 998 2513 1040 2552; x_wconf 92' lang='lat' dir='ltr'>id</span> <span class='ocrx_word' id='word_1_390' title='bbox 1070 2521 1130 2552; x_wconf 89' lang='lat' dir='ltr'>est</span> <span class='ocrx_word' id='word_1_391' title='bbox 1158 2513 1323 2565; x_wconf 81' lang='grc' dir='ltr'><strong><em>ξένους,</em></strong></span> <span class='ocrx_word' id='word_1_392' title='bbox 1357 2514 1536 2568; x_wconf 85' lang='lat' dir='ltr'>peregri-</span> 
     </span>
     <span class='ocr_line' id='line_1_43' title="bbox 90 2567 1537 2661; baseline 0.004 -59"><span class='ocrx_word' id='word_1_393' title='bbox 90 2577 194 2661; x_wconf 60' lang='lat' dir='ltr'>30s3</span> <span class='ocrx_word' id='word_1_394' title='bbox 223 2578 271 2628; x_wconf 48' lang='lat' dir='ltr'>v..</span> <span class='ocrx_word' id='word_1_395' title='bbox 306 2567 376 2606; x_wconf 92' lang='lat' dir='ltr'>Du</span> <span class='ocrx_word' id='word_1_396' title='bbox 410 2567 542 2621; x_wconf 80' lang='lat' dir='ltr'>Gange</span> <span class='ocrx_word' id='word_1_397' title='bbox 567 2582 608 2610; x_wconf 82' lang='lat' dir='ltr'>v.</span> <span class='ocrx_word' id='word_1_398' title='bbox 641 2568 867 2622; x_wconf 74' lang='grc' dir='ltr'><strong><em>καρίπιδες.</em></strong></span> <span class='ocrx_word' id='word_1_399' title='bbox 921 2569 1059 2608; x_wconf 87' lang='lat' dir='ltr'>Latius</span> <span class='ocrx_word' id='word_1_400' title='bbox 1088 2567 1139 2608; x_wconf 88' lang='lat' dir='ltr'>de</span> <span class='ocrx_word' id='word_1_401' title='bbox 1175 2568 1254 2608; x_wconf 79' lang='lat' dir='ltr'>illis</span> <span class='ocrx_word' id='word_1_402' title='bbox 1285 2570 1337 2610; x_wconf 86' lang='lat' dir='ltr'>ad</span> <span class='ocrx_word' id='word_1_403' title='bbox 1366 2568 1537 2610; x_wconf 79' lang='lat' dir='ltr'>Abulfe-</span> 
     </span>
     <span class='ocr_line' id='line_1_44' title="bbox 121 2633 287 2672; baseline 0.006 -15"><span class='ocrx_word' id='word_1_404' title='bbox 121 2633 187 2657; x_wconf 88' lang='lat' dir='ltr'>am</span> <span class='ocrx_word' id='word_1_405' title='bbox 212 2633 287 2672; x_wconf 76' lang='lat' dir='ltr'>egi.</span> 
     </span>
    </p>

    <p class='ocr_par' dir='ltr' id='par_1_5' title="bbox 99 2673 1540 2844">
     <span class='ocr_line' id='line_1_45' title="bbox 204 2673 1540 2732; baseline 0.002 -20"><span class='ocrx_word' id='word_1_406' title='bbox 204 2673 251 2716; x_wconf 80' lang='grc' dir='ltr'>Β,</span> <span class='ocrx_word' id='word_1_407' title='bbox 272 2675 310 2713; x_wconf 80' lang='lat'>3.</span> <span class='ocrx_word' id='word_1_408' title='bbox 335 2675 398 2730; x_wconf 84' lang='lat'>[7‚</span> <span class='ocrx_word' id='word_1_409' title='bbox 419 2676 504 2731; x_wconf 70' lang='grc'><strong>[9.]</strong></span> <span class='ocrx_word' id='word_1_410' title='bbox 533 2674 554 2717; x_wconf 84' lang='grc' dir='ltr'><strong><em>ὃ</em></strong></span> <span class='ocrx_word' id='word_1_411' title='bbox 585 2678 818 2731; x_wconf 74' lang='grc' dir='ltr'><strong><em>λογοθέτης·</em></strong></span> <span class='ocrx_word' id='word_1_412' title='bbox 872 2679 1048 2729; x_wconf 87' lang='lat' dir='ltr'>Quando</span> <span class='ocrx_word' id='word_1_413' title='bbox 1070 2679 1176 2720; x_wconf 89' lang='lat' dir='ltr'>nude</span> <span class='ocrx_word' id='word_1_414' title='bbox 1194 2679 1358 2732; x_wconf 84' lang='lat' dir='ltr'>ponitur</span> <span class='ocrx_word' id='word_1_415' title='bbox 1385 2675 1408 2717; x_wconf 83' lang='grc' dir='ltr'><strong><em>ὅ</em></strong></span> <span class='ocrx_word' id='word_1_416' title='bbox 1429 2679 1540 2728; x_wconf 63' lang='lat' dir='ltr'>tayo-</span> 
     </span>
     <span class='ocr_line' id='line_1_46' title="bbox 99 2725 1538 2790; baseline -0.001 -16"><span class='ocrx_word' id='word_1_417' title='bbox 99 2725 248 2790; x_wconf 54' lang='grc' dir='ltr'><strong><em>θέτης,</em></strong></span> <span class='ocrx_word' id='word_1_418' title='bbox 289 2730 523 2785; x_wconf 72' lang='lat' dir='ltr'>intelligitur</span> <span class='ocrx_word' id='word_1_419' title='bbox 551 2733 762 2785; x_wconf 66' lang='lat' dir='ltr'>Logomeea</span> <span class='ocrx_word' id='word_1_420' title='bbox 788 2734 941 2783; x_wconf 62' lang='lat' dir='ltr'>dromi,</span> <span class='ocrx_word' id='word_1_421' title='bbox 982 2734 1186 2774; x_wconf 55' lang='lat' dir='ltr'>meiana&amp;</span> <span class='ocrx_word' id='word_1_422' title='bbox 1216 2748 1344 2774; x_wconf 63' lang='lat' dir='ltr'>cmm</span> <span class='ocrx_word' id='word_1_423' title='bbox 1361 2733 1538 2790; x_wconf 60' lang='lat' dir='ltr'>publmi,</span> 
     </span>
     <span class='ocr_line' id='line_1_47' title="bbox 101 2785 1539 2844; baseline 0.003 -19"><span class='ocrx_word' id='word_1_424' title='bbox 101 2794 212 2827; x_wconf 73' lang='lat' dir='ltr'>culus</span> <span class='ocrx_word' id='word_1_425' title='bbox 240 2786 452 2826; x_wconf 78' lang='lat' dir='ltr'>auctoritas</span> <span class='ocrx_word' id='word_1_426' title='bbox 475 2787 582 2844; x_wconf 83' lang='lat' dir='ltr'>apud</span> <span class='ocrx_word' id='word_1_427' title='bbox 618 2788 904 2843; x_wconf 85' lang='lat' dir='ltr'>Imperatorem</span> <span class='ocrx_word' id='word_1_428' title='bbox 928 2789 1099 2833; x_wconf 82' lang='lat' dir='ltr'>maxima</span> <span class='ocrx_word' id='word_1_429' title='bbox 1125 2797 1220 2830; x_wconf 86' lang='lat' dir='ltr'>tunc</span> <span class='ocrx_word' id='word_1_430' title='bbox 1248 2797 1333 2830; x_wconf 83' lang='lat' dir='ltr'>erat</span> <span class='ocrx_word' id='word_1_431' title='bbox 1346 2821 1356 2839; x_wconf 86' lang='lat'>‚</span> <span class='ocrx_word' id='word_1_432' title='bbox 1396 2785 1539 2842; x_wconf 58' lang='lat' dir='ltr'>&#39;utpote</span> 
     </span>
    </p>
   </div>
  </div>
 </body>
</html>
