1884 3132
228 142 301 186 An
341 143 989 187 coNsTAm.1·om>n.nE
1026 142 1208 188 emim.
1243 147 1340 187 mn.
1383 149 1434 187 ιι.
1481 148 1590 203 709

150 247 277 287 lorum
305 257 624 288 avenwzcatores
653 262 862 298 mvoeare,
905 256 952 287 ut
978 262 1050 288 nos
1078 263 1100 287 a
1129 248 1247 288 simili
1276 257 1383 288 tutos
1411 258 1585 290 servent.

144 297 386 352 Ὀνομάζειν
421 304 536 342 novis
568 304 729 342 Graecis
763 310 822 342 est
848 305 1001 352 citam,
1030 305 1230 366 invocare,
1251 306 1468 372 appellate.
1525 307 1587 345 lta

149 355 304 396 concil.
320 357 483 396 Laodic.
512 371 550 396 c.
564 357 632 397 35.
650 372 662 396 :
694 354 747 395 ου’
766 354 1126 410 δεῖΧριστιανοὺς
1144 353 1311 397 ἀπιέναι
1337 359 1409 398 καί
1434 356 1586 409 ὄνομά-

150 410 238 458 ζειν
266 409 486 463 ἀγγέλους,
515 409 588 450 καί
613 407 802 458 συνάξεις
827 415 983 459 ποιεῖν,
1014 426 1092 451 non
1115 413 1223 451 decet
1240 414 1479 452 Clm'stianos
1497 416 1585 454 cla-

148 479 197 504 ra
213 479 306 504 νοω
320 475 439 504 cmv-e
453 467 610 518 angelos
622 474 658 504 et
674 467 718 504 in
736 480 866 504 eorum
880 480 1037 506 nomme
1054 469 1495 532 communtonessacere.
1525 470 1586 508 lta

146 534 306 574 quoque
334 520 586 559 Herodianus
614 519 728 559 V.5.
754 521 848 559 15..
892 520 1115 573 προσέταξε
1149 518 1303 568 πάντας
1339 519 1438 570 τούς
1477 522 1582 563 ‘Pm-

145 575 288 637 μαίων
315 569 520 627 ἄρχοντας
550 571 623 613 καὶ
638 571 682 612 εἴ
702 588 808 620 τινες
830 557 1033 626 δημοσίας
1059 574 1216 621 θυσίας
1228 576 1479 628 ἐπιτελοῦσι,
1501 574 1582 630 πρὸ

144 629 228 668 τῶν
259 622 394 668 ἄλλων
425 629 562 680 θεῶν,
592 624 666 674 οὓς
694 625 744 680 δή
773 628 1047 680 ἑπουρανίους
1077 629 1134 683 [id
1163 630 1324 685 excidit]
1354 633 1579 713 καλοῦσιν,

146 690 461 745 ἱερουργοῦντας
476 688 694 743 ὄνομάζειν
714 690 783 733 τὸν
803 693 894 733 νέον
914 691 1013 733 θεὸν
1027 693 1230 745 Ἐλαιαγιί
1228 696 1351 735 ἳαλον
1379 680 1477 741 0⁴1,ss
1510 687 1578 747 ὑῒ,

143 763 286 787 notum
310 749 423 787 deum
442 750 596 787 montis.
628 749 702 787 Hic
730 748 806 787 loci
824 749 1058 802 intelligitur
1084 751 1283 789 invocatio
1296 752 1462 802 Mariae,
1478 767 1582 805 quae

143 802 263 842 fiebat
289 803 395 856 apud
415 803 439 841 f
429 818 535 841 nem
563 804 753 852 convivii,
772 819 895 856 quum
926 805 1112 843 ultimum
1132 804 1321 858 poculum
1350 808 1581 846 circumfer-

144 864 270 896 retur.
330 858 433 896 Nam
462 858 569 910 quod
608 858 807 898 veteiibus
834 860 996 898 Graecis
1040 867 1123 899 etat
1152 859 1343 912 poculum
1371 861 1447 899 τοῦ
1476 861 1581 913 dya-

141 911 227 950 3017
254 910 448 961 δαίμονος
467 943 477 958 ,
509 914 660 963 (Batavi
691 913 809 952 hodie
852 914 990 952 dicunt
1018 916 1080 953 het
1099 929 1267 978 groqyen
1296 930 1344 954 en
1379 916 1580 967 bloeyen,)

143 966 187 1005 id
211 968 327 1006 novis
354 974 414 1006 est
441 967 629 1019 poculum
658 969 830 1018 Mariae,
862 968 1049 1007 ultimum
1079 971 1283 1020 convivii3
1316 984 1355 1008 v.
1385 971 1577 1011 Heinecc.

143 1020 195 1060 de
220 1028 325 1060 statu
353 1022 492 1061 eccles.
524 1023 667 1061 Graec.
689 1024 759 1063 ΙΙΙ.
789 1022 943 1076 ρ.465.
1001 1023 1160 1062 Habent
1189 1039 1350 1077 quoque
1378 1024 1577 1064 bucellam

142 1075 188 1114 B.
215 1077 283 1123 V„
314 1090 435 1128 quam
464 1076 671 1127 narwyt'av
711 1039 928 1130 appellant.
987 1078 1113 1116 Multa
1145 1086 1183 1117 et
1213 1079 1262 1117 de
1290 1079 1366 1117 hac
1393 1079 1546 1118 bucella
1565 1111 1577 1128 ‚

141 1137 234 1193 post
265 1144 386 1183 quam
432 1131 656 1170 absumtam
692 1133 879 1185 poculum
911 1134 1062 1172 Mariae
1103 1133 1285 1179 bibitur,
1317 1141 1356 1173 et
1383 1134 1433 1172 de
1466 1149 1579 1174 more

139 1186 182 1223 in
218 1185 411 1224 honorem
440 1193 479 1224 et
517 1186 837 1226 intercessionem
874 1188 1109 1226 Sanctorum
1149 1188 1312 1227 bibendi
1350 1188 1471 1228 habet
1509 1191 1576 1229 Du

138 1239 276 1292 Cange
300 1254 342 1278 v.
371 1239 552 1291 παναγία
583 1249 622 1280 et
649 1241 846 1294 πρεσβεία
877 1249 916 1281 et
943 1243 1087 1281 Bibere
1116 1257 1157 1282 m
1175 1257 1307 1281 amore
1323 1243 1575 1295 Sanctorum,

140 1294 249 1333 unde
276 1308 355 1332 non
392 1309 549 1347 possum
577 1298 672 1349 quin
712 1296 842 1335 saltim
884 1310 1011 1335 unum
1040 1304 1079 1336 et
1105 1297 1274 1336 alterum
1302 1298 1434 1336 locum
1461 1313 1574 1351 repe-

137 1355 246 1397 tam,
275 1356 318 1386 ut
337 1357 538 1402 appareat,
554 1351 699 1402 quibus
736 1351 879 1389 ritibus
905 1358 943 1390 et
962 1366 1082 1404 quem
1111 1354 1153 1390 in
1183 1351 1301 1389 finem
1333 1351 1507 1391 biberint
1536 1353 1576 1391 in

140 1401 337 1442 honorem
353 1411 438 1454 aut,
468 1411 514 1442 ut
540 1411 624 1442 tum
645 1405 844 1455 dicebant,
863 1420 904 1443 m
921 1406 1311 1453 amor-esanctorum,
1330 1407 1373 1444 S.
1386 1407 1574 1455 loannis,

139 1457 345 1496 Michaelis
375 1434 641 1524 Ar’changeli,
672 1460 824 1498 Maniae
852 1461 1028 1525 Virginis
1056 1467 1094 1498 et
1122 1460 1307 1498 aliorum.
1362 1461 1495 1500 Ducas
1528 1477 1571 1527 p.

143 1511 232 1576 145.
269 1520 435 1552 narrat:
488 1510 510 1550 ὁ
542 1527 598 1563 χι
604 1513 720 1559 δαιος
763 1528 831 1552 και
875 1512 1070 1579 α’γοραῖος
1115 1507 1238 1564 οχὶος
1271 1511 1504 1562 ἐξελθόντες
1527 1517 1574 1555 ἐκ

135 1566 211 1618 τῆς
237 1561 317 1605 αν)
307 1566 367 1618 ἧς
392 1566 467 1606 τοῦ
491 1566 786 1630 μοναστηριόυ
801 1567 844 1606 ἐν
880 1565 1099 1630 καπηλώις
1127 1567 1371 1629 κρατοῦντες
1399 1568 1444 1607 ἐν
1471 1583 1574 1632 χερ-

136 1621 184 1660 σὶ
208 1616 285 1666 τοὶς
312 1619 469 1674 φιάλας
492 1619 662 1672 πλὲρεις
683 1615 864 1672 ἀκράτου
893 1619 1190 1671 αἰεθεματιζον
1216 1621 1316 1668 τοὺς
1340 1619 1570 1672 «ἒν-,ωτικοὺς

141 1675 327 1740 [Latinos
354 1683 393 1714 et
423 1677 596 1714 Graecos
621 1660 774 1715 Latinis
800 1677 864 1715 sav
857 1685 976 1716 entes
995 1677 1023 1729 ,j
1055 1675 1237 1723 πίνοντες
1267 1676 1326 1723 εἰς
1349 1678 1574 1728 πρεσβείαν

136 1729 209 1780 τῆς
241 1727 392 1776 εικόνος
415 1731 494 1793 τῆς
536 1729 792 1797 3⁶⁰t2131⁰9⁰<3
830 1746 898 1770 και
942 1731 1272 1794 παρακαλοῦντες
1299 1729 1432 1783 αότῆν
1462 1732 1573 1783 γενέ-

133 1785 236 1823 σθαι
266 1782 489 1832 προστάτις
516 1799 583 1823 και
616 1782 780 1836 α’ραηύς
807 1785 881 1837 τῆς
898 1768 1069 1831 πόλεως.
1125 1785 1373 1824 Christianus
1399 1786 1448 1825 de
1475 1787 1570 1826 Sca-

136 1837 175 1877 la
203 1840 245 1877 in
274 1839 368 1877 Vita
394 1840 436 1878 S.
467 1840 718 1879 WVenceslai:
764 1841 888 1879 locum
916 1842 1092 1879 conviziz
1110 1850 1245 1894 petens
1265 1870 1276 1890 ,
1311 1841 1433 1880 calzce
1462 1855 1571 1880 acce-

129 1901 228 1946 pto,
256 1895 399 1946 pocula
425 1908 557 1933 coram
593 1895 765 1933 ommbus
789 1904 985 1949 portans,
1018 1896 1104 1933 alta
1133 1895 1346 1949 praefatur
1366 1910 1488 1934 v.oce
1526 1897 1569 1934 in

136 1961 289 1985 ηοηιιιιε
317 1949 419 1986 beau
436 1948 676 2002 Archangeli
687 1950 895 1988 lllielzae'lis
915 1950 1086 1988 bibamus
1111 1951 1209 1988 lmnc
1236 1951 1419 1998 calicem,
1448 1964 1570 1988 oran-

131 2010 186 2040 tes
214 2011 252 2040 et
274 2002 551 2056 deprecantes,
580 2018 655 2059 quo
680 2006 831 2042 animas
864 2014 1014 2043 nostras
1033 2005 1273 2043 introducere
1299 2019 1400 2043 nunc
1431 2004 1570 2055 digne-

134 2065 199 2094 tw·
222 2071 263 2094 ιη
290 2071 432 2110 pacem
462 2060 714 2097 exultationis
734 2068 958 2113 perpetuae.
1032 2059 1106 2097 Cui
1129 2073 1216 2097 eum
1261 2060 1402 2113 quique
1418 2058 1569 2113 fideles

133 2112 414 2164 respondissent
433 2112 580 2163 Amen,
596 2115 730 2151 hausto
752 2123 863 2168 potu,
888 2115 1084 2152 universos
1106 2114 1337 2152 exosculans
1364 2114 1570 2166 hospitium

134 2166 329 2219 repetivit.
388 2167 492 2205 Hinc
520 2166 762 2220 intelligatur
783 2198 795 2219 ,
836 2168 932 2221 quid
960 2168 1035 2207 sibi
1064 2167 1238 2207 voluerit
1272 2182 1357 2206 mos
1385 2174 1567 2206 veterum

134 2220 425 2258 Geimanorum
460 2228 499 2259 et
537 2222 707 2260 aliorum
754 2223 995 2276 populoium
1035 2221 1403 2276 septentlionalium
1445 2221 1566 2259 medii

132 2275 251 2324 aevi,
282 2275 322 2312 in
366 2274 580 2325 honoiem,
615 2290 791 2315 amonem
830 2285 870 2316 et
897 2277 1062 2317 salutem
1095 2277 1159 2315 dei
1189 2276 1379 2325 bibendi,
1409 2276 1458 2314 de
1486 2289 1568 2327 quo

130 2329 215 2367 vid.
250 2327 418 2367 Keisleri
461 2330 642 2368 Itinerar.
666 2345 721 2393 p.
750 2333 862 2372 1505.
918 2332 1075 2370 Scilicet
1115 2338 1276 2383 accepto
1315 2329 1436 2368 calice
1474 2343 1567 2368 cum

130 2384 385 2423 invocatione
413 2383 539 2421 'divini
568 2386 758 2433 nominis,
786 2400 915 2439 eoque
937 2385 1165 2438 suppliciter
1194 2391 1331 2437 logato
1359 2383 1454 2422 velit
1483 2383 1561 2422 sibi

131 2437 269 2477 fautor
308 2444 347 2476 et
382 2445 581 2490 protectm
622 2439 755 2478 adesse
798 2454 943 2492 resque
967 2454 1057 2478 suas
1086 2439 1326 2487 secundare,
1355 2437 1563 2476 bibebant.

133 2491 257 2531 Unde
286 2499 413 2544 patet,
441 2506 591 2531 morem
621 2493 735 2531 illum
761 2495 803 2532 in
845 2494 1011 2532 salutem
1050 2493 1113 2531 dci
1143 2492 1375 2530 immortalis
1402 2491 1563 2531 bibendi

130 2546 230 2587 adeo
258 2546 473 2585 absurdum
503 2561 583 2586 non
624 2561 731 2596 esse,
763 2562 887 2601 quam
916 2548 1044 2599 prima
1073 2547 1203 2585 fronte
1230 2547 1427 2585 videatur.
1460 2547 1569 2586 Nar-

130 2607 193 2638 rat
221 2601 463 2639 Mahillonus
493 2602 534 2639 in
563 2603 711 2639 Itinere
753 2603 1010 2650 Germanico,
1050 2615 1269 2653 cauponem
1310 2600 1482 2654 aliquem
1524 2602 1566 2641 in

130 2653 307 2704 Alsafia,
338 2656 390 2695 ad
423 2670 541 2709 quem
569 2656 814 2710 diverterat,
843 2656 1010 2695 abeunti
1048 2655 1121 2694 sibi
1149 2654 1338 2710 poculum
1367 2655 1409 2697 in
1435 2655 1567 2696 hono-
