1832 3126
190 174 267 217 An
300 172 602 217 CONSTANT.
631 170 830 215 PORPH.
856 172 929 212 DE
963 169 1506 223 OEssm.L113.1.¹99

23 283 49 309 “»
60 269 131 316 ὅτε
151 273 410 328 διαλέγοιτο,
444 274 523 314 νῦν
548 273 628 338 μὲν
652 276 740 320 τοῖς
767 267 999 341 ὖπηκόοις,
1021 271 1098 313 νῦν
1125 271 1173 312 δὲ
1194 274 1281 319 τοῖς
1289 269 1344 335 ἐξ
1366 269 1507 311 ἐθνῶν

59 325 295 397 πρέσβεσιν·
324 329 367 376 ὲ,
353 327 484 370 ἐἶναι’
503 343 551 382 γε
564 325 651 381 μήν
667 327 730 368 ἐπ’
760 326 918 380 ἐκείνης
946 328 1022 380 τῆς
1043 325 1226 374 στάσεως
1253 320 1397 366 ovant
1418 325 1503 365 τῶν

60 380 258 424 ἁπάντων
275 399 334 439 τῳ
315 385 519 436 ’'piacula‘'
530 383 823 433 συνίστασθαι,
854 378 962 445 πλην
990 382 1066 434 τῆς
1100 377 1286 433 συζύγου
1322 379 1396 420 καί
1424 379 1515 420 τῶνΑ

58 435 187 479 υἱέων
232 438 308 478 καί
311 424 543 502 ἅδεῇφῶν,
548 436 798 503 προσθείην
832 435 873 474 δ’
892 430 945 474 ἂν
973 450 1043 475 και
1068 438 1151 475 τῶν
1183 435 1505 503 πατραδέλφων.

59 490 170 533 ἀλλὰ
179 489 328 533 τούτου
340 506 387 544 γε
408 489 631 556 ἱσταμένου
651 506 720 531 και
716 487 977 555 ὁμιλοῦντος
986 490 1146 530 ἐκεῖθεν
1160 504 1221 537 οις
1238 505 1381 543 εχρην,
1394 502 1508 554 ανῃε·

56 562 140 588 σαν
166 546 241 587 καὶ
256 543 501 588 συνίσταντό
525 542 577 596 οἱ,
611 559 660 585 ου
661 560 693 597 χ
711 542 825 592 ὅπως
843 559 988 584 απασα
1009 545 1094 584 τῶν
1110 559 1229 610 ευγει
1230 560 1289 584 ων
1310 544 1335 599 ἡ
1342 531 1506 613 νεότης,

57 599 167 641 ἀλλὰ
204 616 274 641 και
306 601 391 641 τῶν
419 600 614 655 χυδαίων
640 615 710 640 και
736 598 947 653 ὑπηρέτου
965 596 1082 648 τάξιν
1103 595 1296 650 ἐχόντων,
1318 593 1379 646 οἷς
1402 596 1508 649 πρὸς

59 653 303 708 βουλήσεως
321 649 374 708 ην
388 663 464 695 ete.
507 656 724 694 Cinnamus
747 656 798 694 L.
834 655 889 694 V.
926 669 1018 708 pag.
1062 669 1152 694 120.
1181 655 1267 693 init.
1312 655 1364 694 de
1394 654 1508 708 Kilig

59 711 222 751 Arslani
251 710 407 750 Sultnni
441 711 658 750 iconiensis
690 710 867 749 adventu
903 711 946 748 in
988 709 1141 749 Urbem
1158 712 1309 762 regiam
1338 723 1506 748 narrans

40 768 139 813 ,31ῑ.
194 761 510 834 Κλιτζιάσθλαν
537 765 584 805 δὲ
607 763 828 818 ἐπειδήπερ
851 764 893 811 ἐς
906 763 1061 815 μέσους
1085 765 1292 818 παρῆλθε,
1311 761 1508 831 θάιιβους

57 817 154 868 ὅλος
176 813 250 883 fir.
277 833 348 859 και
371 820 447 860 τοῦ
460 820 666 871 βασιλέως
695 819 920 886 καθιζῆσαι
947 819 1090 860 τοῦτον
1117 818 1469 886 προτρεπρμένου,
1482 832 1505 857 ο

57 873 108 914 δὲ
140 870 188 915 τό
217 873 296 926 μὲν
316 871 528 938 πρότερον
557 869 826 927 ισχυρώτατα
853 872 1066 926 ἆπέλεγεν,
1102 888 1159 921 ως
1179 873 1215 913 6
1246 873 1317 914 ἐπὶ
1342 874 1506 939 μᾶλλον

56 926 316 996 ἐγκειμενον
311 924 424 982 ἑώρα
444 943 515 968 τον
522 929 735 994 βασιλέα,
768 930 954 982 καθῆστο
974 925 1121 969 λοιπὸν
1139 926 1212 969 ἐπὶ
1234 925 1505 980 χαμαιζήλου

56 981 168 1031 τινός
194 982 267 1023 καί
289 979 436 1037 ἥκιστα
459 983 530 1023 ε’πί
553 982 767 1036 μετεώρου
809 983 1032 1035 καθέδρας.
1086 985 1202 1024 Rex
1192 999 1276 1038 ipse
1293 984 1506 1035 Franciue,

57 1039 287 1079 Ludovicus
312 1039 408 1078 Vll.
397 1053 566 1093 .‚quum
594 1054 635 1078 111
661 1039 909 1093 expeditione
924 1053 996 1078 sua
1024 1041 1066 1079 in
1086 1038 1355 1079 Palaestinam
1380 1039 1506 1078 CPlin

57 1095 270 1143 transiret,
304 1101 344 1133 et
385 1095 436 1133 ad
479 1094 706 1134 manuelem
746 1095 999 1134 Comnenum
1042 1096 1251 1146 inviseret,
1290 1094 1507 1134 humiliore

58 1149 156 1190 seua
195 1123 409 1189 iuh’ebatur
446 1150 598 1189 sedere.
654 1150 858 1189 Describit
894 1149 1000 1188 idem
1028 1150 1246 1189 Cinnamus
1267 1150 1507 1217 receptionis

59 1205 146 1246 eius
186 1205 452 1244 ceremoniam
485 1206 535 1244 L.
562 1205 619 1244 ΙΙ.
642 1219 690 1270 p.
702 1204 794 1268 46.
828 1205 891 1244 his
920 1205 1080 1245 verbis:
1112 1203 1393 1245 εισελαύνοντι
1420 1203 1507 1244 τοί·-

58 1270 134 1300 νυν
150 1251 300 1324 ιῖνόρες
329 1256 523 1325 υπήντων
548 1255 663 1314 αυτιῦ
694 1254 841 1299 ὁπόσοι
858 1273 902 1299 τε
929 1256 1036 1299 κατὰ
1057 1260 1171 1312 γένος
1190 1275 1258 1299 και
1268 1258 1411 1325 τύχην
1428 1260 1506 1310 βα-

59 1315 174 1354 σιλεῖ
203 1296 386 1366 ἥγνιζον,
401 1327 469 1353 και
500 1308 591 1354 ὅσοι
621 1329 695 1362 τας
724 1311 1023 1378 ὑπερηφάνους
1048 1315 1107 1370 τῷ
1133 1311 1326 1368 τηνικάδε
1345 1316 1506 1354 διεῖπον

59 1362 196 1436 ἇρχὰς
203 1400 223 1432 ,
250 1369 564 1434 προπέμψοντές
586 1383 632 1408 τε
652 1365 783 1408 αὐτὸν
805 1383 865 1416 εις
885 1366 939 1408 τὰ
963 1355 1158 1420 βασίλεια
1182 1370 1508 1432 μεγαλοπρεπως

59 1424 135 1462 καί
163 1419 216 1462 τὰ
237 1420 376 1462 εἰκότα
400 1421 653 1486 τιμήσαντες.
685 1420 837 1489 επειδή·
846 1438 891 1463 τε
918 1421 1017 1464 clam
1040 1425 1127 1464 τῶν
1158 1423 1398 1477 ανακτόρων
1426 1416 1507 1476 ηδη

60 1475 254 1530 ἒγιῇννετο,
295 1473 401 1517 ἔνθα
430 1475 632 1541 βασιλευς
654 1475 726 1518 ἐπι
752 1475 966 1542 μετεώρου
974 1479 1190 1545 καθῆστο,
1210 1477 1413 1542 χθαιιαλὴ
1445 1491 1509 1525 τις

142 1530 396 1599 ῷὲκομιζετο
413 1531 536 1600 ἕδρα,
566 1527 616 1583 ἢν
635 1531 797 1571 σελλίον
824 1529 1113 1598 ῥωιιαΐζοντες
1129 1528 1426 1599 o'voptagovmv'
1433 1547 1508 1571 αν-

61 1588 255 1653 θρωποι,
295 1585 365 1653 ἐφ’
399 1578 457 1651 ᾗς
490 1584 724 1649 καθιζησας
758 1582 811 1624 τὰ
843 1586 983 1625 εἰκότα
1004 1600 1049 1625 τε
1073 1586 1200 1626 ειπών
1218 1601 1290 1626 και
1323 1585 1508 1634 ακουσας

61 1639 158 1681 τότε
184 1640 262 1691 μὲν
299 1639 344 1687 ἐς
365 1636 412 1680 τὰ
438 1637 518 1693 πρὸ
546 1640 623 1680 τοῦ
640 1637 863 1694 περιβόλου
886 1638 1161 1693 ἀπηλλάττετο
1171 1645 1506 1695 προαστεῖονεῐε.

61 1697 99 1736 F
99 1709 248 1735 ranclci
285 1695 447 1748 quidem
484 1697 695 1749 scriptores
733 1695 810 1734 hoc
845 1695 996 1734 factum
1034 1704 1210 1750 negant,
1254 1704 1294 1737 et
1334 1697 1508 1737 Graecos

62 1750 312 1806 arrogantiae
335 1758 524 1804 arguunt.
581 1751 711 1790 Valde
731 1758 865 1789 tamen
893 1758 952 1790 est
981 1751 1189 1804 probabile
1203 1781 1216 1803 ,
1261 1752 1506 1791 Cinnamum

61 1805 130 1846 hic
151 1820 250 1846 vera
266 1806 490 1845 tradidisse
547 1806 647 1845 Nam
671 1805 768 1844 alias
791 1806 1055 1856 Ludovicum,
1084 1807 1272 1846 Conrado
1294 1807 1398 1870 hup.
1430 1808 1509 1846 mi-

62 1875 203 1900 norem
242 1875 404 1914 regem,
445 1875 526 1900 non
558 1861 780 1900 admisisset
827 1862 1051 1914 Imperator
1085 1862 1290 1910 cPtanus,
1338 1863 1370 1901 si
1402 1862 1508 1902 hanc

66 1916 338 1956 conditionem
369 1917 616 1969 repudiasset
634 1945 645 1966 ,
674 1931 799 1970 quum
824 1916 1055 1956 Conradum
1069 1947 1082 1968 ,
1111 1918 1295 1971 quamvis
1314 1931 1360 1956 ex
1384 1931 1508 1957 uxore

66 1971 248 2021 fratrem,
276 1970 491 2011 insalutato
516 1986 559 2011 se
579 1971 678 2011 CPli
709 1971 820 2011 abire
851 1972 1027 2021 sivisset,
1066 1980 1277 2025 propterea
1296 1972 1404 2025 qupd
1431 1986 1507 2012 vo-

59 2025 203 2067 luisset
230 2033 277 2064 ut
313 2041 389 2079 par
421 2041 445 2065 a
471 2027 559 2080 pari
600 2029 787 2077 tractari,
845 2027 955 2080 quod
997 2028 1173 2066 Graecus
1202 2027 1385 2080 negabat.
1443 2028 1507 2067 De

63 2081 261 2121 Balduino
286 2082 360 2120 IV.
379 2095 471 2145 rege
491 2081 791 2135 Hierosolymae
816 2082 869 2120 ad
885 2081 1056 2120 eundem
1080 2082 1340 2121 Manuelem'
1328 2097 1371 2120 m
1394 2096 1505 2122 cam-

62 2138 124 2191 pis
149 2135 390 2176 Antiochiae
405 2137 600 2176 invisente
618 2145 755 2176 narrat
779 2137 886 2176 idem
906 2137 1507 2191 Cinnamusp.1o7.C.,quod

66 2191 231 2231 Manuel
265 2205 356 2230 eum
393 2205 528 2230 coram
554 2192 807 2231 admissum
797 2206 837 2231 in
876 2191 1019 2230 humili
1043 2192 1139 2231 sella
1169 2192 1307 2231 sedere
1329 2193 1502 2241 iusserit,

64 2240 174 2286 εἶδεν
191 2240 323 2285 αὐτὸν
342 2259 412 2284 και
438 2250 672 2299 προσεῖπεν,
700 2245 829 2299 ἕδραν
849 2245 896 2286 δέ
923 2260 1014 2286 τινα
1033 2243 1264 2298 χθαμαλην
1279 2246 1507 2301 καθιζῆσαι

65 2301 284 2352 παρέθετο.
342 2300 417 2339 Cui
447 2302 621 2340 concinit
652 2300 865 2342 Wilhelm.
900 2302 1047 2355 Tyrius
1084 2302 1243 2341 XVIII.
1262 2299 1330 2352 24.
1355 2302 1407 2340 de
1434 2316 1504 2342 eo-

66 2355 159 2395 dem
185 2355 400 2409 colloquio,
430 2370 534 2394 secus
554 2358 641 2395 eum
663 2358 706 2395 in
727 2357 817 2395 sede
838 2357 996 2395 honesta
1010 2385 1023 2406 ‚
1048 2357 1119 2396 sed
1139 2357 1343 2395 humiliore
1359 2357 1505 2396 Ιοαιίω

63 2418 134 2450 est.
145 2411 198 2450 V.
218 2411 286 2450 Du
308 2411 441 2463 Gange
461 2410 513 2449 ad
541 2410 725 2451 loinville
755 2426 796 2465 p.
821 2410 914 2452 318.
933 2420 1023 2464 sqq.
1045 2418 1085 2450 et
1114 2411 1224 2465 adp.
1259 2411 1330 2451 86.
1351 2412 1400 2451 C.
1436 2427 1499 2452 ιο.

68 2465 174 2504 Hinc
203 2471 336 2530 patet,
372 2465 471 2519 quid
499 2468 620 2504 statui
667 2466 812 2506 debeat
848 2465 899 2504 de
938 2467 1168 2505 narratione
1196 2466 1391 2506 Bernardi
1412 2467 1503 2507 the-

67 2521 234 2560 aurarii
251 2535 289 2559 c.
318 2519 379 2560 15.
413 2519 463 2558 de
489 2522 749 2574 acquisitione
766 2528 899 2559 terrae
928 2528 1087 2560 sanctae
1104 2521 1500 2562 T.V1.Scr.Re1-.

69 2573 162 2621 Ital.
195 2589 236 2628 p.
259 2575 358 2615 668.
393 2574 475 2613 His
498 2575 636 2624 dicax,
667 2578 751 2626 ait,
783 2576 914 2614 statim
930 2576 1040 2614 iussit
1059 2575 1267 2630 [Aietius]
1309 2577 1504 2629 Godosre-

68 2629 164 2668 dum
189 2629 468 2684 [Bulioneum]
492 2604 759 2685 imperz'kzlibus
788 2630 954 2669 vestibus
982 2631 1158 2670 indutum
1193 2632 1309 2672 &lxta
1344 2647 1430 2670 eum
1460 2634 1505 2672 in

72 2683 168 2723 solio
189 2684 356 2724 residem
371 2707 391 2714 -
408 2706 429 2715 —
453 2685 615 2738 singulis
635 2684 936 2724 hebdomadibus
950 2700 977 2724 a
984 2686 1097 2738 festo
1114 2683 1380 2750 Ερῲήαπίαε
1389 2702 1506 2741 usque

72 2738 133 2778 ad
145 2738 413 2780 Aaeensionem
434 2738 604 2780 Domini
627 2741 871 2792 hyper-mma·
890 2750 1217 2798 aza-eos‚quantos
1235 2741 1314 2782 duo
1334 2742 1417 2780 viri
1428 2756 1506 2780 una
