1884 3132
186 151 262 195 An
301 147 598 195 CONSTANT.
638 144 836 191 Pomm.
878 149 950 189 DE
988 147 1170 190 cenni.
1212 145 1309 186 Lm.
1349 146 1402 186 11.
1437 124 1543 181 651

110 270 216 311 quae
255 257 325 297 Du
362 257 498 308 Gange
539 252 606 294 Gl.
649 254 721 295 Gr.
763 268 806 307 p.
836 251 953 292 1618.
994 253 1036 290 in
1079 252 1178 290 serie
1207 249 1396 304 protulit,
1428 248 1550 289 habet

110 312 218 352 idem
242 325 403 366 quoque
428 309 539 349 aliud
570 311 610 347 in
638 323 678 348 v.
705 306 1027 360 Παρακέλλιον,
1056 307 1230 356 latrina,
1259 305 1409 359 p.63o.
1444 305 1550 344 Con-

109 364 229 406 cludo
243 382 290 412 ex
318 368 510 407 hactenus
536 364 667 415 dictis,
696 365 890 417 tropicam
918 363 1044 401 nostri
1073 361 1149 400 loci
1179 361 1297 400 fnisse
1324 359 1551 399 deambula-

110 432 254 473 crum,
282 424 509 476 porticum,
551 433 716 459 curvam
734 448 747 471 ,
784 416 991 471 pergulam
1031 423 1101 455 aut
1126 417 1272 455 vitibus
1312 430 1452 454 revera
1477 415 1551 454 ob-

108 477 339 517 umbratam
361 484 402 517 et
426 475 556 530 palliis
582 475 715 513 sericis
742 473 794 511 ad
821 472 944 511 breve
970 479 1126 525 tempus
1145 485 1317 524 pompae
1327 485 1446 509 causa
1461 476 1553 508 tan-

109 539 199 572 tum
245 535 457 581 amictam3
502 536 573 569 aut
611 530 810 583 porticum
853 527 904 566 ad
946 527 1036 566 talis
1080 526 1270 580 pergulae
1301 525 1466 564 modum
1494 525 1553 563 fa-

111 593 246 634 ctam,
287 601 371 627 non
419 594 556 626 tamen
613 584 763 623 vitibus
804 582 1031 636 perplexam
1050 611 1062 631 ,
1103 581 1172 620 sed
1225 595 1394 634 pompae
1431 594 1552 619 causa

111 643 391 682 tantummodo
441 639 638 680 asseribus
677 646 748 678 aut
789 638 951 678 schidiis
989 636 1253 675 tumultuario
1290 650 1411 688 opere
1456 650 1554 674 con-

111 703 325 748 structam,
376 710 459 751 quo
505 695 659 734 amiciri
705 696 838 747 posset
883 692 1014 746 palliis
1053 693 1188 730 sericis
1211 721 1222 738 ,
1264 691 1339 730 snb
1381 705 1555 744 quorum

112 751 202 791 velo
230 760 271 792 et
308 752 454 791 umbra
495 750 691 789 consideri
721 756 761 787 et
788 747 1068 796 deambulavi,
1098 761 1276 799 auraque
1309 746 1432 784 libere
1463 759 1556 799 per-

111 807 266 860 spirans
291 807 443 861 captari
471 811 615 858 posset.
675 803 821 843 Differt
840 804 960 857 igitur
986 798 1034 840 τὸ
1066 797 1392 852 ἀναδενδράδων
1421 815 1444 839 a
1470 807 1558 839 tro-

111 863 219 916 pioe.
276 861 383 902 Illud
420 867 479 900 est
516 861 636 900 series
666 859 856 898 arborum
883 864 1129 904 erectarum,
1159 858 1350 895 stantium
1386 863 1426 894 et
1454 854 1556 894 libe-

112 926 206 956 rum
245 917 345 957 coeli
384 916 614 969 adspectum
650 915 966 968 permittentium
982 942 994 963 ,
1033 919 1142 950 certo
1171 911 1310 950 ordine
1343 911 1555 963 disposita-

113 984 220 1011 rum.
280 972 327 1011 ln
355 971 431 1011 hac
469 984 567 1010 vero
594 970 694 1009 vites
722 976 793 1010 aut
830 968 931 1008 aliae
959 967 1122 1006 arbores
1152 966 1297 1005 flexiles
1330 973 1489 1005 coactae
1515 968 1558 1004 in

114 1026 292 1080 apsidem
321 1027 488 1066 demunt
522 1025 755 1078 adspectum
783 1023 899 1063 coeli.
959 1022 1134 1073 Quando
1168 1022 1290 1074 igitur
1316 1021 1439 1074 paulo
1467 1028 1559 1075 post

115 1081 215 1121 dicit
241 1082 402 1134 Noster,
441 1080 785 1120 anadcndradium
814 1078 877 1118 vel
903 1080 1118 1131 topiarium
1146 1078 1300 1116 iniectis
1328 1078 1470 1130 pannis
1496 1090 1561 1115 se-

114 1137 207 1176 rIcis
234 1136 352 1177 fuisse
377 1136 429 1176 ad
458 1137 671 1189 imaginem
701 1136 878 1188 tropicae
919 1133 1212 1172 conformatum
1230 1161 1242 1182 ,
1271 1132 1467 1184 significat
1493 1145 1556 1176 eo,

114 1192 235 1232 fuisse
275 1193 446 1246 topiario
485 1191 810 1244 superimpositas
848 1202 1026 1228 camaras
1073 1201 1095 1226 e
1143 1186 1249 1226 lattis
1302 1201 1372 1226 seu
1429 1186 1559 1239 longis

115 1247 277 1286 schidiis
320 1248 443 1287 factas
487 1260 561 1299 pro
603 1245 845 1285 sustinendis
896 1242 1026 1296 palliis
1070 1243 1229 1290 sericis,
1259 1256 1364 1295 qnae
1391 1243 1560 1280 insterni

116 1301 331 1341 debebant.
388 1301 529 1341 Fuisse
572 1315 726 1340 morem
746 1301 834 1339 aevi
862 1298 984 1337 medii
1018 1296 1168 1336 talibus
1198 1296 1371 1350 pergulis
1400 1311 1422 1335 e
1451 1296 1559 1335 lattis

118 1358 407 1396 concamaratis
434 1369 587 1408 pannos
615 1356 761 1395 sericos
805 1356 847 1392 in
882 1354 1187 1392 ostentationem
1219 1351 1463 1390 insternendi
1491 1358 1562 1389 aut

118 1425 188 1451 eos
227 1412 278 1451 de
327 1411 508 1450 armariis
554 1410 606 1448 ad
641 1411 809 1462 parietes
855 1409 994 1447 erectis
1037 1407 1338 1459 suspendendi,
1386 1406 1561 1459 probant

119 1480 200 1506 non
229 1474 388 1506 tantum
425 1465 503 1505 loci
541 1472 774 1514 auctorum,
819 1477 919 1516 quos
958 1462 1015 1500 ibi
1043 1463 1194 1510 citavi,
1223 1461 1293 1499 ubi
1322 1461 1373 1499 de
1415 1463 1562 1499 trium-

117 1521 302 1575 plialibus
339 1520 656 1575 processionibus
702 1521 789 1572 egi,
826 1518 895 1557 sed
933 1518 1053 1556 etiam
1098 1516 1140 1554 hi
1177 1515 1259 1554 duo
1300 1530 1323 1554 a
1357 1517 1424 1554 Du
1456 1515 1563 1554 Can-

119 1577 185 1630 gio
210 1591 251 1617 v.
276 1577 496 1616 blneator-ia
539 1575 670 1624 citati,
707 1588 812 1612 unus
848 1573 889 1611 S.
924 1571 1141 1611 Bernardi:
1193 1570 1291 1625 quid
1337 1571 1477 1609 iuvant
1510 1579 1567 1610 tot

118 1633 330 1671 mutatoria
355 1633 423 1671 vel
447 1640 609 1669 extensa
635 1630 678 1668 in
710 1630 874 1684 perticis
910 1627 977 1667 vel
1006 1627 1158 1681 plicata
1186 1627 1229 1664 in
1260 1627 1440 1664 manticis
1453 1654 1464 1672 ‚
1502 1625 1564 1664 al-

117 1694 182 1726 ter
212 1687 347 1726 Iacobi
377 1687 429 1725 de
456 1686 638 1724 Vitriaco
659 1698 671 1723 t
731 1685 871 1722 mimus
894 1692 933 1721 et
951 1683 1086 1720 histrio
1114 1681 1172 1720 ad
1192 1694 1364 1719 mensam
1405 1689 1563 1731 cantat,

120 1742 245 1781 malta
282 1743 452 1782 vestium
489 1740 699 1780 mutatoria
743 1739 802 1778 ad
843 1738 1134 1778 ostentationem
1183 1736 1368 1774 vanitatis
1402 1737 1444 1774 in
1464 1750 1563 1790 per-

119 1798 197 1836 tica
219 1797 504 1843 extenduntur,
535 1805 574 1834 et
598 1794 747 1834 Christi
763 1808 957 1849 pauperes
963 1793 1086 1844 same
1102 1799 1140 1830 et
1155 1791 1319 1844 ‚frigore
1339 1799 1560 1829 enecantur.

205 1852 296 1892 330.
314 1852 361 1890 B.
402 1865 438 1890 ι.
469 1850 587 1905 [57¹⁷
615 1848 703 1903 11.]
743 1849 826 1888 τῶν
854 1847 1067 1889 Ἰσπανῶν.
1139 1845 1319 1884 Utinam·
1350 1845 1565 1884 addidisset

122 1905 307 1957 Auctor,
334 1920 359 1945 a
387 1920 468 1959 quo
495 1919 588 1957 rege
617 1905 796 1959 Hispano
834 1910 875 1943 et
917 1902 1030 1941 cuius
1063 1901 1265 1954 Hispanici
1292 1902 1402 1954 regni
1432 1900 1564 1938 domi-

120 1974 192 2011 n0,
222 1964 333 2010 (tunc
362 1963 469 1999 enim
496 1960 630 1999 adhuc
656 1959 843 1999 Saraceni
876 1958 1113 2010 Hespaniam
1139 1956 1375 1994 obtinebant
1414 1962 1454 1993 et
1487 1956 1566 1993 mi-

122 2023 221 2055 nuta
248 2030 370 2069 regna
397 2017 440 2054 in
466 2030 596 2055 unum
624 2029 768 2068 corpus
795 2013 975 2052 nondum
1003 2012 1211 2061 coierant,)
1241 2018 1280 2049 et
1306 2010 1494 2063 quando,
1525 2016 1566 2048 et

122 2069 175 2108 ad
212 2085 334 2124 quem
372 2071 570 2110 Graecum
609 2071 898 2123 Imperatorem
941 2068 1040 2106 haec
1090 2066 1234 2119 legatio
1271 2068 1389 2104 missa
1431 2064 1568 2103 fuerit.

122 2125 350 2164 concludas
376 2126 457 2164 fere
497 2139 544 2164 ex
569 2139 616 2164 eo
638 2153 650 2177 ,
678 2125 788 2179 quod
815 2124 960 2163 horum
988 2120 1090 2161 nihil
1117 2135 1188 2159 nos
1214 2120 1352 2160 docuit
1382 2119 1564 2169 Auctor,

122 2187 163 2219 et
189 2180 298 2234 quod
341 2180 439 2220 haec
484 2179 629 2234 legatio
669 2180 711 2219 in
738 2179 857 2218 rebus
885 2183 1132 2217 memoratur
1170 2176 1245 2215 sub
1273 2175 1534 2214 Constantino
1550 2202 1563 2222 ‚

123 2234 246 2274 huius
283 2235 414 2288 operis
451 2242 639 2282 auctore,
680 2236 797 2287 gestis
819 2264 831 2284 ,
875 2233 985 2272 haud
1026 2231 1094 2270 diu
1134 2238 1227 2269 ante
1269 2231 1459 2284 scriptum
1491 2229 1568 2267 hoc

126 2303 228 2342 opus
266 2304 354 2329 eam
396 2288 633 2342 legationem
669 2289 792 2328 CPlin
830 2289 1018 2335 venisse3
1065 2293 1309 2338 quapropter
1351 2283 1567 2323 crediderit

125 2344 284 2384 Auctor
310 2342 412 2384 nihil
441 2343 610 2396 amplius
637 2350 677 2382 et
703 2346 867 2396 propius
895 2343 944 2381 de
974 2356 1047 2388 ea,
1075 2348 1120 2378 ut
1142 2355 1186 2379 re
1230 2354 1358 2392 nuper
1389 2346 1497 2393 gesta
1526 2345 1567 2378 et

126 2399 167 2437 in
197 2402 347 2439 recenti
388 2398 584 2438 lectorum
613 2401 803 2437 memoria
832 2396 963 2436 adhuc
998 2395 1214 2443 haerente,
1244 2408 1422 2433 narrare.
1481 2394 1568 2447 Ego

130 2454 295 2506 quidem
322 2469 402 2493 non
437 2453 595 2502 dubito,
624 2467 845 2491 sermonem
872 2451 937 2490 hic
965 2465 1050 2490 esse
1080 2449 1129 2488 de
1156 2449 1234 2488 illis
1254 2449 1390 2502 legatis
1422 2449 1569 2501 Hispa-

127 2510 207 2559 nis,
243 2509 293 2549 de
336 2509 486 2563 quibus
519 2508 790 2559 Luitprandus
833 2507 937 2545 Hist.
980 2506 1054 2546 VI.
1094 2518 1134 2543 2.
1174 2511 1391 2550 memorat,
1434 2503 1569 2542 dicens

102 2587 103 2590 =
133 2563 253 2614 paulo
291 2571 382 2618 post
421 2563 638 2602 adventum
680 2576 798 2601 suum
838 2560 963 2598 CPlin
1017 2557 1157 2598 eodem
1200 2573 1360 2612 quoque
1417 2559 1570 2596 venisse

133 2620 294 2657 nuntios
333 2619 546 2672 Hispanos.
601 2617 671 2655 Ait
717 2623 851 2655 autem
878 2616 959 2668 ipse
986 2613 1101 2653 XIV.
1134 2613 1220 2653 Cal.
1256 2613 1444 2652 Octobris
1470 2612 1568 2651 illuc

138 2672 345 2724 appulisse.
415 2671 553 2724 Quum
581 2673 701 2725 igitur
735 2679 962 2723 temporum
990 2669 1091 2708 ratio
1120 2669 1307 2721 utrinque
1338 2668 1567 2716 concordet,

144 2739 225 2765 non
251 2727 392 2767 dubito
430 2727 667 2781 legationem
711 2734 749 2766 et
776 2724 1017 2779 Luitprandi
1063 2730 1102 2763 et
1129 2724 1398 2777 Hispanorum
1427 2724 1469 2762 in
1495 2736 1568 2761 an-
