1884 3132
309 135 420 208 472
598 150 671 193 10.
711 150 818 192 1Ac.
868 151 1063 191 Reisiffl
1103 147 1480 192 COMMENTARH

310 253 551 307 typographi
580 253 632 291 ad
662 253 783 292 finem
813 254 1064 306 properantis
1092 260 1132 292 et
1157 252 1320 292 chartae
1348 253 1547 294 defectum
1559 247 1749 299 {causan-

310 316 361 348 tis
389 308 456 347 alii
485 308 573 347 loco
602 309 884 347 reservandam
923 309 1033 346 duxi.

396 362 491 404 255.
510 365 555 402 B.
579 378 621 416 ς).
646 363 763 418 [44ο,
788 363 870 418 12]
900 358 1205 415 κισσοφύλλων.
1261 362 1337 401 Cui
1365 363 1507 402 intexti
1534 369 1650 401 erant
1682 375 1751 401 co-

312 418 446 473 rymbi
475 426 513 458 et
539 417 688 458 helices
718 418 889 457 hederae
907 449 917 465 ‚
946 418 1137 457 hederam
1169 417 1415 457 simulantes.
1471 418 1621 456 Eri-ore
1648 416 1754 456 enim

312 475 530 513 memoriae
575 476 710 528 apium
752 488 826 527 pro
870 474 1014 512 hedera
1054 474 1093 511 in
1139 473 1291 512 Latinis
1333 473 1554 511 nominavi.
1622 471 1755 511 Habet

313 529 419 568 hanc
451 543 592 568 vocem
620 529 783 568 historia
817 536 920 568 msta
947 528 1157 568 Bertrandi
1184 529 1356 567 Romani
1384 527 1493 581 apud
1523 527 1592 568 Du
1620 528 1756 581 Gange

317 598 355 633 v.
387 581 582 632 Σειστὸςε

486 635 547 678 Tei
578 635 1059 691 λαμπροκαλαμόστυλα,
1077 635 1465 691 ὄρθομαρμάρωσίς
1491 651 1537 678 τε

482 691 757 747 Κιττόφυλλα
784 691 1082 747 χρυσόφυλλα,
1111 691 1204 743 ἴων,
1233 693 1384 746 κρίνων
1400 690 1474 732 καὶ
1500 689 1649 745 ῥόδων.

315 749 560 804 Splendidae
582 750 640 788 ad
656 751 900 788 calamorum
927 751 1220 803 scriptor-ioman
1248 750 1374 788 instar
1393 757 1521 787 rectae
1551 749 1757 787 columnae

315 814 354 849 et
381 805 639 844 marmoribus
664 806 706 843 in
731 805 853 844 altum
889 806 1080 844 exstructi
1102 806 1293 859 parietes,
1324 805 1459 859 quibus
1482 803 1654 842 illmlunt
1686 805 1755 842 he-

315 860 475 899 derae-ei
493 861 681 915 pampini
717 869 755 898 et
797 874 919 898 aurea
921 860 1038 910 solia
1059 861 1258 898 violarum
1270 889 1281 908 ‚
1303 859 1477 898 liliorum
1502 868 1541 898 et
1563 872 1756 898 rosarum.

317 915 404 956 Iam
431 916 474 954 in
502 914 774 968 superioribus
801 914 1008 968 aliquoties
1035 916 1203 963 monui,
1239 921 1394 952 veteres
1415 914 1588 952 Graecos
1615 920 1654 951 et
1674 913 1757 951 Ro-

317 966 459 1008 manos
495 977 667 1023 gestasse
704 977 833 1008 vestes
874 969 1031 1008 floridas
1077 969 1208 1022 (quod
1237 969 1368 1007 adhuc
1393 969 1518 1007 Turci
1545 975 1584 1006 et
1611 968 1758 1007 Orien-

317 1024 419 1064 tales
445 1039 584 1063 omnes
627 1028 819 1075 servant),
863 1025 998 1078 figuris
1042 1026 1164 1063 variis
1210 1023 1398 1062 foliorum
1416 1054 1427 1071 ‚
1474 1037 1726 1063 racemorum
1744 1051 1758 1072 ‚

320 1078 466 1119 florum
504 1087 545 1119 et
579 1079 749 1119 aliarum
786 1094 948 1132 rerum,
988 1094 1086 1134 quas
1129 1080 1275 1133 figuras
1308 1079 1494 1133 exempla
1522 1079 1760 1128 nominant,

320 1137 506 1174 intextas.

433 1191 480 1228 C.
501 1189 543 1229 8.
567 1188 678 1244 [441,
704 1187 762 1243 3.]
791 1189 1059 1229 κατακυλιόυ.
1119 1189 1299 1228 Dubium
1329 1203 1409 1228 non
1438 1195 1515 1238 est,
1548 1188 1759 1228 librarium

322 1258 435 1290 more
474 1258 548 1283 suo
589 1252 629 1283 et
654 1244 800 1284 saeculi
840 1246 902 1284 sui
941 1246 998 1284 sic
1032 1245 1186 1284 dedisse
1227 1259 1302 1298 pro
1330 1244 1601 1283 κατακοιλιόυ.
1661 1244 1760 1283 Cre-

323 1300 376 1340 do
406 1306 541 1339 autem
583 1299 868 1350 κατακοίλιον,
907 1301 1084 1338 venti-ale
1096 1329 1113 1347 ,
1155 1301 1272 1339 fuisse
1309 1301 1430 1338 vestis
1459 1313 1603 1352 genus,
1650 1299 1760 1351 quod

322 1362 460 1408 pectus
497 1353 644 1404 ambit,
691 1362 731 1393 et
766 1359 809 1392 in
850 1355 945 1408 ipsis
984 1355 1216 1408 inguinibus
1243 1355 1387 1393 desinit
1404 1384 1416 1406 ,
1458 1355 1658 1393 Brustlatz
1695 1354 1762 1392 vel

331 1410 507 1449 PVamle
538 1409 654 1449 nobis
683 1409 836 1448 dictum
852 1438 863 1459 ‚
892 1410 943 1449 de
969 1424 1049 1462 quo
1078 1425 1119 1449 v.
1140 1411 1207 1448 Du
1229 1410 1363 1462 Cange
1389 1424 1431 1448 v.
1471 1409 1663 1448 Gambeso
1681 1437 1693 1457 ‚
1722 1415 1763 1448 et

326 1480 429 1518 quae
460 1464 561 1503 infra
588 1464 638 1503 de
665 1464 841 1517 diplo‘ide
868 1465 1028 1515 dicam3
1072 1471 1141 1503 aut
1171 1465 1246 1504 fuit
1271 1463 1450 1504 ventrale
1467 1492 1480 1514 ,
1509 1465 1542 1503 si
1568 1462 1765 1505 salmasio

328 1520 527 1559 credimus
546 1550 556 1567 ‚
584 1518 660 1559 hac
689 1520 739 1558 de
770 1534 869 1559 voce
899 1520 950 1559 ad
980 1520 1067 1559 Ser.
1089 1521 1144 1559 H.
1167 1520 1274 1574 Aug.
1306 1520 1355 1559 Τ.
1383 1520 1415 1558 Ι,
1445 1533 1487 1572 p.
1507 1518 1600 1573 670.
1627 1518 1764 1572 dispu-

327 1575 454 1622 tanti,
482 1574 560 1613 lata
589 1574 711 1614 fascia
737 1576 868 1620 ventri
896 1575 1185 1629 praecingenda
1201 1605 1213 1626 ‚
1243 1590 1335 1614 cum
1362 1574 1528 1613 habenis
1555 1574 1765 1613 adstricto-

329 1631 397 1669 riis
428 1629 623 1682 etfunda
651 1630 715 1669 vel
738 1632 939 1684 marsupio
962 1645 1036 1683 pro
1052 1630 1315 1670 recondendis
1342 1629 1531 1668 nummis.
1591 1630 1765 1668 Graecos

329 1693 486 1726 veteres
515 1687 556 1724 in
584 1686 883 1739 pronuntiando
915 1687 1018 1725 inter
1045 1701 1072 1724 v
1101 1693 1141 1725 et
1159 1700 1196 1724 οι
1214 1686 1429 1724 discrimen
1457 1698 1539 1722 non
1567 1686 1763 1733 statuisse,

333 1754 378 1780 ex
407 1755 456 1780 eo
489 1741 584 1779 satis
613 1747 804 1794 apparet,
834 1741 943 1794 quod
973 1755 1103 1794 neque
1116 1741 1272 1788 Graeci,
1304 1753 1434 1792 neque
1451 1739 1583 1778 Latini
1610 1738 1763 1777 librarii

322 1810 359 1846 y
388 1802 426 1834 et
453 1809 498 1834 oe
525 1795 791 1849 distinguunt,
822 1797 892 1835 sed
909 1796 1027 1835 ambo
1055 1797 1279 1849 promiscue
1305 1795 1470 1834 habent.
1500 1793 1603 1832 Novi
1619 1794 1764 1832 Graeci

331 1845 512 1893 πόκυλον
542 1850 682 1890 dicunt
723 1865 796 1903 pro
834 1847 1053 1890 ὖπόκοιλον
1092 1850 1157 1890 vel
1188 1849 1447 1896 ὑποκοίλιον,
1475 1857 1624 1888 venter.
1681 1849 1766 1888 Pro

136 1902 487 1948 Ed-L·¹49Mv01'a
528 1906 662 1945 Latini
708 1907 860 1946 Moesia
888 1906 1088 1945 dixerunt.
1130 1907 1213 1945 Pro
1243 1901 1446 1950 οἷκειακὸς
1473 1905 1636 1955 yciacus
1674 1917 1768 1942 exa-

334 1966 477 2004 rarunt
507 1962 564 2010 (v.
593 1962 661 1999 Du
690 1961 823 2015 Cange
851 1975 893 2001 v.
929 1961 1164 2014 Catapamcs)
1209 1967 1248 1999 et
1267 1974 1480 2011 yconomus
1506 1973 1581 2012 pro
1610 1954 1765 1998 οἰκονό-

331 2027 425 2069 μῳ;
456 2015 539 2054 vid.
573 2017 771 2055 Murator.
804 2017 856 2055 T.
882 2017 938 2055 ΙΙ.
976 2015 1076 2054 Ant.
1100 2015 1191 2055 Ital.
1218 2030 1262 2068 p.
1292 2015 1384 2054 561.
1439 2013 1564 2067 Apud
1596 2013 1767 2052 eundem

334 2083 377 2121 p.
415 2070 511 2108 532.
541 2070 727 2123 leguntur
751 2073 792 2110 in
821 2071 1102 2125 imprecatione
1131 2072 1319 2109 marmori
1358 2070 1551 2122 Nepesino
1576 2069 1767 2121 inscripta

334 2124 433 2163 haec
464 2124 610 2164 verba:
656 2141 743 2165 cum
770 2126 875 2165 Iuda
899 2135 936 2165 et
970 2126 1107 2180 Caplca
1139 2135 1178 2165 et
1197 2126 1331 2165 Pilato
1366 2126 1506 2163 habeat
1529 2125 1764 2179 portionem,

336 2179 430 2218 item
463 2181 728 2234 turpissimam
754 2183 938 2220 sustineat
955 2190 1115 2220 mortem
1127 2196 1141 2230 ,·
1178 2189 1220 2219 at
1251 2179 1338 2232 cylo
1355 2210 1367 2230 ‚
1394 2181 1464 2235 qui
1493 2193 1578 2218 suos
1603 2177 1768 2217 tradidit

335 2235 457 2286 socios
474 2264 484 2281 ‚
511 2249 590 2274 non
618 2237 697 2275 eius
721 2237 771 2276 sit
792 2238 983 2276 memoria
996 2266 1008 2288 ‚
1040 2237 1110 2274 sed
1142 2238 1184 2276 in
1226 2237 1346 2274 asello
1387 2244 1592 2274 retrorsum
1637 2232 1769 2271 sedeat

336 2295 375 2332 et
400 2289 568 2328 catulam
604 2291 647 2329 in
690 2306 808 2330 manu
841 2301 979 2330 teneat.
1039 2291 1291 2330 constructio
1318 2290 1533 2329 verborum
1558 2287 1657 2326 haec
1681 2293 1765 2325 est:

338 2352 379 2382 ut
404 2345 485 2382 eius
499 2374 509 2391 ,
533 2347 602 2399 qui
625 2347 746 2384 socios
772 2347 958 2393 tradidit,
1002 2347 1043 2385 id
1072 2354 1130 2385 est
1157 2346 1358 2399 prodidit,
1397 2344 1584 2383 memoria
1609 2355 1687 2380 non
1717 2343 1768 2380 sit

339 2399 381 2436 in
407 2399 519 2449 cylo,
560 2400 600 2438 id
632 2408 690 2439 est
720 2403 842 2440 coelo.
899 2401 1114 2440 Salmasius
1157 2402 1208 2440 ad
1234 2402 1413 2452 inscript.
1445 2396 1613 2437 Herodis
1642 2395 1767 2435 Attici

338 2466 378 2504 p.
400 2452 468 2504 44.
504 2454 606 2493 inter
636 2454 713 2494 alia
743 2458 814 2502 ait,
845 2464 938 2495 ante
966 2457 1147 2495 inventas
1174 2471 1198 2495 a
1227 2454 1431 2494 Simonide
1469 2453 1620 2491 litteras
1647 2450 1767 2489 scribi

340 2510 591 2547 consuevisse
618 2510 865 2550 HEOIKH
871 2511 902 2549 E
933 2525 1005 2564 pro
1033 2506 1164 2563 ψυχή.
1221 2511 1328 2549 Infra
1356 2507 1463 2562 apud
1494 2506 1681 2544 Nostrum
1709 2513 1769 2544 est

339 2575 380 2612 p.
406 2562 500 2616 539.
522 2564 574 2601 D.
599 2571 734 2616 antep.
763 2565 1004 2617 συνέτοιχον
1031 2581 1104 2618 pro
1133 2565 1381 2615 συνέτυχον,
1411 2569 1450 2601 et
1475 2561 1648 2600 vicissim
1673 2575 1769 2614 pag.

341 2628 435 2653 222.
471 2615 615 2668 τύχοις
648 2634 720 2671 pro
759 2622 938 2671 τοίχοις,
968 2620 1090 2672 ποίλη
1119 2635 1193 2673 pro
1219 2615 1355 2670 πύλη,
1405 2611 1583 2669 φῦνικας
1611 2616 1651 2654 in
1679 2616 1766 2663 M.‚

340 2669 410 2707 ubi
436 2671 587 2709 editum
616 2673 690 2712 fuit
719 2674 925 2725 φοιίἰκας,
957 2690 994 2727 p.
1021 2689 1108 2714 101.
1132 2675 1186 2713 A.
1211 2688 1250 2712 2.

425 2725 517 2764 255.
538 2726 582 2763 C.
611 2727 669 2766 15.
694 2728 810 2782 [445
834 2729 893 2782 9.]
924 2728 1249 2784 εὔχαριστοῦσα.
1294 2727 1382 2765 Mos
1411 2733 1511 2778 erat,
1541 2734 1586 2766 ut
1614 2733 1772 2766 senatus
