1884 3132
278 85 387 141 568
595 102 672 158 ιο,
711 103 825 145 ιΑομ
858 106 1054 146 Rssisxn
1080 80 1474 151 'COMMENTARH

278 210 488 257 decorum,
509 203 554 246 τὸ
585 204 689 257 μετὰ
719 205 976 255 ἐπιστάσεως
1005 204 1210 262 πράττειν.
1242 211 1416 266 Cyrillus
1431 214 1474 252 in
1492 215 1660 266 praefat.
1682 216 1735 256 ad

279 263 538 302 Catecheses:
569 262 734 312 βλέπεις
761 277 835 314 μοι
863 260 908 303 τὸ
938 262 1088 315 σεμνὸν
1123 265 1244 305 τοῦτο
1264 267 1337 319 τῆς
1367 267 1582 320 ἐκκλησίας
1609 269 1737 310 κατιέ-

280 333 447 371 οτημας
477 319 653 367 θεωρεῑς
681 333 753 369 μοι
780 317 896 366 τάξιν
929 318 1000 358 καί
1028 318 1260 372 ἐπιστήμην
1270 354 1282 372 ‚
1311 324 1451 362 bonum
1478 324 1660 364 ordinem
1700 335 1740 366 et

284 374 542 423 modestiam,
582 373 870 414 discretionem.
952 374 1100 414 Euseb.
1134 376 1250 414 Vlll.
1294 392 1356 431 17.
1395 393 1437 431 p.
1461 379 1556 418 516.
1584 381 1638 419 D.
1674 394 1737 421 με

282 425 390 468 ὥστε
418 428 551 479 μηδὲν
580 426 829 469 ὑπεναντίον
857 429 931 480 τῆς
961 426 1187 482 ἐπιστήμης
1218 429 1372 478 αὐτοὺς
1399 427 1612 484 πράττειν.
1659 436 1740 475 Ζο-

283 485 408 523 simus
439 484 490 521 11.
520 484 611 523 52.:
641 483 692 522 τὰ
725 481 823 537 περὶ
849 481 923 536 την
952 483 1259 536 στρατιωτικήν
1291 486 1523 540 ἐπιστήμην
1548 487 1741 542 ἁμαρτα-

281 538 432 589 νόμενα
464 542 556 584 ταῖς
587 535 874 590 καθηκούσαις
916 537 1167 591 ἑπαιώ-ζιθου
1207 537 1416 582 κολάσεσι.
1475 543 1661 584 Clemens
1689 545 1740 585 L.

289 595 346 633 ll.
376 594 545 632 Constit.
575 594 761 647 Apostol.
792 609 828 634 c.
865 594 932 648 57.
955 609 966 632 ε
993 592 1078 646 χρη
1107 592 1187 647 γὰρ
1218 597 1262 636 ὲν
1294 597 1485 652 ἐκκλησίᾳ
1516 596 1743 651 ἐπιστημό-

284 663 364 695 νως
394 646 467 687 καί
494 650 710 702 νηφαλέως
739 649 812 688 καί
848 648 1126 701 ἐγρηγορότως
1157 648 1341 691 ἑστάναι.
1373 651 1424 692 V.
1456 655 1524 692 Du
1547 655 1681 708 Gange
1697 668 1740 694 v.

285 701 674 767 ἑπισιημονάρχης,
705 706 818 758 quasi
867 702 888 743 ὁ
920 701 1063 758 ἅρχων
1103 707 1176 759 τῆς
1206 703 1435 760 ἐπιστήμης
1476 716 1548 748 ant
1574 708 1753 763 ἐπιστη-’

289 772 490 811 μοσυνης.

399 814 450 852 A.
484 827 546 853 12.
581 813 692 868 Ἄδα,
716 813 780 868 5.]
811 811 1043 864 δοκιμάσει.
1100 816 1287 866 Audeat,
1315 828 1486 858 attentet.
1540 819 1602 858 Ut
1615 819 1749 859 Fran-

288 870 323 908 ci
354 869 494 908 dicunt
531 878 696 909 attentet·
721 884 789 908 sur
813 870 856 907 la
877 872 941 908 vie
970 870 1019 908 cle
1044 873 1295 927 quelqu'un„
1323 869 1562 923 δοκιμάζειν
1582 903 1594 925 ‚
1638 876 1746 928 peri-

290 924 428 964 culum
467 925 598 964 faeere
643 927 751 964 necis
799 925 917 963 alicui
958 925 1188 965 inserendae
1218 935 1256 966 et
1288 938 1452 968 attentat
1487 943 1561 981 pro
1604 929 1748 968 audaci

289 980 436 1019 scelere
488 988 527 1019 et
567 995 641 1019 nos
675 994 835 1034 quoque
873 980 1040 1018 dicimus
1092 983 1281 1035 probiren
1322 998 1394 1037 pro
1429 985 1607 1024 audere:
1683 986 1746 1023 ich

291 1036 403 1074 wills
442 1037 525 1087 auf
548 1036 614 1074 die
647 1037 802 1088 Gesalir
817 1035 1037 1089 probiren:
1068 1038 1123 1075 sic
1151 1052 1311 1091 quoque
1341 1040 1482 1078 Graeci
1509 1040 1605 1078 novi
1636 1037 1748 1078 δοκι-

291 1085 441 1141 μάζειν
472 1105 546 1143 pro
575 1091 721 1129 audere
756 1098 966 1143 usurpant.
1040 1092 1192 1131 Natant
1222 1094 1262 1131 in
1291 1093 1540 1149 Theophane
1567 1102 1607 1134 et
1634 1095 1748 1134 simi-

294 1145 401 1184 libus
430 1145 637 1198 exempla3
668 1161 709 1185 v.
741 1160 778 1184 e.
809 1159 846 1183 c.
878 1146 1004 1185 Nicet.
1034 1162 1074 1199 p.
1089 1146 1157 1198 46.
1186 1147 1232 1186 B.
1255 1161 1295 1186 2.

406 1201 453 1239 B.
481 1202 522 1250 4.
555 1200 760 1255 [482‚8.]
803 1197 1085 1254 πεδητούρων.
1157 1202 1380 1242 Peclaturae
1421 1210 1461 1242 et
1510 1204 1751 1258 corruptiori

294 1257 627 1309 pronuntiatione
650 1257 859 1311 peditto-ae
898 1264 990 1296 sunt
1035 1265 1142 1297 certa
1162 1259 1290 1310 spatia
1317 1266 1450 1297 terrae
1482 1267 1647 1301 centum
1677 1273 1751 1313 pe-

295 1311 394 1349 dum
424 1326 638 1350 numerum
667 1311 889 1363 implentia.
951 1311 1056 1351 Hinc
1084 1314 1274 1352 stationes
1301 1313 1492 1353 militares
1520 1316 1568 1354 in
1594 1315 1752 1354 moeni-

297 1366 374 1404 bus
406 1373 446 1405 et
487 1368 624 1405 castris
664 1374 772 1405 certo
813 1366 988 1419 quodam
1026 1375 1065 1406 et
1091 1370 1332 1421 geometrico
1359 1376 1420 1408 tot
1445 1377 1485 1408 et
1516 1377 1578 1409 tot
1603 1370 1752 1424 pedum

297 1435 469 1459 numero
502 1436 524 1460 a
554 1436 637 1461 sese
666 1423 836 1460 invicem
864 1421 1080 1473 distantes,
1124 1432 1163 1463 et
1191 1423 1355 1462 taudem
1384 1426 1649 1479 metonymice
1676 1425 1754 1465 mi-

300 1476 391 1515 lites
437 1478 512 1529 ipsi
557 1478 597 1517 in
635 1477 900 1525 stationibus,
946 1479 1178 1531 pedania-is,
1223 1479 1408 1519 excubias
1449 1478 1636 1534 agentes3
1666 1480 1750 1521 vid.

298 1532 368 1570 Du
399 1531 533 1584 Gange
558 1532 690 1571 Gloss.
723 1534 810 1571 Lat.
841 1531 884 1570 h.
912 1547 952 1572 v.
1031 1534 1107 1574 Vel
1137 1541 1234 1574 sunt
1265 1535 1485 1590 pedaturae
1511 1535 1600 1575 loca
1620 1565 1632 1586 ‚
1661 1550 1754 1589 spa-

299 1587 386 1636 tia,
418 1588 459 1625 in
489 1587 634 1641 quibus
670 1602 739 1642 pes
764 1618 775 1640 ‚
816 1588 938 1627 homo
982 1590 1182 1643 pedatur,
1226 1589 1481 1640 ἐμπεὸοὖται
1503 1621 1515 1640 ,
1558 1591 1756 1640 firmiter,

301 1642 499 1681 stabihter
528 1646 719 1683 consistit.
778 1643 884 1682 Hinc
923 1658 997 1696 pro
1038 1659 1129 1684 area
1151 1675 1162 1695 ‚
1192 1646 1232 1684 in
1267 1659 1348 1698 quo
1377 1645 1500 1684 homo
1537 1645 1603 1686 vel
1645 1645 1756 1684 aliud

301 1697 400 1750 quid
429 1699 622 1742 consistit,
693 1698 828 1737 Facile
859 1698 954 1737 hinc
981 1702 1235 1754 perspicitur,
1266 1715 1391 1753 quare
1420 1702 1668 1756 impedatura
1695 1701 1758 1742 di-

302 1760 389 1790 ctus
418 1752 494 1792 fuit
523 1753 714 1792 articulus
743 1768 846 1792 unus
867 1755 909 1792 in
953 1755 1096 1794 arbore
1126 1755 1402 1810 genealogica,
1431 1756 1606 1796 circulus
1633 1769 1758 1794 unus-

303 1809 479 1860 quisque
506 1810 547 1847 in
578 1817 718 1848 catena
739 1809 1006 1863 genealogica:
1041 1807 1085 1851 τὸ
1118 1812 1260 1864 βῆμα,
1297 1810 1321 1863 ἡ
1353 1807 1606 1861 ἑμπόδωσις.
1638 1810 1755 1852 Cons-

304 1863 374 1901 Du
403 1864 599 1916 Gangium
632 1879 729 1903 voce
756 1864 1028 1918 Impedatura.
1083 1864 1133 1905 Οἱ
1164 1868 1238 1918 τῆς
1263 1860 1522 1918 πεὸατούρας
1552 1865 1756 1919 στρατιῶ-

303 1932 374 1956 ται
404 1919 512 1971 apud
550 1921 690 1962 Malal.
717 1920 768 1958 T.
801 1920 855 1958 ΙΙ.
903 1935 943 1974 p.
967 1922 1032 1962 50.
1063 1929 1156 1961 sunt
1201 1921 1368 1970 milites,
1414 1924 1483 1974 qui
1526 1936 1598 1975 per
1626 1929 1755 1961 certas

303 1975 627 2026 proportionatas
676 1976 882 2014 distantias
920 1989 942 2015 a
982 1976 1130 2015 throno
1168 1977 1362 2028 imperiali
1402 1983 1534 2028 stant,
1573 1977 1617 2017 hi
1661 1990 1757 2030 pru-

303 2029 416 2081 pius‚
450 2028 507 2068 illi
535 2033 742 2081 remotius,
772 2030 882 2082 quod
909 2031 1111 2085 Interpres
1137 2045 1215 2071 non
1242 2032 1431 2084 percepit.

419 2083 462 2124 C.
481 2085 523 2134 4.
556 2085 670 2139 [482‚
719 2085 805 2139 ¹7.]
836 2084 1129 2136 α’ποβαίνουσι.
1206 2087 1322 2125 Conf.
1364 2087 1545 2139 Epistola
1574 2087 1608 2125 Ι.
1635 2085 1760 2139 Lipsii

308 2138 360 2177 ad
388 2139 496 2178 Dav.
538 2141 821 2181 Hoeschelium
849 2141 890 2180 in
932 2141 1052 2181 huius
1093 2143 1198 2183 notis
1227 2142 1278 2181 ad
1305 2141 1441 2181 Photii
1471 2141 1759 2183 Bibliothecam

306 2207 349 2246 p.
381 2208 477 2248 929.
941 2211 946 2214 ·
1751 2250 1760 2259 Ο

425 2249 472 2287 C.
491 2264 532 2303 9.
574 2250 695 2305 [482‚
728 2250 815 2305 210]
865 2252 1033 2291 ποιοῦσι
1073 2251 1251 2303 δέξιμον.
1317 2252 1464 2291 Amant
1493 2253 1588 2292 novi
1620 2251 1762 2290 Graeci

310 2303 459 2343 formas
492 2307 533 2344 in
564 2319 658 2355 ιμος
684 2321 758 2359 pro
802 2308 1034 2346 nominibus
1066 2307 1328 2347 substantivis
1351 2339 1362 2355 ‚
1402 2315 1448 2347 ut
1495 2307 1660 2356 ἁέξιμον
1686 2319 1762 2358 pro

313 2355 421 2409 δοχῆ
452 2366 491 2398 et
519 2359 707 2408 ὃεξίωσις
725 2393 735 2409 ,
780 2365 1018 2417 exspectatio
1059 2363 1119 2402 vel
1146 2365 1325 2418 exceptio
1339 2394 1349 2409 ‚
1393 2363 1577 2402 salutatio
1595 2390 1607 2409 ‚
1636 2359 1761 2402 bene-

312 2415 520 2464 ventano,
551 2413 820 2467 α’ναλήψιμον
850 2432 923 2470 pro
955 2411 1163 2470 ἀνάληψις
1186 2448 1197 2468 ,
1227 2419 1407 2457 assumtio
1437 2417 1584 2456 Christi
1610 2416 1652 2454 in
1676 2429 1762 2454 coe-

316 2467 413 2507 lum.
449 2466 747 2521 Παοαμόνιμα
789 2476 945 2521 ποιεῖν,
973 2474 1159 2511 excubias
1184 2488 1301 2526 aget-e
1325 2487 1398 2526 pro
1430 2467 1676 2522 παραμονήν
1704 2478 1765 2510 est

313 2536 355 2572 p.
390 2523 546 2562 282.C.
570 2539 631 2564 11.
660 2533 733 2566 etc.
787 2527 850 2565 De
879 2527 1120 2567 dictionibus
1149 2525 1252 2580 ὁόχὴ
1283 2535 1322 2566 et
1350 2525 1549 2577 δέχεσθαι
1592 2524 1672 2564 hoc
1715 2527 1759 2566 in

313 2577 449 2616 codice
484 2580 812 2632 frequentissimis
841 2581 935 2620 alibi
965 2583 1069 2621 dico.

427 2633 472 2669 C.
513 2647 572 2671 ιο.
601 2634 715 2688 [483‚
741 2635 800 2689 1.]
831 2637 1053 2676 πίπτουσιν
1079 2636 1151 2675 ἐπὶ
1191 2635 1276 2687 γῆς.
1332 2636 1512 2682 Morem,
1562 2649 1643 2687 quo
1670 2649 1766 2689 pro-

317 2695 392 2722 nus
424 2687 462 2723 iu
493 2695 598 2725 terra
626 2693 757 2729 iacens
789 2693 1076 2743 Imperatorem
1104 2691 1323 2741 adorabat,
1374 2691 1492 2743 primi
1523 2689 1766 2730 Iustinianus
