1884 3132
267 93 380 165 296
578 109 653 150 10.
695 108 802 158 mc.
841 109 1037 150 nmsxn
1075 107 1463 162 columma-Ami

268 228 380 268 gram
413 213 550 265 repetii
587 214 628 252 in
668 214 913 253 Recensione
940 212 1040 253 mea*
1061 211 1169 252 illius
1196 213 1291 253 libri
1314 213 1427 253 Actis
1451 212 1728 266 Eruditorum

268 271 364 309 anni
392 268 512 306 huius
546 268 716 318 inserta,
749 269 847 307 dicit
891 269 1121 322 Augustum
1157 269 1322 309 salutem
1347 269 1477 308 dicere
1502 269 1638 310 ordini
1657 271 1718 310 ci-

268 325 402 363 vitatis
433 323 746 362 Orcz‘stanorum.

383 379 429 416 B.
462 392 503 431 9.
538 377 659 431 [280‚
690 376 752 430 4.]
791 377 868 417 δεῖ.
926 378 1048 417 Deest
1087 378 1245 431 codici,
1284 376 1394 433 quod
1437 377 1544 417 edito
1589 392 1723 432 neque

270 432 415 473 melius
440 447 570 486 neque
596 434 769 473 deterius
802 441 874 472 est.

385 488 432 527 C.
471 503 505 527 1.
537 487 647 542 [280‚
677 488 740 542 5.]
771 486 842 527 ἐπὶ
878 487 957 527 τοῦ
980 487 1166 537 σε’ντζου.
1227 489 1289 528 De
1323 486 1474 527 throno
1496 487 1722 527 Cathisma-

271 545 324 582 tis
373 557 444 582 seu
474 543 611 597 palatii
637 544 822 583 circensis
839 573 851 595 ‚
893 557 915 583 e
952 558 1033 597 quo
1059 543 1175 583 ludos
1204 551 1382 598 spectare
1411 541 1566 582 solebat
1596 544 1723 597 Impe-

273 606 386 638 rator
408 629 419 646 ‚
451 599 517 638 hic
548 613 677 638 sermo
711 607 785 638 est.

384 654 431 693 C.
452 667 492 693 2.
534 653 648 708 [28ο,
671 653 731 708 6.]
762 647 978 692 ἇνάτειλον
1010 650 1035 704 ἧ
1062 649 1203 699 ἔνθεος
1222 648 1433 703 βασίλεια.
1487 652 1674 704 Αιίυεηί,
1699 667 1726 693 ο

274 710 456 750 maiestas
473 711 699 748 auctoritate
721 710 861 748 divina
886 723 1068 760 regnans.

389 765 436 803 C.
467 763 505 804 5.
540 764 656 819 [280‚
686 764 748 816 8.]
786 762 1191 815 κατασφραγίζουσι.
1262 763 1527 815 Imperatores
1551 762 1724 801 Romani

275 818 372 858 olim
413 834 540 872 quum
577 821 618 858 in
655 820 805 858 circum
843 820 1073 867 venissent,
1113 816 1250 857 osculo
1291 819 1393 857 iacto
1431 818 1614 856 manibus
1650 817 1723 856 ad-

275 875 449 914 orabant
480 882 520 915 et
568 875 797 914 salutabant
830 872 1051 926 populum3
1081 887 1122 916 v.
1153 874 1276 911 Dion.
1303 874 1413 912 Cass.
1435 887 1476 926 p.
1514 872 1628 912 1055.
1658 887 1726 927 71.

279 929 329 968 ed
357 929 507 969 Hamb.
574 931 674 969 Eius
709 931 749 969 in
779 929 912 968 locum
942 929 1129 967 successit
1150 943 1239 967 mos
1261 930 1374 981 siguo
1402 928 1530 967 crucis
1564 929 1726 981 signan-

276 985 319 1024 di
359 999 434 1038 ope
474 985 683 1024 rhosthelii
706 1015 717 1034 ,
759 999 826 1023 seu
858 983 1081 1037 chlamydis
1116 990 1225 1021 certo
1259 983 1435 1036 quodam
1463 983 1583 1022 modo
1613 997 1727 1022 com-

276 1041 457 1094 positae,
487 1041 536 1079 de
565 1054 646 1093 quo
666 1040 855 1092 deinceps
885 1040 1041 1092 saepius
1071 1046 1255 1077 occurret
1287 1053 1434 1078 sermo.

389 1095 443 1134 D.
473 1096 512 1134 3.
542 1094 654 1149 [280‚
692 1094 776 1148 18.]
806 1093 1021 1146 τριλέξιον.
1077 1094 1183 1144 Seu⁷
1223 1101 1268 1132 ut
1298 1095 1371 1144 M„
1405 1092 1603 1146 τριλὲξιν,
1626 1099 1728 1146 puto

278 1164 364 1191 esse
400 1152 456 1189 sic
499 1150 650 1189 dietum
671 1180 682 1198 ‚
727 1151 821 1202 quia
858 1156 943 1188 tota
975 1148 1162 1187 allocutio
1189 1148 1319 1187 tribus
1340 1148 1475 1197 λέξεσι
1501 1155 1562 1187 sat
1596 1147 1727 1201 longis

279 1205 514 1255 constabat,
535 1220 618 1244 una
647 1219 806 1258 quaque
829 1204 935 1252 λέξει
966 1204 1063 1242 actis
1088 1203 1341 1255 interpolata.

390 1261 442 1300 D.
477 1275 570 1313 pen.
598 1260 715 1315 [281‚
738 1259 798 1314 2.]
829 1259 1094 1310 στρατιῶται.
1153 1259 1255 1296 Salis
1270 1257 1475 1297 humiliter
1501 1271 1574 1310 pro
1595 1256 1728 1310 Impe-

280 1322 426 1365 ratore3
451 1315 656 1355 decentius
677 1309 937 1367 στρατηγούς
959 1312 1238 1366 appellassent.
1293 1313 1351 1352 At
1377 1315 1466 1366 quis
1493 1315 1535 1352 in
1570 1312 1729 1351 saeculo

282 1371 374 1409 rudi
403 1377 442 1408 et
459 1371 619 1409 inficeto
646 1370 767 1409 decus
782 1369 991 1421 requirat?
1745 1388 1747 1391 ·

392 1425 447 1464 D.
472 1425 550 1465 ult.
579 1424 698 1480 [281,
716 1426 772 1477 3.]
801 1420 1068 1477 στηφηφόροι
1091 1420 1137 1462 ἐκ
1157 1421 1281 1475 θεοῦ,
1309 1418 1389 1473 ὖψ.
1445 1421 1620 1467 Membr·
1645 1434 1735 1463 στε·

284 1478 503 1534 φηφόροι,
537 1477 575 1519 οὶ
605 1480 651 1519 ἐκ
680 1477 785 1519 θεοῦ
811 1474 889 1528 ὖψ.

371 1534 461 1585 164.
488 1536 536 1575 Β.
570 1550 611 1590 7.
639 1534 759 1589 [281,
780 1533 866 1587 2ο.]
898 1529 1146 1585 ἆνὸριζεται.
1205 1531 1376 1571 Virilem
1407 1532 1582 1571 animam
1601 1531 1733 1572 induit

282 1597 321 1630 et
347 1590 398 1630 de
426 1604 466 1630 se
497 1599 700 1630 monstrat.

393 1645 441 1685 B.
468 1660 529 1686 10.
567 1645 682 1700 [281‚
709 1643 802 1698 22.]
832 1641 859 1683 οἷ
893 1639 1092 1693 πανάγια.
1147 1643 1207 1682 Μ.
1237 1634 1454 1695 ἇναναγία.

395 1699 443 1742 C.
470 1715 505 1740 1.
531 1699 650 1755 [282,
682 1699 738 1754 1.]
780 1694 851 1739 διὰ
881 1698 958 1738 τοῦ
991 1695 1246 1752 ῥυσαμένου.
1310 1699 1370 1738 Μ.
1412 1697 1469 1751 τῷ
1505 1691 1730 1752 ῥυσαμένῳ

287 1754 451 1806 (subint.
474 1754 531 1806 ἐν)
551 1785 562 1807 ‚
593 1757 636 1794 in
666 1757 845 1794 salvante
862 1785 873 1803 ‚
906 1754 984 1792 hoc
1009 1760 1067 1793 est
1083 1768 1160 1807 per·
1177 1754 1410 1792 salvantem.

373 1808 465 1850 165.
505 1810 558 1850 A.
593 1810 635 1850 6.
672 1809 792 1865 [283,
828 1808 886 1863 1.]
922 1808 1120 1859 navayt'a.
1151 1809 1211 1847 Μ.
1259 1803 1393 1858 vani,
1427 1806 1598 1846 verbum
1629 1805 1733 1845 nihil

286 1865 538 1918 significans,
581 1865 800 1920 frequentis
833 1872 967 1903 tamen
995 1877 1092 1902 usus
1125 1865 1240 1903 novis
1263 1864 1451 1913 Graecis,
1499 1862 1735 1915 praesertim

288 1920 331 1959 in
356 1920 435 1959 fine
463 1934 626 1971 vocum3
657 1928 704 1960 ut
737 1918 890 1970 σεμὲνα
922 1932 995 1972 pro
1031 1916 1089 1964 εἷς
1117 1917 1206 1969 ἐμὲ,
1223 1917 1368 1968 ιἠξηιε;
1399 1917 1546 1956 σεσένα
1569 1931 1644 1970 pro
1673 1915 1734 1963 εἰς

286 1973 361 2024 σὲ,
393 1977 435 2015 in
455 1985 507 2026 τες
531 1974 705 2028 σιγάννα
719 2007 731 2025 ‚
762 1976 888 2023 tacite,
917 1976 1058 2029 quiete,
1078 1970 1189 2024 σίγα.
1242 1973 1367 2011 Forte
1388 1973 1566 2011 manavit
1583 1972 1635 2010 ab
1657 1971 1733 2010 He-

287 2028 425 2069 braico
454 2040 502 2073 &a
529 2041 575 2072 &a
616 2044 774 2086 quaeso,
800 2043 939 2084 quaeso
956 2059 967 2077 ‚
998 2035 1037 2067 et
1063 2042 1155 2067 cum
1177 2028 1389 2066 Hosz'anna
1410 2029 1522 2066 venit
1543 2027 1594 2066 ad
1613 2027 1735 2066 Grae·

288 2098 383 2138 cos3
407 2086 493 2124 vid.
517 2100 609 2139 pag.
631 2085 726 2137 224.
751 2085 883 2123 Nostri
910 2085 953 2122 in
976 2084 1120 2122 Lexico
1133 2083 1320 2122 Gothico.

401 2139 455 2180 A.
495 2153 557 2179 11.
602 2141 716 2195 [285,
737 2139 796 2194 5.]
823 2138 992 2190 χαλκῶν
1021 2136 1250 2189 καγκὲλλων
1274 2134 1510 2189 ἐζιιπροσθεν
1543 2135 1621 2177 τοῦ
1652 2132 1737 2174 σε’ν-

291 2192 406 2242 τζου.
463 2194 564 2234 Erat
579 2210 673 2249 ergo
694 2203 786 2234 ante
805 2194 1008 2233 Cathisma
1037 2194 1281 2246 proiectum,
1318 2192 1481 2231 clathris
1501 2191 1634 2230 aeneis
1649 2203 1737 2228 mu-

292 2250 422 2288 nitum
442 2277 457 2301 ‚
477 2252 519 2289 in
539 2251 648 2303 quod
670 2249 857 2304 progredi
889 2256 927 2287 et
952 2256 1055 2287 stare
1087 2255 1128 2286 et
1164 2247 1371 2286 ambulare
1395 2247 1516 2286 homo
1549 2245 1735 2299 pluresve.

292 2311 495 2355 poterant.
515 2305 593 2344 Nos
620 2306 741 2344 hodie
762 2304 857 2343 talia
872 2303 1004 2342 Era-er
1015 2302 1259 2356 appellamus
1285 2310 1324 2341 et
1347 2303 1518 2340 Balcons
1538 2315 1550 2351 3
1577 2306 1735 2339 veteres

291 2354 491 2412 πρόφορα
506 2390 518 2408 ,
542 2360 784 2410 chalcidica,
814 2357 991 2411 peribola
1019 2366 1056 2396 et
1079 2358 1271 2411 patibula,
1297 2358 1404 2411 (quia
1427 2361 1632 2410 paterent;
1660 2367 1734 2392 ne-

290 2426 371 2464 que
403 2416 510 2452 enim
529 2416 656 2454 ausim
680 2415 784 2454 hanc
803 2414 1013 2452 lectionem
1029 2413 1250 2463 damnare‚)
1274 2410 1482 2466 pergulas,
1507 2409 1733 2448 moeniana:

292 2466 343 2504 de
375 2469 523 2520 quihus
551 2484 591 2510 v.
611 2470 777 2509 Salmas.
811 2469 862 2507 ad
877 2469 961 2507 Ser.
991 2469 1097 2507 Hist.
1116 2468 1295 2522 Aug.T.
1324 2468 1415 2520 1.p.
1434 2465 1528 2520 677.
1555 2470 1595 2503 et
1619 2463 1734 2502 dein-

294 2535 386 2574 ceps
411 2523 578 2562 dicenda
602 2525 652 2563 ad
679 2540 718 2578 p.
755 2524 842 2578 167.
862 2525 908 2562 B.
939 2538 980 2577 7.

403 2576 457 2614 A.
493 2592 551 2620 12.
580 2579 692 2632 [283,
720 2578 777 2632 6.]
795 2575 868 2618 τὸν
892 2574 1035 2628 νόμον.
1057 2578 1118 2616 Μ.
1139 2574 1213 2617 τὸν
1229 2571 1371 2627 τόμον.
1397 2573 1603 2613 Schedium
1621 2588 1735 2614 mem·

294 2628 529 2669 branaceam
547 2662 558 2680 ,
592 2635 633 2672 in
652 2648 732 2687 quo
753 2635 1021 2686 perscriptum
1048 2639 1134 2671 erat
1157 2639 1297 2672 votum
1318 2629 1658 2669 cubiculariorum
1683 2629 1736 2668 ad

292 2682 615 2740 Imperatorem5
662 2689 766 2728 conf.
802 2689 870 2728 Du
898 2689 1032 2742 Gange
1063 2687 1196 2727 Gloss.
1234 2687 1306 2725 Gr.
1344 2685 1385 2727 h.
1413 2699 1454 2725 v.
1479 2685 1602 2725 Venit
1628 2698 1652 2726 a
1672 2683 1739 2725 τὲ·-
