1826 3126
238 210 314 254 An
347 210 644 254 CONSTANT.
674 210 872 252 ponpa.
899 210 971 251 DE
1007 209 1187 252 cmm.
1221 209 1319 251 Lm.
1355 211 1390 250 1.
1445 190 1517 246 35

80 327 167 354 mm
209 327 258 352 ea
294 313 536 353 solemnitate
569 313 730 352 collecta
770 309 979 365 [describit
1007 311 1044 351 N
1049 310 1223 365 icephori
1246 308 1407 351 Phocae
1433 325 1520 365 pro·

80 369 297 408 cessionem
321 382 343 409 e
371 368 519 421 palatio
549 368 602 406 ad
627 367 671 406 S.
705 365 915 420 Sophiam]
951 367 1010 405 ad
1039 368 1314 420 susceptionem
1347 363 1521 422 [δοχὴν]

82 432 123 463 et
139 424 294 462 laudem
328 421 582 477 [εὐφημίαν]
621 421 835 476 Nicepkon‘
848 436 875 459 a
898 421 1053 476 palatio
1071 436 1187 476 usque
1201 422 1259 460 ad
1275 421 1321 460 S.
1335 423 1526 476 Sophiam

79 480 194 534 quasi
222 492 301 533 pm
339 477 460 516 muris
483 478 575 516 viae
607 477 802 528 margines
843 477 964 515 tenuit
994 475 1182 530 clypeolis
1220 477 1392 516 tenuibus
1429 479 1525 516 satis

81 542 120 572 et
144 533 302 587 spei-ullis·
327 532 470 571 vilibus
497 531 730 570 dedecorata
742 545 758 579 ‚·
793 531 847 570 ita
881 527 921 568 οἷ
947 526 1098 584 ἔφηβοι
1122 531 1229 583 apud
1259 531 1525 572 Athenienses

81 602 106 626 a
132 587 286 627 decimo
312 594 352 626 et
368 593 510 626 octavo
528 586 666 625 aetatis
684 599 791 624 anno
809 599 936 639 usque
954 585 1006 624 ad
1035 586 1270 638 vigesimum
1297 585 1524 639 debebant,

82 643 180 681 dum
204 641 374 695 populus
402 643 445 680 iu
461 642 650 680 concione
667 647 793 691 esset,
829 640 1140 691 circumsedere,
1177 648 1218 680 et
1245 641 1388 680 urbem
1412 643 1526 682 obire

82 704 202 751 atque
218 695 382 750 vigilare
401 710 494 735 cum
519 703 632 735 scuto
649 703 689 735 et
707 695 821 735 hasta
838 725 850 747 ,
885 695 1044 749 publice
1072 710 1147 748 pro
1176 697 1368 736 concione
1393 697 1526 750 datis;

81 751 363 805 habebantque
393 751 436 790 hi
456 752 620 791 iuvenes
655 746 871 803 περιπόλοι
908 750 971 790 vel
993 751 1194 791 circitores
1212 766 1330 791 suum
1359 751 1434 790 sibi
1453 767 1526 792 ve·-

21 834 25 838 -
82 807 220 846 stitum
236 836 249 858 ,
284 813 324 845 et
339 806 436 846 olim
465 807 626 860 quidem
654 807 788 860 nigras
813 805 1044 860 chlamydes
1061 835 1074 856 ,
1110 821 1132 845 e
1150 807 1257 845 dono
1285 814 1324 846 et
1343 806 1525 847 instituto

82 861 254 901 Herodis
281 861 406 900 Attici
440 869 573 902 autem
602 862 787 914 deinceps
812 857 1002 900 candidas
1020 891 1032 912 ‚
1068 869 1231 901 auctore
1247 862 1493 902 Philostrato
1509 891 1525 914 ,

82 917 197 956 cuius
212 915 311 956 haec
329 923 424 956 sunt
441 916 564 956 verba
581 917 667 955 Vit.
687 916 863 969 Sophist.
882 931 923 969 p.
946 915 1039 955 550.
1057 917 1122 956 ed.
1148 916 1359 972 Lipsiensis
1372 932 1384 956 :
1402 930 1527 968 μετ-ε·

81 967 264 1024 κόσμησε
308 968 383 1010 καὶ
422 967 517 1018 τούς
552 966 807 1023 Ἀθηναίους
821 968 1031 1024 ,ἐφήβους
1067 971 1112 1018 ἐς
1145 968 1192 1011 τὸ
1238 972 1314 1012 νῦν
1352 972 1526 1024 σχῆμα,

79 1022 302 1078 χλαμύδας
328 1025 493 1091 πρῶτον
530 1020 743 1094 ἀμφιέσας
775 1022 938 1072 λευκάς.
991 1025 1095 1074 τέως
1131 1022 1213 1080 γὰρ
1244 1023 1294 1079 δὴ
1321 1027 1526 1078 μελαίνας

84 1080 304 1133 ἑνημμένοι
330 1095 405 1128 τας
431 1079 647 1134 ἐκκλησιας
675 1076 972 1134 περιεκάθηντο
1000 1078 1074 1120 καὶ
1098 1077 1176 1128 τὰς
1202 1078 1370 1131 πομπὰς
1396 1078 1527 1133 ἔπεμ-

81 1149 174 1176 πον.
228 1135 290 1174 Ut
306 1133 349 1174 hi
368 1136 529 1175 iuvenes
546 1150 638 1175 cum
666 1137 787 1175 armis
805 1136 1116 1175 circumstabant
1145 1137 1338 1190 populum
1357 1138 1398 1176 in
1426 1152 1527 1177 con·-

83 1191 199 1230 cione
215 1198 398 1230 coactum
411 1220 425 1242 ,
456 1190 512 1230 sic
530 1190 707 1244 gregales
732 1190 945 1245 cingebant
972 1192 1014 1230 in
1032 1192 1146 1230 Circo
1163 1190 1340 1246 plebem,
1377 1199 1529 1232 stantes

83 1245 149 1285 vel
166 1245 346 1285 sedentes
362 1246 404 1285 in
422 1245 612 1300 gradibus
629 1245 744 1285 Circo
763 1247 950 1299 proximis
976 1254 1016 1285 et
1033 1247 1178 1286 infimis
1192 1277 1204 1299 ,
1239 1246 1392 1301 reliqua
1408 1248 1529 1301 plebe

83 1314 106 1339 e
124 1299 313 1354 gradibus
344 1301 626 1341 remotioribus
656 1308 696 1340 et
723 1301 932 1341 altioribus
966 1309 1185 1355 spectante.
1243 1304 1358 1354 Quae
1389 1304 1526 1343 omnia

82 1355 336 1395 considerans
363 1355 464 1395 nihil
493 1356 656 1396 invenio
686 1358 831 1396 nostris
850 1358 891 1396 in
922 1358 1112 1396 institutis
1128 1387 1139 1408 ,
1175 1359 1283 1412 quod
1311 1359 1440 1410 aptius
1457 1373 1527 1398 ca-

82 1411 208 1450 tervis
224 1410 302 1450 illis
319 1412 540 1464 comparari
557 1418 678 1465 queat
693 1442 705 1463 ,
739 1427 860 1466 quam
878 1413 1060 1452 cohortes
1078 1413 1221 1452 civicas
1258 1412 1526 1467 [Bz'irgenwa-

82 1464 170 1519 che]
187 1495 200 1516 ,
234 1466 304 1519 qui
337 1467 519 1519 quamvis
554 1468 660 1507 cives
688 1468 793 1517 sint,
829 1475 869 1506 et
898 1468 1147 1521 magistratui
1176 1469 1303 1508 civico
1331 1475 1528 1521 pareant,

83 1520 204 1559 etiam
230 1521 272 1559 in
305 1520 382 1560 illis
398 1520 567 1560 urbibus
582 1551 593 1571 ,
631 1522 702 1560 ubi
719 1522 861 1561 milites
891 1523 1105 1575 oppidani,
1140 1522 1288 1562 diversi
1306 1536 1330 1561 a
1348 1530 1526 1561 castren-

84 1573 195 1613 sibus
214 1604 227 1624 ,
262 1575 483 1625 excubant,
519 1576 779 1615 nihilominus
803 1583 937 1616 tamen
967 1578 1100 1616 locum
1115 1605 1127 1627 ‚
1163 1585 1204 1615 et
1238 1592 1330 1616 suos
1365 1578 1527 1630 Capita-

84 1643 182 1668 neos
199 1628 349 1669 habent
363 1661 374 1681 ,
409 1638 448 1669 et
474 1629 624 1683 absque
651 1631 844 1684 stipendio
861 1646 907 1670 ex
933 1629 1062 1670 officio
1075 1661 1087 1682 ‚
1123 1645 1195 1684 per
1219 1639 1373 1671 certum
1398 1646 1526 1671 anno-

84 1698 407 1724 rumnumerum
438 1685 621 1724 militiam
655 1685 812 1724 civilem
833 1686 1081 1725 incruentam
1110 1692 1150 1726 et
1166 1687 1316 1725 nemini
1343 1693 1527 1726 metuen-

86 1739 180 1778 dam
205 1738 393 1780 militant.
449 1739 556 1794 *[De
584 1740 821 1780 factionibus
847 1755 890 1780 v.
921 1739 1099 1780 Bandur.
1121 1756 1163 1794 p.
1186 1741 1301 1792 501„
1321 1739 1370 1781 de
1383 1756 1525 1782 eorum

84 1793 286 1834 coloribus
307 1809 350 1848 p.
367 1794 512 1849 644.]*
569 1795 677 1835 Haec
707 1797 996 1849 praemittenda
1022 1794 1122 1834 mihi
1152 1796 1272 1836 fuisse
1296 1794 1346 1835 de
1380 1792 1528 1849 δήμοις

85 1848 183 1888 duxi
198 1878 212 1899 ,
247 1850 356 1902 quod
373 1850 538 1903 singulis
568 1863 693 1903 paene
726 1852 878 1905 paginis
895 1852 1022 1890 nostri
1039 1851 1185 1890 codicis
1217 1862 1357 1891 eorum
1374 1853 1527 1891 mentio

86 1903 171 1942 fiat.
226 1904 289 1943 De
306 1905 412 1945 ludis
429 1906 672 1945 circensibus
685 1937 696 1958 ,
737 1914 776 1946 et
795 1905 975 1960 partibus
992 1914 1244 1947 catervarum
1262 1908 1305 1946 in
1323 1907 1400 1946 illis
1414 1937 1427 1956 ,
1462 1907 1526 1945 di-

86 1959 203 1998 cendi
236 1960 405 2013 amplior
432 1962 507 2000 erit
533 1961 644 2000 locus
662 1991 674 2012 ,
711 1962 873 2015 quando
890 1961 944 2000 ad
968 1963 1016 2001 L.
1037 1962 1073 2000 Ι.
1093 1976 1180 2014 cap.
1200 1960 1269 2001 65.
1297 1963 1526 2014 perveneri-

84 2027 175 2053 mus
189 2042 202 2064 ‚
239 2029 265 2053 a
283 2029 364 2068 quo
389 2016 541 2054 rituum
570 2017 807 2056 circensium
840 2018 1028 2070 expositio
1045 2015 1219 2056 orditur.
1274 2015 1524 2056 De·Demar-·

53 2089 55 2091 ·
85 2067 171 2108 chis
187 2069 230 2108 id
246 2084 375 2109 unum
403 2071 535 2110 adhuc
551 2069 681 2111 habeo
709 2072 818 2126 quod
834 2087 1042 2122 moneam,
1077 2071 1172 2111 olim
1200 2084 1266 2111 eos
1284 2072 1403 2111 fisisse
1433 2073 1527 2123 aly-

86 2125 243 2163 tar-obas
277 2125 491 2179 appellatos
509 2156 520 2176 ,
557 2134 604 2166 ut
630 2141 653 2166 e
680 2135 821 2168 vexato
849 2127 918 2167 illo
936 2127 1203 2166 Theodosiani
1232 2127 1377 2166 codicis
1394 2128 1444 2166 L.
1466 2127 1525 2166 ΙΙ.

85 2177 136 2216 de
153 2180 264 2232 equis
284 2180 490 2220 curulibus
507 2181 596 2221 loco
613 2189 783 2222 constat.
839 2183 963 2222 Cuius
991 2181 1263 2236 appellationis
1287 2179 1400 2220 facile
1416 2189 1527 2235 patet

84 2233 203 2272 ratio.
261 2234 503 2289 Alytarchae
537 2237 633 2276 olim
667 2239 775 2291 apud
807 2236 927 2276 Eleos
961 2239 1002 2276 in
1042 2237 1146 2277 ludis
1163 2236 1384 2290 Olympicis
1412 2244 1530 2276 erant

87 2287 274 2340 praefecti
307 2290 390 2329 τῶν
418 2286 698 2345 ῥαβδοφόρων
724 2289 798 2331 καί
821 2293 902 2331 τῶν
927 2287 1274 2343 μαστιγοφόρων,
1303 2303 1404 2345 quos
1432 2289 1527 2332 ἄλύ·

84 2355 163 2388 τας
189 2344 483 2398 compulsores,
519 2346 570 2384 ab
589 2342 757 2397 ἀλύειν,
786 2343 1002 2397 αόλλύειν,
1031 2355 1070 2386 et
1101 2343 1257 2394 ἁλίζειν
1284 2346 1524 2399 compellen-

87 2396 158 2447 do,
186 2401 462 2452 congregando
477 2401 743 2454 appellabant,
780 2410 826 2441 ut
843 2403 912 2456 qui
930 2404 1146 2441 irruentem
1164 2402 1203 2440 in
1222 2401 1349 2440 stadio
1365 2399 1527 2452 turbam

88 2454 247 2492 scuticis
263 2461 302 2493 et
329 2454 498 2494 fustibus
514 2458 772 2509 reprimerent
801 2465 840 2496 et
855 2457 1133 2510 compellerent
1148 2486 1160 2507 ,
1198 2455 1447 2510 liberumque
1465 2457 1524 2495 fa-

88 2515 224 2547 cerent
241 2523 426 2562 campum
443 2511 693 2551 currentibus
712 2519 782 2551 aut
800 2513 878 2552 alio
905 2513 1129 2551 certaminis
1147 2524 1290 2565 genere
1307 2512 1526 2565 defungen—

86 2561 210 2601 tibus.
249 2564 417 2604 Prorsus
435 2566 540 2605 idem
556 2567 809 2619 praestabant
826 2570 867 2606 in
885 2568 999 2606 Circo
1017 2575 1056 2606 et
1075 2568 1115 2605 in
1133 2569 1252 2617 sacris
1268 2568 1464 2620 processio
1471 2567 1531 2605 nis

87 2615 164 2655 bus
198 2613 238 2656 οἱ
265 2618 470 2671 δημῶται.
518 2622 769 2675 Quapropter
785 2637 923 2662 eorum
941 2620 1156 2661 Demarchi
1174 2630 1279 2661 recte
1308 2629 1526 2676 potuerunt

88 2670 332 2724 Alytarchae
346 2675 464 2715 fuisse
482 2689 581 2716 aevo
599 2677 877 2716 Theodosiano
895 2677 1095 2730 appellati.
1151 2677 1423 2727 Conveniunt,
1438 2683 1486 2714 ut
1502 2689 1526 2714 e

88 2727 357 2778 superioribus
381 2738 488 2783 patet
505 2760 517 2780 ‚
554 2745 646 2770 eum
674 2733 912 2772 nostratium
938 2732 1099 2771 urbium
1117 2732 1340 2786 Capitaneis
1372 2731 1524 2771 civicis.

196 2780 300 2832 413.
320 2798 360 2837 7.
394 2785 458 2839 [6,
477 2783 543 2839 6.]
606 2784 664 2842 τῷ
693 2786 915 2842 δομεστίκῳ
954 2786 1041 2827 τῶν
1072 2785 1301 2841 νουμέρων.
1356 2782 1526 2826 Numeri
