1884 3132
313 131 425 205 892
605 151 679 191 10.
718 148 826 192 lAc.
867 150 1062 192 Rizisxn
1106 150 1484 195 commi-Anu

391 250 491 307 457.
519 252 572 292 A.
609 267 668 293 10.
698 253 816 308 [79o‚
835 254 898 309 9.]
936 252 1160 308 φερούσης.
1216 257 1345 297 Immo
1371 271 1468 299 vero
1495 257 1720 313 φέρουσαν.

421 309 469 347 Β.
504 322 539 347 ι.
583 308 699 364 [79o,
724 309 807 364 12.]
849 306 1006 363 ταύτην
1044 310 1227 358 τυπικῶς
1263 312 1341 363 μὲν
1375 307 1454 366 ἤδη
1487 313 1560 354 ἐπὶ
1583 315 1658 367 τῆς
1687 311 1762 356 τά-

309 363 427 412 ξεως.
486 364 596 403 Haec
636 364 759 405 verba
801 367 855 404 sic
896 366 1063 418 legenda
1098 380 1207 414 esse,
1250 382 1353 420 quae
1384 369 1424 407 in
1456 369 1541 422 ipso
1569 378 1679 410 textu
1706 373 1762 412 ita

308 417 500 468 exhibui,
540 427 585 459 ut
625 422 667 459 in
700 421 946 460 membranis
977 422 1143 473 inveni,
1172 421 1311 475 liquet.
1366 423 1407 462 Si
1437 426 1527 477 quis
1556 422 1637 464 α’πὸ
1663 429 1761 466 reti-

308 487 406 513 nere
434 475 571 524 malit,
600 490 720 515 sensu
744 486 856 531 post,
885 491 967 515 non
999 477 1257 517 intercedam.
1316 478 1549 532 Opponitur
1576 482 1759 531 τυπικῶς

307 532 489 582 sequenti
505 529 685 577 >damah
711 531 783 570 lin.
816 547 855 586 7.

418 586 464 629 Β.
490 585 532 626 6.
564 586 674 640 [79o‚
696 586 777 640 16.]
805 580 1120 640 αὖτοκεφάλων.
1177 587 1239 627 De
1269 588 1543 642 autocephalis
1566 604 1637 629 seu
1675 591 1762 644 epi-

309 641 440 693 scopis
468 656 491 680 a
516 642 744 694 patriarcha
774 657 855 681 non
883 642 1202 696 dependentibus
1229 643 1314 683 vid.
1333 645 1402 682 Du
1414 644 1547 699 Gange
1566 646 1609 684 in
1625 644 1757 686 Gloss.

308 702 483 749 utroque
509 696 548 735 b.
578 711 619 736 v.
652 704 691 736 et
719 697 935 751 Nicephor.
966 699 1135 751 Gregor.
1166 713 1207 751 p.
1237 712 1303 738 αα.
1334 699 1386 739 A.

315 793 317 796 ,
418 752 466 791 C.
501 766 559 795 10.
590 752 699 807 [791‚
721 751 781 806 8.]
810 752 1056 806 Ἐπιφανιόυ
1091 753 1166 792 τοῦ
1199 750 1531 805 ἀρχιεπισκόπου
1562 751 1761 808 Κύπρου.

304 805 458 846 Procul
497 808 620 847 dubio
649 810 846 848 seniorem
874 809 1171 863 Epiphaniam,
1211 809 1469 849 Constantiae
1497 824 1567 850 seu
1592 809 1761 851 Salami-

306 862 371 902 nis
409 865 452 901 in
489 864 624 916 Cypro
652 865 911 917 episcopum,
941 867 1007 917 qui
1039 864 1171 903 medio
1195 864 1354 904 saeculo
1383 865 1454 905 lv.
1483 865 1645 919 floruit,
1686 867 1760 906 de-

306 918 463 970 signat,
507 920 558 958 de
599 933 679 972 quo
723 933 765 958 v.
798 919 974 959 Fabricii
1014 919 1116 961 Bibl.
1147 920 1220 960 Gr.
1256 920 1308 963 T.
1337 920 1427 960 VII.
1460 934 1502 973 p.
1536 920 1633 975 4¹27.
1688 921 1764 962 Est

307 973 416 1012 enim
443 975 576 1013 iunior
602 989 774 1028 quoque.
832 975 910 1013 Sed
950 975 1001 1013 de
1042 974 1108 1013 hic
1150 982 1369 1014 memorata
1406 975 1491 1015 eius
1530 978 1672 1016 notitia
1699 991 1762 1017 se-

306 1027 420 1067 dium
439 1030 724 1082 episcopalium
762 1030 905 1068 nullibi
927 1030 1148 1082 quidquam
1184 1032 1367 1083 reperio,
1399 1033 1583 1083 quamvis
1606 1033 1760 1084 impro-

303 1081 441 1128 babile
469 1099 550 1123 non
577 1087 653 1133 sit,
686 1085 847 1124 saeculo
879 1085 951 1127 lv,
982 1087 1063 1125 iam
1094 1083 1464 1124 subordinationem
1503 1094 1544 1124 et
1575 1087 1761 1127 notitiam

305 1139 585 1193 episcoporum
611 1154 683 1195 per
708 1147 836 1180 totum
867 1139 1008 1179 orbem
1036 1141 1266 1180 Romanum
1295 1140 1520 1180 institutam
1547 1148 1587 1181 et
1611 1142 1761 1183 editam

304 1193 444 1234 fuisse.
800 1225 805 1229 .

419 1249 468 1289 C.
502 1264 564 1290 ιι.
595 1249 712 1305 [79ῐ,
733 1249 794 1305 9.]
832 1247 884 1303 ἢν
909 1247 985 1300 ὖμ.
1049 1249 1167 1289 Patet
1194 1248 1406 1303 legendum
1435 1264 1519 1290 esse
1545 1247 1599 1291 ἵν’
1623 1249 1758 1304 ὑμεῖς,

307 1313 351 1345 ut
375 1318 447 1344 vos
479 1321 562 1358 -3
594 1307 663 1345 sed
691 1307 787 1345 haec
814 1304 911 1344 talia
939 1306 1094 1343 minuta
1122 1306 1228 1358 piget
1258 1306 1464 1345 adnotare.

417 1361 471 1399 D.
503 1375 542 1414 7.
577 1360 692 1416 [791,
720 1359 801 1415 17.]
832 1357 995 1406 ε”κθεσις
1022 1360 1356 1413 πρωτοκλησιῶν.
1411 1361 1587 1402 Notitiae
1605 1361 1762 1402 sedium

305 1415 607 1469 episcopalium,
640 1417 768 1470 qualis
788 1417 886 1455 haec
904 1423 978 1464 est,
1010 1417 1243 1455 innumerae
1260 1416 1341 1456 fere
1357 1423 1564 1470 prostant,
1591 1417 1642 1457 de
1669 1420 1760 1471 qui-

305 1469 385 1512 bus
415 1471 487 1510 cel.
516 1472 726 1512 Fabricius
758 1474 799 1511 in
828 1472 931 1510 Luce
953 1471 1172 1523 Evangelii
1199 1486 1238 1524 p.
1269 1470 1347 1523 542
1365 1472 1491 1512 -55¹.
1521 1472 1761 1513 cumulatis-

307 1526 407 1566 sime
434 1528 530 1580 egit.
587 1528 663 1567 Cui
691 1528 884 1574 addatur,
916 1541 1036 1579 quam
1067 1526 1132 1564 ille
1160 1527 1297 1566 videre
1322 1541 1403 1566 non
1430 1528 1588 1580 potuit,
1617 1530 1760 1568 notitia

307 1581 351 1620 in
391 1582 586 1637 Catalogo
622 1584 984 1635 manuscriptorum
1026 1581 1292 1621 bibliothecae
1335 1583 1466 1635 regiae
1498 1583 1759 1623 Taurinensis

306 1637 460 1686 (Tomo
490 1638 522 1681 Ι.
552 1653 594 1691 p.
624 1652 717 1678 201.
764 1638 839 1678 sub
866 1637 984 1676 titulo
1010 1634 1124 1685 τάξις
1152 1634 1460 1690 προκαθεδριάς
1506 1641 1759 1690 μητροπολι,

306 1692 405 1744 τῶν)
458 1693 580 1744 edita,
625 1708 748 1747 quam
783 1696 951 1732 maxime
981 1706 1072 1731 cum
1101 1700 1237 1731 nostra
1271 1691 1347 1731 hac
1376 1694 1588 1731 convenire
1616 1693 1757 1746 depre-

307 1746 434 1786 hendi
462 1756 501 1786 et
533 1763 554 1788 e
581 1763 660 1802 qua
690 1748 863 1788 intellexi
891 1762 1067 1801 quoque,
1096 1761 1280 1800 magnam
1308 1747 1492 1785 lacunam
1509 1777 1519 1795 ,
1550 1749 1683 1799 unius,
1710 1755 1756 1787 ut

307 1809 428 1856 puto,
462 1804 546 1842 folii
585 1805 736 1844 iactura
755 1834 766 1855 ‚
811 1807 851 1843 in
884 1803 1125 1842 membranis
1151 1804 1296 1841 nostris
1323 1802 1490 1851 haben-ir,
1518 1817 1640 1856 quam
1681 1817 1755 1842 suo

310 1857 401 1898 loco
433 1859 614 1912 explebo.
663 1860 769 1899 Vide
814 1860 988 1912 quaein
1019 1858 1132 1898 Actis
1168 1858 1435 1897 Eruditorum
1461 1857 1583 1896 Anno
1638 1858 1754 1911 ¹75¹·

309 1912 405 1954 dixi.
486 1914 679 1969 *[Leonis
725 1912 989 1960 ὑποτύπωσις
1040 1927 1108 1952 seu
1157 1909 1412 1957 ὁίατύπωσις
1456 1914 1756 1966 episcopatuum

307 1969 561 2022 patriarchae
615 1970 867 2009 Constantin.
923 1968 1174 2008 subditorum
1193 1998 1204 2018 ,
1280 1982 1401 2020 quam
1453 1970 1550 2006 citat
1595 1968 1755 2007 Catalo-

309 2038 385 2077 gus
426 2033 640 2064 msstorum
669 2024 934 2064 bibliothecae
968 2025 1147 2063 Venetae
1177 2023 1230 2066 D.
1270 2023 1396 2061 Marci
1430 2037 1473 2076 p.
1500 2021 1633 2075 105.]*
1673 2024 1755 2062 iam

309 2079 420 2118 edita
461 2089 519 2120 est
559 2095 582 2119 a
610 2081 789 2120 Frehero
819 2081 860 2119 in
890 2081 1065 2132 Corpore
1097 2079 1198 2117 luris
1226 2079 1590 2117 Graeco-Romani
1618 2092 1655 2130 p.
1684 2077 1755 2118 88.

308 2133 400 2188 Ego
440 2134 506 2174 hic
545 2135 620 2175 loei
666 2137 957 2175 Taurinenseiu
1002 2135 1187 2172 notitiam
1225 2141 1264 2172 et
1305 2133 1583 2173 Holstenianas
1625 2132 1752 2184 duas,

309 2204 486 2242 quarum
516 2205 626 2239 eam,
657 2205 760 2244 quae
791 2206 831 2244 p.
865 2191 905 2230 6.
933 2190 1071 2242 incipit
1095 2189 1330 2235 secundam,
1362 2196 1402 2227 et
1429 2203 1543 2239 eam,
1574 2202 1678 2241 quae
1707 2203 1751 2240 p.

310 2245 380 2285 53.
409 2246 575 2299 incipit,
617 2248 772 2285 terciam
801 2244 968 2298 appello,
1003 2246 1100 2284 item
1121 2244 1415 2283 Bandurianam
1436 2244 1631 2297 geminam
1653 2256 1757 2296 quo-

310 2314 392 2354 que
420 2311 513 2339 cum
545 2303 689 2341 nostris
719 2302 960 2340 membranis
989 2299 1167 2347 contuli,
1211 2300 1314 2338 forte
1351 2313 1432 2337 non
1461 2300 1555 2338 satis
1582 2297 1751 2347 sedu103

310 2356 423 2409 quod
468 2370 585 2395 nemo
621 2358 788 2396 miretur
819 2357 858 2395 in
887 2370 1008 2409 opera
1035 2354 1265 2393 iniucunda.
1326 2355 1442 2393 Prior
1468 2353 1639 2392 habetur
1665 2353 1754 2391 An-

313 2413 415 2463 tiqu.
445 2411 545 2465 Imp.
575 2412 650 2451 Or.
685 2412 736 2450 T.
769 2412 799 2452 Ι,
831 2426 871 2464 p.
909 2412 1028 2460 25o,‚
1059 2411 1254 2462 posterior
1285 2424 1327 2462 p.
1364 2408 1458 2448 236.
1514 2408 1748 2463 [Descripsit

313 2465 454 2508 Leich.
486 2467 523 2505 in
557 2466 808 2506 Adversariis
836 2468 880 2506 ὲκ
912 2467 1057 2516 βιβλου
1079 2464 1261 2510 παλαιᾶς
1294 2465 1376 2503 τῶν
1409 2462 1588 2513 ἐκλογαῖν
1617 2462 1752 2500 Λέον-

312 2534 383 2566 τος
412 2521 486 2559 τοῦ
520 2515 829 2573 αὖτοκράτορος
863 2522 902 2562 in
931 2520 1172 2559 bibliotheca
1200 2520 1367 2558 Senatus
1397 2518 1608 2570 Lipsiensis
1636 2513 1753 2563 τάξιν

315 2575 397 2617 τῶν
416 2572 794 2628 μητροπόλεωνλκαί
814 2576 894 2614 τῶν
917 2570 1251 2626 ἆρχιεπισκόπων
1268 2581 1362 2619 etc..
1392 2586 1495 2626 quae
1513 2572 1586 2613 nisi
1613 2571 1752 2609 eadem

318 2636 378 2667 est
405 2644 496 2668 cum
524 2631 628 2670 edita
658 2631 709 2669 ab
731 2630 995 2670 Uffcnbaehio
1011 2660 1022 2682 ,
1068 2629 1225 2669 edatur.
1285 2627 1412 2669 Valde
1439 2626 1634 2666 consentit
1660 2640 1753 2664 cnm

317 2683 577 2728 Freheriana.
635 2686 708 2725 Eoe
737 2685 948 2738 Addencl.']

402 2739 494 2790 458.
517 2741 562 2778 A.
583 2755 621 2779 2.
659 2740 776 2795 [792‚
792 2740 849 2793 2.]
868 2740 1088 2793 enoeygt'ag.
1146 2740 1205 2781 Ita
1223 2737 1381 2778 exhibui
1399 2742 1486 2790 post
1507 2736 1684 2777 Gnarum
1703 2734 1756 2777 ad
