1832 3126
826 39 863 83 ο

283 141 391 210 154
543 160 616 202 io.
659 159 765 203 1Ac.
811 161 1007 203 amsxu
1055 161 1433 213 COMMENTARn
1464 172 1466 175 ’

277 261 549 316 Anthypatis‚
593 275 662 300 seu
701 262 1005 315 proconsulibus
1041 263 1282 305 thematum.
1338 266 1468 307 Erant
1503 274 1639 308 autem
1668 266 1719 310 hi

277 316 545 357 Proconsules
569 317 767 356 Praefecti
798 317 915 371 legati
948 319 1025 358 iuri
1050 320 1226 360 dicundo
1253 329 1293 360 et
1315 322 1587 363 observandae
1613 324 1718 378 poli-

276 374 357 412 tiae
396 374 440 411 in
476 373 717 426 provinciis,
765 374 1104 427 quemadmodum
1138 376 1401 417 Proconsules
1429 379 1719 433 Strategi-rem

276 427 490 467 militarem
516 429 765 482 potissimum
792 430 1140 480 administrabant,
1170 432 1227 472 sic
1257 440 1406 482 tamen,
1438 441 1485 474 ut
1510 435 1553 473 in
1589 434 1722 474 civili-

275 483 352 523 bus
382 498 542 537 quoque
568 483 721 524 valeret
753 500 892 524 eorum
921 488 1161 538 auctoritas,
1209 490 1356 542 quippe
1381 490 1451 543 qui
1479 490 1574 544 ipsis
1594 490 1721 530 Prae-

274 539 389 579 fectis
415 539 671 592 imperarent.
727 541 860 580 Possis
881 541 956 580 hos
980 542 1080 582 duos
1107 545 1360 597 magistratus
1385 558 1480 584 cum
1509 546 1658 598 Legato
1677 552 1720 585 et

273 603 532 649 procuratore
557 609 789 650 comparare
802 626 814 647 ‚
853 611 1027 650 quorum
1052 612 1219 638 munera
1243 599 1439 653 intelligas
1466 614 1513 639 ex
1540 599 1612 641 illo
1635 601 1722 640 Ta-

274 651 344 690 citi
370 650 414 690 in
440 650 628 705 Agricola
647 682 660 703 ‚
701 666 738 692 c.
773 650 864 692 15.:
894 653 1063 706 singulos
1083 655 1160 693 sibi
1176 655 1273 694 olim
1299 670 1406 709 reges
1424 655 1581 708 fuis-se.-
1618 669 1724 696 mma

273 705 385 746 binos
415 707 591 762 imponi,
638 722 661 747 e
691 708 828 763 quibus
858 708 1004 762 legatus
1042 710 1086 750 in
1116 711 1366 764 sanguinem,
1409 719 1648 767 procurator
1673 712 1721 752 in

274 761 378 803 bona
410 764 593 802 saeviret.

383 817 432 857 C.
455 832 468 857 1
484 833 518 857 1.
539 817 631 872 [61‚
654 816 740 873 17.]
767 815 840 858 τὸν
872 818 1091 872 λογοθέτην
1106 818 1186 859 τοῦ
1213 820 1526 874 στρατιωτικοῦ.
1580 821 1720 862 Ratio-

272 873 406 914 nalem
447 875 658 913 militarem
671 904 684 924 ,
731 875 963 927 logothetam
996 884 1242 914 castrensem.
1299 875 1623 931 subintelligitur
1648 873 1722 917 λό-

273 942 350 982 γου
366 958 380 980 ,
407 935 478 968 aut
498 931 658 980 λογείου
672 961 685 980 ,
714 937 785 969 aut
810 927 1061 984 πρυτανείου
1077 962 1089 982 ,
1117 938 1188 969 aut
1213 929 1432 981 ταμιείου,
1457 939 1529 971 aut
1550 932 1720 984 θησαυ-

272 982 367 1039 ροῦ.
423 984 478 1023 V.
514 985 581 1023 Du
603 985 736 1039 Gange
762 1000 805 1024 v.
833 984 1097 1037 καοτρέσιον,
1123 994 1313 1025 castrense
1328 987 1540 1041 peculium.
1597 987 1724 1026 Prae-

267 1041 420 1096 positus
441 1040 661 1080 tabularum
681 1042 846 1080 rationis
870 1043 1074 1080 castrensis
1097 1040 1322 1095 appellatur
1338 1042 1381 1081 in
1402 1042 1589 1097 Inscript.
1613 1041 1724 1095 apud

273 1096 434 1136 Reines.
459 1110 502 1149 p.
525 1095 619 1150 559.
661 1092 923 1147 Στρατιωτὸς
954 1098 1010 1148 (si
1037 1096 1141 1136 bene
1173 1096 1296 1136 habet
1327 1111 1375 1136 ea
1399 1095 1546 1151 lectio)
1586 1097 1725 1152 appel-

273 1150 436 1192 labatur
463 1149 531 1190 ille
559 1151 766 1192 rationalis
793 1152 835 1190 in
867 1151 1068 1205 Aegypto.
1118 1153 1174 1192 V.
1203 1152 1272 1191 Du
1293 1152 1429 1206 Gange
1447 1166 1492 1193 v.
1516 1165 1724 1206 στρατιω-

272 1203 345 1253 τὸς
374 1213 415 1245 et
451 1207 575 1247 Goar.
608 1206 660 1246 ad
697 1206 843 1246 Codin.
878 1221 921 1260 p.
950 1208 1019 1247 31.
1056 1222 1099 1246 n.
1127 1206 1225 1261 47.,
1264 1207 1336 1248 ubi
1376 1215 1553 1261 quatuor
1582 1208 1724 1247 statuit

272 1261 531 1315 Logothetas,
567 1263 601 1314 ι)
630 1276 846 1316 magnum,
875 1262 946 1316 qui
974 1262 1238 1301 rationalibus
1268 1270 1309 1302 et
1339 1264 1503 1304 aerariis
1533 1263 1724 1303 omnibus

274 1324 486 1372 praeesset,
545 1319 586 1370 2)
615 1319 812 1357 Genicum
826 1346 839 1368 ,
867 1332 938 1358 seu
962 1319 1210 1372 publicorum
1234 1318 1442 1367 redictum,
1502 1319 1543 1372 3)
1567 1317 1645 1370 τοῦ
1659 1316 1724 1358 οἰ-

274 1372 443 1413 κειακοῦ
469 1371 535 1413 vel
563 1372 641 1412 τοῦ
672 1372 833 1412 εἰδικοῦ
847 1403 859 1422 ,
899 1375 1058 1428 privati
1095 1374 1244 1428 peculii
1274 1374 1492 1429 imperialis
1509 1403 1522 1427 ,
1577 1372 1618 1425 4)
1645 1372 1724 1413 τοῦ

276 1427 581 1482 στρατιωτικοῦ
594 1458 608 1479 ,
643 1429 830 1468 militaris
858 1430 1025 1468 aerarii.
1080 1429 1212 1469 Erant
1252 1429 1386 1469 adhuc
1418 1428 1487 1468 alii
1519 1428 1724 1483 Logothe-

273 1489 363 1533 tae,
396 1490 443 1522 ut
470 1484 640 1535 Bromi,
669 1498 741 1523 seu
771 1498 902 1523 cursus
930 1485 1106 1539 publici,
1143 1483 1194 1523 de
1222 1498 1305 1538 quo
1335 1491 1453 1524 antea
1486 1484 1582 1524 dixi.
1640 1485 1724 1523 Lo-

276 1539 439 1593 gotheta
471 1539 688 1593 praetorii,
717 1539 769 1579 de
800 1553 882 1594 quo
908 1539 993 1580 vid.
1021 1553 1143 1594 supra
1169 1553 1212 1593 p.
1245 1539 1288 1579 8.
1313 1540 1361 1579 Β.
1392 1547 1433 1580 et
1459 1539 1607 1594 Script.
1634 1546 1724 1592 post

272 1594 517 1648 Theophan.
545 1610 586 1649 p.
615 1593 711 1650 294.
740 1595 788 1635 G.
846 1595 1070 1649 Logotheta
1107 1596 1192 1635 τῶν
1231 1592 1414 1646 ιῖγελῶν,
1459 1609 1723 1648 seu.gregwn

275 1651 319 1690 in
350 1651 570 1704 appendice
595 1649 688 1690 libri
716 1651 842 1690 nostri
874 1651 992 1704 primi
1025 1665 1142 1705 saepe
1169 1657 1437 1702 memoratur,
1464 1650 1516 1690 de
1539 1664 1621 1704 quo
1646 1664 1722 1689 suo

273 1705 364 1746 loco
393 1706 539 1746 dicam.
597 1707 819 1746 Rationalis
846 1706 930 1746 fisci
963 1706 1147 1746 militaris
1174 1707 1295 1745 etiam
1333 1703 1355 1746 ὃ
1379 1704 1456 1745 τοῦ
1483 1718 1724 1757 στρατιωτι-

274 1761 354 1801 κοῦ
381 1761 615 1816 simpliciter
631 1762 880 1817 appellatur,
907 1777 981 1815 pro
1010 1759 1033 1800 ὅ
1055 1758 1128 1802 ἐπὶ
1150 1761 1226 1801 τοῦ
1252 1758 1575 1811 στρατιωτικοῦ,
1632 1760 1720 1800 vid.

271 1831 315 1872 p.
344 1815 435 1870 114.
453 1817 507 1857 A.
533 1831 589 1869 1.;
606 1825 645 1857 et
671 1817 693 1858 ὃ
715 1814 1031 1869 στρατιωτικὸςτ,
1060 1816 1143 1858 vid.
1165 1831 1207 1870 p.
1238 1816 1334 1870 276.
1362 1815 1408 1854 C.
1434 1815 1478 1855 6.
1517 1812 1616 1870 *[Ὀ
1641 1811 1720 1862 τὰς

270 1868 581 1926 στρατιωτικὰς
602 1872 771 1920 δέλτους
791 1871 1089 1925 ἐπειλημμένος
1105 1879 1164 1912 est
1183 1871 1291 1924 apud
1317 1870 1481 1910 Contin.
1504 1871 1718 1910 Constant.

274 1942 317 1982 p.
348 1926 470 1982 76.]*
527 1929 772 1968 Iustinianus
796 1942 887 1967 eum
902 1928 1098 1975 instituit,
1133 1929 1166 1966 si
1181 1941 1276 1967 vera
1295 1926 1477 1979 perhibet
1495 1926 1720 1980 Procopius

276 1982 476 2024 Anecdot.
512 1998 552 2037 p.
585 1985 676 2036 104.
702 1998 766 2024 10.
843 1983 922 2023 Sed
953 1983 1032 2022 iam
1069 1982 1146 2021 sub
1186 1981 1397 2021 Anastasio
1429 1982 1580 2024 Dicoro
1613 1995 1723 2020 com-

275 2046 474 2079 memorat
517 2040 637 2078 Iosua
677 2039 839 2093 Stylites
873 2038 979 2092 apud
1008 2037 1218 2077 Asseman.
1267 2037 1320 2076 T.
1359 2038 1395 2076 Ι.
1426 2036 1534 2076 Bibl.
1563 2037 1639 2076 Or.
1677 2050 1721 2089 p.

274 2093 374 2149 275.
400 2094 444 2134 b.
519 2094 746 2148 Appionem
779 2096 922 2133 aerarii
955 2093 1164 2132 castrensis
1188 2094 1231 2131 in
1258 2092 1361 2131 urbe
1393 2091 1542 2131 Amida
1567 2091 1722 2145 praefe-

277 2157 413 2203 ctum,
443 2156 483 2189 et
507 2163 549 2202 p.
577 2164 674 2204 ²79·
703 2165 743 2189 a.
778 2149 1018 2203 Calliopium
1043 2149 1085 2187 in
1109 2148 1212 2187 urbe
1235 2148 1402 2187 Edessa.
1459 2147 1556 2187 Vid.
1580 2147 1636 2186 ibi
1655 2161 1722 2186 no-

276 2212 387 2257 tata,
434 2205 543 2247 unde
562 2205 782 2259 Procopius
816 2206 897 2258 ipse
931 2204 1006 2243 sibi
1027 2203 1300 2242 contradicere
1324 2202 1652 2256 deprehenditur.
1712 2217 1717 2222 ’

387 2260 436 2300 G.
465 2275 527 2300 11.
555 2260 646 2315 [61,
671 2260 757 2315 17.]
786 2257 859 2302 τὸν
886 2258 1130 2310 δομέστικον
1157 2258 1240 2298 τῶν
1261 2253 1498 2299 Ἱκανὰτων.
1553 2258 1640 2296 Iam
1662 2269 1724 2296 su·

280 2328 354 2369 pra
382 2316 493 2370 dixi,
521 2317 793 2356 Domesticum
822 2316 937 2354 novis
958 2315 1119 2354 Graecis
1146 2321 1286 2353 notare
1310 2313 1579 2367 praefectum,
1605 2319 1724 2366 prae-

278 2372 469 2424 positum.
526 2373 590 2411 De
625 2372 854 2411 Domestico
889 2371 1176 2409 Hicanatornm
1210 2377 1345 2408 autem
1387 2368 1508 2408 velim
1549 2367 1723 2413 conferri

280 2426 348 2465 Du
377 2426 573 2480 Gangium
599 2427 730 2466 Gloss.
755 2428 847 2466 Lat.
873 2426 986 2466 verb.
1017 2425 1272 2464 Domesticus.
1330 2424 1516 2463 Hicanati
1544 2429 1639 2462 sunt
1660 2436 1726 2476 ge-

280 2494 358 2519 nus
385 2481 548 2535 aliquod
576 2482 699 2522 lectae
729 2482 893 2521 militiae
913 2511 925 2533 ,
967 2482 1023 2519 ita
1053 2480 1207 2531 dictae,
1251 2479 1359 2533 quod
1390 2479 1570 2518 homines
1595 2484 1725 2517 essent

281 2530 420 2574 ἶκανοί
430 2566 442 2585 ,
485 2552 651 2590 corpore
686 2539 906 2592 animisque
937 2537 1112 2590 vigentes
1153 2542 1192 2575 et
1222 2536 1342 2574 rebus
1374 2534 1556 2588 gerendis
1590 2546 1721 2586 pares.

280 2591 349 2629 Du
378 2591 512 2645 Gange
540 2593 656 2632 Gloss
686 2595 758 2632 Gr.
793 2608 835 2632 v.
865 2588 1004 2638 ἱκανὸς
1038 2591 1254 2640 observat,
1282 2590 1387 2629 hanc
1415 2602 1553 2628 vocem
1582 2594 1724 2627 notare

282 2654 478 2684 strenuum
491 2675 503 2696 ‚
533 2655 572 2686 ct
598 2650 761 2688 Latinos
790 2662 950 2702 quoque
979 2661 1052 2701 pro
1073 2661 1120 2686 eo
1151 2646 1333 2684 idoneum
1355 2645 1511 2684 dixisse.
1563 2638 1723 2688 Ἱκανὸς

281 2714 355 2754 pro
382 2701 521 2750 alacri,
541 2714 720 2756 promto,
752 2705 874 2757 agili,
907 2704 1047 2755 vigili,
1079 2701 1200 2740 habet
1230 2700 1425 2739 Aristides
1454 2700 1507 2737 T.
1534 2698 1592 2736 ΙΙ.
1625 2711 1719 2751 pag.

286 2754 378 2806 148.
399 2770 458 2810 2.;
479 2760 693 2812 opponitur
709 2760 816 2800 enim
833 2759 889 2800 ibi
907 2759 965 2815 τῷ
981 2757 1105 2812 ἀργῷ.
1132 2756 1283 2798 Euscb.
1306 2756 1411 2796 Hist.
1431 2752 1621 2797 Eccl.111.
1643 2751 1714 2792 23.
