1832 3126
246 164 318 218 92
510 163 584 204 10.
625 162 730 204 1Ac.
767 163 963 203 afflsxn
999 148 1380 205 cornlmAmi

362 265 412 306 C.
433 263 588 320 penult.
611 264 701 318 [13‚
723 263 813 319 22.]
859 263 919 312 εἷς
956 262 1147 313 πολλοὺς,
1203 266 1400 307 Formula
1437 265 1565 317 haec,
1617 282 1698 322 qua

251 323 348 362 novi
378 320 565 360 Graeculi
595 334 722 372 usque
747 321 799 359 ad
822 321 999 360 taedium
1022 329 1194 361 utuntur
1208 352 1219 370 ‚
1258 318 1533 375 πολυχρόνιον
1559 324 1699 376 appel·

249 377 372 416 latur.
430 375 623 422 Vid.,Du
649 377 783 429 Gange
813 376 947 415 Gloss.
983 383 1155 430 utroque
1180 377 1225 417 h.
1254 392 1298 418 v.
1330 384 1371 417 et
1394 378 1520 418 Goar-
1546 379 1599 418 ad
1620 380 1701 418 Co-

251 432 337 471 din.
370 446 412 484 p.
435 429 505 482 84.
529 445 573 469 n.
603 431 664 470 13.
679 460 690 481 ,
717 445 818 484 quos
830 446 914 470 non
933 433 1127 472 exscribo.
1156 434 1335 473 Tantum
1356 432 1570 483 indicabo,
1601 434 1703 488 quid

249 487 325 527 sibi
351 486 477 526 velint
508 486 633 526 verba
670 487 778 539 apud
810 487 1011 526 Codinum
1037 490 1194 542 saepius
1231 490 1503 529 recurrentia:
1564 485 1703 542 ὁρίζει

251 541 312 588 εἷς
340 537 473 582 πολλὰ
508 537 593 594 ἔτη.
647 541 805 581 SciHcet
833 543 937 582 iubet
970 544 1218 599 Imperator,
1247 553 1290 583 ut
1317 544 1429 583 vobis
1449 544 1510 584 ad
1531 553 1703 584 vestrum

252 592 532 649 πολυχρόνιον
559 611 626 636 suo
655 599 811 636 nomine
838 599 1093 652 respondeam
1122 597 1182 645 εἰς
1208 594 1344 638 πολλοὶ
1375 594 1458 652 ἔτη.
1514 599 1570 648 ld-
1621 599 1704 639 uod

252 651 486 691 resalutatio
524 651 711 691 solemnis
749 654 1003 706 Imperatoris
1035 654 1087 693 ad
1125 653 1381 693 subditorum
1425 614 1705 708 nolvxpiinov

254 707 418 747 videtur
454 708 587 746 fiiisse.
646 709 854 762 Col-rigam
886 723 1046 762 quoque
1081 709 1156 748 hac
1184 711 1391 749 occasione
1422 709 1558 749 locum
1586 711 1706 749 Luit-

254 763 400 816 prandi
420 763 634 814 celebrem,
669 763 818 817 Gangio
846 778 928 804 non
952 765 1210 819 praeteritum
1233 779 1277 818 p.
1304 763 1430 815 483.:
1487 765 1706 815 Laudibus,

255 820 336 858 imo
378 820 560 858 convitiis
599 818 707 872 [non
740 819 932 874 inventis]
977 823 1053 860 suis
1084 821 1194 859 Deus
1223 834 1350 860 annos
1385 828 1432 860 ut
1467 819 1707 874 multiplicet

257 875 517 913 conclamant.
575 874 697 913 Recte
722 875 928 930 subiungit
959 882 1281 930 argutamentum
1310 889 1495 929 sequens.
1555 877 1644 930 Qua
1663 877 1707 915 in

256 943 302 968 re
324 944 443 984 quam
467 931 546 968 sint
569 930 716 968 Graeci
743 931 872 980 stulti,
914 947 1032 987 quam
1048 946 1190 971 ,vanae
1233 930 1342 985 [non
1370 928 1563 986 quamve]
1595 932 1706 970 Ιιιιίω

255 985 408 1038 gloriae
433 994 648 1034 amator-⁶²⁸,
689 1000 856 1040 quamve
891 988 1130 1039 adulatores,
1168 987 1258 1024 lzinc
1284 986 1466 1040 colligere
1488 1000 1707 1041 possumus.

263 1040 418 1095 Optant
433 1043 516 1080 seni
536 1055 615 1080 non
639 1042 763 1079 solum
792 1041 875 1095 [sic
897 1041 1004 1096 leg.]
1038 1042 1109 1081 sed
1131 1042 1331 1081 silicernio
1345 1071 1358 1090 ‚
1395 1041 1505 1097 quod
1524 1050 1708 1080 naturam

259 1096 389 1149 ipsam
415 1110 494 1134 non
516 1097 608 1150 pati
634 1105 736 1135 certo
765 1099 905 1136 sciunt.
946 1098 1104 1136 Gaudet
1121 1106 1160 1136 et
1175 1097 1414 1136 silicernium
1436 1110 1486 1136 ea
1505 1097 1583 1136 sibi
1593 1105 1710 1151 opta-

261 1152 320 1200 ri,
351 1165 450 1206 quae
467 1166 542 1193 nee.
551 1151 682 1190 Deum
693 1153 861 1203 facere,
897 1167 967 1192 nec
983 1154 1059 1191 sibi
1071 1152 1280 1207 prodesse,
1308 1152 1379 1191 sed
1390 1152 1543 1202 obesse,
1577 1153 1709 1191 etiam-

261 1207 299 1244 si
312 1207 494 1258 faceret,
535 1208 660 1245 novit.
717 1207 1001 1260 Usurpabatur
1032 1208 1131 1246 haec
1157 1207 1332 1246 formula
1357 1207 1511 1246 Latinis
1531 1218 1711 1261 quoque:

260 1260 511 1315 Augustinus
558 1262 756 1302 Patricius
792 1263 950 1302 Cerem.
988 1262 1190 1302 Ecclesiae
1221 1262 1340 1302 Rom.
1377 1263 1460 1301 Tit.
1489 1261 1546 1302 11.
1585 1261 1621 1316 §
1647 1261 1710 1314 4²

267 1316 492 1365 ordinator
522 1318 606 1356 sine
638 1318 757 1356 mitra
792 1319 976 1358 accedens
1010 1333 1143 1357 versus
1180 1318 1362 1357 Electum
1398 1319 1511 1357 tertio
1555 1317 1625 1372 [id
1650 1324 1713 1356 est

262 1378 350 1423 ter,
387 1371 432 1411 ἐκ
458 1371 630 1427 τρίτου]
667 1388 768 1426 genu
781 1373 950 1428 flectens
976 1388 1063 1412 eum
1082 1374 1272 1412 distantia
1295 1373 1542 1413 convenienti
1565 1380 1626 1411 ter
1643 1372 1711 1411 di-

261 1436 340 1466 cet.-
377 1426 445 1466 Ad
474 1427 622 1467 multos
646 1442 772 1467 annos
792 1451 811 1458 -
826 1451 846 1458 -
867 1429 926 1468 Et
954 1430 1018 1468 hic
1042 1429 1177 1468 modus
1204 1429 1254 1468 de
1277 1428 1540 1468 benedictione
1564 1435 1603 1466 et
1644 1426 1713 1467 Ad

265 1481 417 1521 multos
447 1497 573 1523 annos
597 1493 777 1523 servatur
804 1485 948 1535 etiam,
999 1486 1036 1523 si
1060 1484 1218 1524 ordines
1241 1485 1435 1539 acciperet
1459 1485 1503 1524 in
1531 1483 1712 1539 pluribus

265 1537 400 1578 diebus
417 1539 635 1591 sigillatim.
874 1586 877 1589 v
1630 1585 1632 1588 .
1659 1551 1663 1555 '

379 1607 421 1647 9.
442 1593 494 1632 A.
521 1607 556 1633 1.
579 1593 670 1649 [¹4³
702 1592 760 1648 1.]
796 1591 835 1634 οἱ
862 1590 1120 1648 ὄργανάριοι.
1176 1595 1259 1650 Qui
1284 1594 1443 1648 organis·
1464 1601 1629 1642 camme,
1649 1606 1711 1632 or·

267 1662 376 1701 gana
397 1649 573 1703 pulsant.
611 1649 802 1690 Solebant
822 1652 929 1690 enim
950 1664 1101 1704 organa
1123 1664 1292 1700 sonare,
1333 1649 1496 1704 quando
1519 1648 1712 1688 factiones

268 1704 480 1743 dominum
511 1705 758 1758 excipiebant
792 1713 831 1745 et
865 1706 1108 1746 salutabant.
1163 1705 1262 1745 Vid.
1286 1719 1330 1760 p.
1355 1719 1424 1744 20.
1446 1704 1496 1744 C.
1553 1704 1616 1742 De
1643 1716 1712 1742 or-

270 1762 384 1813 ganis
401 1761 495 1813 ipsis
517 1760 623 1799 infra
642 1761 693 1800 ad
715 1775 802 1800 eam
821 1769 975 1815 partem
996 1761 1091 1800 libri
1110 1762 1248 1801 Nostri
1266 1791 1278 1812 ,
1309 1774 1414 1814 quae
1437 1758 1488 1799 de
1509 1757 1615 1798 ludis
1630 1758 1714 1796 Cir-

269 1815 455 1854 censibus
479 1815 559 1869 agit
575 1844 587 1866 ,
623 1816 770 1856 dicam.
802 1838 804 1843 ·
826 1817 893 1856 Ad
912 1831 1052 1857 vocem
1076 1812 1204 1856 τόπον
1223 1815 1335 1855 addit
1359 1828 1499 1868 margo
1519 1812 1714 1852 membra-

270 1883 418 1909 narum
443 1871 549 1910 hanc
580 1879 716 1911 notam
751 1868 940 1924 εὔτυχῶς
969 1870 1030 1918 εἰς
1057 1867 1213 1918 πολλὰς
1245 1865 1422 1923 ἑορτὰς,
1457 1876 1547 1923 post
1572 1881 1715 1909 vocem

271 1920 498 1977 ἱσταμένου
525 1925 598 1966 lin.
623 1926 664 1966 5.
691 1933 732 1966 et
756 1941 817 1966 ιο.
841 1926 1068 1966 tollendum
1098 1939 1255 1966 comma
1278 1939 1325 1965 ex
1353 1924 1431 1964 fide
1457 1923 1714 1964 membrana-

274 1994 380 2021 rum.
438 1982 620 2021 Pertinet
643 1984 750 2022 enim
770 1982 822 2021 ad
848 1977 1182 2035 δευτερεύοντες,
1220 1995 1303 2020 non
1325 1980 1377 2020 ad
1399 1974 1552 2031 δήμου.

385 2036 435 2076 Β.
458 2051 499 2076 2.
519 2036 610 2091 [Mb
638 2036 724 2092 12.]
755 2032 991 2090 ὡρολόγιον.
1048 2037 1111 2076 De
1136 2034 1353 2091 horologiis
1383 2049 1431 2075 ea
1461 2042 1592 2076 aetate
1610 2034 1716 2076 notis

273 2096 315 2130 et
341 2092 495 2132 usitatis
522 2106 596 2146 ago
616 2092 667 2131 ad
687 2107 730 2146 p.
755 2106 849 2146 272.
881 2092 930 2131 C.
952 2090 1108 2144 penult.

380 2148 495 2187 lbid.
517 2147 608 2202 [14‚
639 2147 725 2202 12.]
763 2147 837 2199 τῆς
867 2142 1193 2200 ἇγάκς·Σοφιάς.
1251 2146 1521 2187 Celeberrima
1537 2145 1636 2187 haee
1657 2159 1716 2186 ec-

277 2199 396 2240 clesia
420 2204 670 2256 superiorum
691 2211 917 2255 temporum
944 2209 984 2241 et
1011 2202 1131 2241 huius
1155 2201 1287 2242 adhuc
1305 2201 1567 2253 miraculum,
1594 2202 1718 2241 nemi-

276 2256 319 2295 ni
351 2257 468 2296 facile
499 2266 682 2298 veterum
712 2259 951 2311 scriptorum
981 2258 1297 2297 recentiorumve
1328 2258 1612 2296 Itineratorum
1632 2270 1717 2297 non

277 2320 499 2352 memorata
526 2313 617 2353 fuit.
672 2313 840 2367 Copiose
863 2319 1103 2352 structuram
1131 2321 1171 2352 et
1193 2313 1531 2367 magnificentiam
1551 2312 1637 2351 eius
1657 2325 1718 2351 ex·⁵

277 2369 401 2405 secuti
427 2368 592 2408 fuerunt
617 2368 766 2409 Paulus
794 2368 1041 2408 silentiarius
1070 2368 1112 2406 in
1142 2369 1363 2421 Ecphrasi‚
1411 2375 1452 2408 et
1473 2368 1516 2407 in
1535 2369 1642 2406 notis
1665 2366 1718 2407 ad

279 2433 367 2458 eam
397 2422 464 2460 Du
496 2424 659 2478 Gange,
693 2426 790 2464 item
813 2425 864 2463 L.
892 2424 971 2463 111.
1008 2423 1128 2462 CPlis
1157 2423 1422 2463 Christianae.
1478 2423 1523 2461 S.
1546 2420 1719 2476 Sophiae

278 2476 441 2514 nomine
479 2492 562 2517 non
595 2486 732 2519 sancta
767 2478 966 2534 quaedam
1001 2479 1230 2532 martyrissa
1245 2509 1256 2527 ,
1302 2478 1451 2532 Sophia
1480 2477 1610 2527 dicta,
1648 2475 1719 2515 sed

279 2530 392 2571 Iesus
426 2531 631 2584 Christus,
675 2534 740 2574 dei
779 2535 995 2588 sapientia,
1035 2535 1197 2573 Graecis
1224 2534 1530 2588 designabatur,
1566 2538 1614 2570 ut
1643 2531 1720 2584 ipsi

279 2583 425 2624 volunt
441 2615 452 2635 ‚
502 2595 571 2625 aut
606 2591 758 2643 accepit
791 2604 839 2629 ea
865 2589 1028 2629 ecclesia
1059 2589 1102 2627 id
1130 2603 1276 2628 nomen
1291 2619 1302 2638 ‚
1343 2587 1454 2642 quod
1483 2593 1621 2626 sancta
1653 2585 1719 2625 dei

281 2641 474 2693 sapientia
488 2670 500 2691 ,
535 2641 612 2680 hoc
635 2652 693 2683 cst
722 2646 892 2684 verbum
920 2645 998 2683 Dei
1022 2645 1064 2683 in
1090 2658 1135 2683 ea
1163 2644 1399 2694 doceretur3
1437 2648 1477 2681 et
1504 2649 1720 2694 antequam

282 2709 368 2734 mos
404 2696 662 2737 invalesceret
692 2700 872 2739 ecclesias
906 2699 1149 2754 martyribus
1180 2706 1300 2752 atque
1330 2697 1569 2750 martyrissis
1606 2695 1720 2734 dedi-

283 2751 398 2790 candi
417 2781 428 2799 ,
480 2765 617 2791 omnes
633 2783 644 2805 ,
702 2762 807 2794 certe
850 2756 1042 2808 maiorm,
1086 2754 1236 2809 ubique
1287 2755 1468 2794 locorum
1505 2750 1723 2792 audiebant
