1884 3132
349 105 458 161 880
655 126 726 168 10.
766 128 869 171 1Ac.
908 130 1103 172 Rssisxu
1143 129 1516 175 communen

349 220 486 276 patem
513 211 584 254 διὰ
614 224 705 256 ante
733 217 814 258 τῶν
839 217 973 272 ῥογαῒν
1002 220 1149 260 deesse.
1206 223 1338 262 Dictio
1366 225 1450 263 sive
1476 223 1628 276 integra
1647 221 1780 272 ,ἐξαυ-

351 282 441 319 της,
472 271 555 308 sive
572 271 698 311 divisa
730 272 773 320 ἐξ
805 273 952 326 αὐτῆς,
983 283 1094 315 notat
1115 279 1311 331 protinus,
1341 276 1384 325 ἐξ
1412 275 1543 330 αὐτῆς
1559 278 1629 331 τῆς
1647 274 1775 328 ὥρας,

348 326 568 379 extemplo,
598 334 642 366 ut
661 327 765 380 apud
785 328 962 369 Nicetam
983 345 1024 383 p.
1049 330 1113 385 74.
1133 332 1182 370 C.
1206 347 1262 386 7.‚
1293 340 1362 371 aut
1380 333 1502 382 idem,
1521 333 1629 385 quod
1655 331 1780 383 ἐσαίὲ

348 378 434 429 θις,
463 381 665 435 deinceps..
705 384 799 422 olim
828 384 956 434 valet,
988 385 1033 425 ὲκ
1068 382 1223 438 ταύτης
1248 387 1320 439 τῆς
1348 381 1480 440 ὧρας,
1511 387 1553 426 id
1585 395 1644 426 est
1670 385 1777 438 μετὰ

348 431 503 486 ταύτην
532 432 607 487 τήν
634 433 759 490 ὥραν.

382 544 389 551 .
457 491 511 529 A.
539 493 689 543 penult.
721 493 835 547 [749,
863 491 948 546 16]
988 490 1182 544 καβάδιν.
1237 496 1440 545 Quantum
1475 510 1520 534 ex
1547 495 1780 550 descriptio-

350 544 468 584 nibus
509 548 628 586 variis
667 548 836 601 collig0‚
884 549 959 587 suit
997 550 1200 588 cabadium
1238 551 1343 589 idem
1370 558 1490 603 atque
1521 549 1780 602 ἑπιλωρίκιον

349 599 412 638 vel
442 599 740 655 ἐπιθωράκιον,
772 602 812 642 id
841 611 898 642 est
930 605 1046 643 vestis
1065 635 1075 651 ‚
1116 619 1195 642 non
1225 620 1326 657 quae
1357 605 1500 644 loricae
1527 614 1597 644 aut
1624 607 1779 645 thoraci

347 657 510 708 proprie
551 658 606 696 sic
645 658 773 706 dicto,
822 659 890 696 sed
918 662 1094 711 pectori,
1143 662 1183 698 in
1212 675 1292 713 quo
1323 668 1497 711 gestatur
1522 660 1663 700 thorax
1684 691 1696 710 ‚
1738 669 1778 700 et

348 711 456 762 quod
475 720 684 764 propterea
707 727 820 767 saepe
848 728 1005 766 quoque
1031 715 1171 752 thorax
1202 715 1435 768 appellatur,
1462 716 1775 768 superindueba-

346 772 429 804 tur.
485 767 569 806 Eia
615 767 761 806 l‘Vams
805 769 902 806 oder
939 770 1162 816 Brustlatz,
1213 773 1295 809 sive
1336 771 1467 823 potius
1504 773 1588 809 eine
1638 770 1778 810 PVeste

346 822 420 859 mit
442 820 600 861 kur-tzen
623 823 806 862 Scbo'ssen
819 853 830 871 ,
865 823 948 862 und
969 826 1050 876 auf
1061 825 1134 863 der
1160 825 1281 863 Brust
1308 827 1380 863 rnit
1405 825 1611 880 doppclten
1633 826 1780 865 Ueber-

345 875 538 929 sclzlt‘igen.
598 878 770 918 Vertunt
795 878 1016 928 tibennam‚
1045 894 1180 932 sagum
1195 910 1204 926 ‚
1241 894 1452 934 supparum
1465 910 1475 927 ,
1509 889 1664 933 togam,·
1691 880 1778 920 vid.

348 931 470 970 Goar.
501 931 552 971 ad
571 933 714 972 Codin.
747 949 785 986 p.
814 933 884 986 49.
911 948 951 971 n.
980 934 1044 973 50.
1074 941 1111 972 et
1139 935 1188 972 ad
1211 935 1381 974 Cedren.
1410 933 1580 989 Ρ.4ι7.,
1611 935 1677 975 ubi
1710 949 1776 974 ex-

344 987 458 1037 ponit
485 989 614 1026 tanim
649 990 824 1026 exterior
853 989 980 1026 stricte
1009 990 1167 1042 corpori
1197 990 1438 1037 adhaerens,
1481 991 1658 1039 brevior,
1691 991 1778 1042 glo-

345 1041 444 1079 bulis
485 1051 574 1080 ante
614 1052 747 1096 pectus
794 1043 958 1082 munita.
1029 1043 1107 1082 Sed
1147 1044 1359 1096 praecipue
1401 1044 1506 1083 conf.
1548 1045 1616 1082 Du
1644 1044 1779 1098 Cange

347 1095 477 1134 Gloss.
521 1097 661 1136 Graec.
700 1104 739 1136 et
775 1096 946 1136 Salmas.
990 1097 1040 1136 ad
1074 1098 1156 1136 Ser.
1193 1099 1296 1138 Hist.
1323 1098 1430 1151 Aug.
1459 1099 1509 1137 T.
1529 1098 1578 1137 ll.
1606 1113 1647 1151 p.
1665 1099 1777 1150 543„

344 1164 437 1189 cum
477 1165 558 1203 quo
601 1151 706 1190 idern
747 1165 827 1190 non
854 1152 997 1191 sentio.
1053 1152 1247 1206 Persaepe
1281 1155 1455 1192 occurrit
1488 1153 1585 1192 haec
1620 1168 1695 1193 vox
1734 1154 1777 1193 in

345 1205 573 1244 auctoribus
599 1206 805 1247 Arabicis.
848 1220 977 1259 neque
1006 1213 1136 1246 tamen
1165 1208 1335 1248 Arabica
1365 1215 1446 1254 est,
1485 1222 1614 1261 neque
1636 1207 1778 1247 distin-4

344 1268 449 1299 ctam
477 1262 559 1299 eius
587 1261 715 1300 ideam
740 1262 795 1300 illi
823 1261 1002 1302 homines
1020 1262 1131 1301 dant.
1188 1263 1388 1302 Persicam
1408 1270 1556 1301 vestem
1585 1277 1684 1314 esse,
1705 1277 1778 1316 pa-

341 1323 399 1355 tet
419 1329 464 1354 ex
486 1315 577 1354 illis.
634 1316 898 1366 Adscribam,
927 1317 1019 1369 quia
1047 1331 1174 1370 pauca
1204 1325 1319 1369 sunt,
1348 1331 1450 1370 quae
1477 1317 1529 1356 ad
1553 1317 1776 1358 Abulfedae

344 1370 453 1412 Ann.
493 1370 586 1424 594.
618 1385 686 1410 seu
726 1371 823 1410 Chr.
871 1371 987 1425 1198.
1026 1374 1176 1415 notavi.
1248 1372 1457 1425 „Apparet
1493 1386 1539 1412 ex
1575 1371 1652 1411 hoc
1687 1372 1776 1412 loco

344 1440 412 1489 (sic
441 1437 496 1476 ihi
523 1437 676 1489 scripsi)
707 1437 814 1476 Caba
846 1428 920 1486 ΒΞ,
959 1437 1067 1476 unde
1096 1445 1277 1476 nostrum
1312 1437 1450 1491 Cappa
1477 1438 1678 1486 manavit,
1709 1452 1776 1491 ge-

341 1500 492 1531 stamen
508 1493 720 1531 Persarum
740 1499 778 1530 et
798 1494 973 1545 gentium
991 1493 1041 1530 ad
1061 1493 1160 1532 illud
1177 1507 1320 1531 nomen
1339 1493 1622 1545 pertinentium
1643 1493 1775 1543 fuisse,

341 1572 423 1596 non
449 1560 543 1597 item
563 1559 802 1596 Turcarum.
835 1559 975 1597 Golius
1006 1559 1047 1596 in
1078 1560 1218 1597 Lexico
1246 1550 1299 1603 [43
1363 1559 1418 1596 ait
1439 1571 1522 1596 esse
1546 1566 1684 1596 vestem
1712 1560 1778 1596 vi-

342 1614 458 1652 rilem
477 1613 727 1665 peculiariter
754 1614 978 1661 Persicam,
1006 1627 1108 1665 quae
1133 1614 1209 1652 sub
1237 1609 1363 1652 axillis
1383 1626 1453 1664 per
1477 1612 1681 1664 obliquum
1700 1613 1776 1651 du-

343 1667 529 1721 plicatur.
584 1668 768 1706 Olearius
798 1670 838 1706 in
867 1669 1073 1707 Itinerario
1101 1683 1141 1721 p.
1171 1670 1265 1717 410.
1298 1667 1358 1708 ed.
1377 1666 1537 1705 Slcsvic.
1563 1667 1675 1705 Koba
1694 1681 1778 1706 esse

341 1725 397 1762 ait
416 1724 643 1774 clareseine
675 1723 814 1765 Filtze.
882 1724 1088 1762 Materiam
1117 1723 1265 1776 panni,
1291 1736 1371 1760 non
1401 1721 1569 1760 formam
1597 1721 1779 1773 exprimit

340 1785 411 1818 aut
448 1792 580 1817 usum.
644 1778 799 1816 Laudat
838 1777 923 1816 illos
951 1778 1258 1831 quoquefiltros
1285 1776 1435 1815 Paulus
1464 1777 1598 1815 Iovius
1642 1775 1777 1816 libello

344 1833 395 1872 de
435 1832 629 1885 legatione
670 1833 983 1872 Moseovitarum
1025 1836 1079 1886 (p.
1108 1832 1200 1884 488.
1242 1831 1494 1870 collectionis
1531 1831 1774 1870 Itinerarior.

340 1888 441 1926 Sim.
470 1889 644 1941 Grynaei
682 1888 798 1929 Basil.
835 1887 951 1928 1555.
991 1891 1164 1935 curatae)
1191 1887 1255 1926 his
1292 1886 1452 1925 verbis:
1494 1885 1780 1924 ,Mediterranei

347 1943 510 1982 Tartari
530 1943 629 1981 nillil
650 1952 809 1996 praeter
834 1957 1017 1997 equorum
1039 1943 1257 1998 pernicium
1286 1955 1416 1994 greges
1443 1949 1481 1979 et
1501 1940 1650 1980 nobiles
1666 1940 1777 1979 nulla

341 1994 498 2040 filorum
526 2006 680 2036 textura
699 2028 709 2045 ‚
743 1998 813 2036 sed
837 1999 976 2035 coactis
1003 2012 1057 2035 ex
1085 1999 1186 2036 lanis
1223 1997 1410 2034 candidos
1444 2003 1617 2033 centones
1651 2008 1776 2048 prae-

341 2053 430 2091 bent
444 2082 455 2102 ,
483 2067 504 2091 e
532 2053 664 2107 quibus
674 2053 843 2103 filtriae
873 2061 992 2090 vestes
1012 2053 1207 2106 paenulae
1235 2051 1296 2089 ad
1318 2049 1598 2104 perferendam
1625 2062 1777 2087 omnem

341 2108 524 2146 imbrium
573 2108 756 2146 iniuriam
803 2106 964 2145 idoneae
1012 2116 1127 2162 atque
1176 2106 1463 2161 pulcherrimae
1511 2102 1774 2157 conficiuntur.

348 2162 410 2201 Cl.
455 2161 681 2200 Schultens.
720 2162 761 2200 in
797 2162 891 2200 Vita
919 2161 1094 2200 Saladini
1124 2176 1163 2214 p.
1194 2174 1286 2203 212.
1326 2173 1413 2211 cap.
1454 2158 1615 2199 CXXX.
1656 2159 1777 2197 vertit

339 2218 446 2256 sinus
472 2218 584 2255 vestis
602 2246 614 2266 ‚
644 2216 694 2255 ad
723 2230 881 2255 sensum
909 2217 964 2254 sic
992 2218 1084 2256 satis
1111 2217 1225 2258 bene.
1300 2214 1407 2253 Infra
1435 2213 1510 2252 sub
1529 2212 1650 2252 Anno
1677 2211 1774 2264 684.

343 2284 517 2322 occurrit
537 2282 657 2320 dictio
685 2274 865 2336 &30:5OE
899 2272 953 2327 [ςὲ
969 2312 981 2334 ,
1012 2283 1118 2321 Caba
1146 2281 1317 2320 taclztam'
1356 2293 1424 2317 seu
1451 2279 1640 2330 inferior,
1674 2290 1776 2330 quae

344 2348 419 2386 sub
457 2347 545 2387 aliis
583 2349 756 2386 vestibus
797 2349 937 2400 gestari
973 2347 1071 2386 solet
1112 2354 1150 2385 et
1177 2347 1391 2408 opponitur
1423 2333 1556 2392 (35:953
1591 2330 1775 2393 mmm,

341 2404 490 2442 atlzlaso
502 2404 679 2455 faucani
707 2417 773 2440 seu
803 2404 994 2456 superiori
1032 2416 1101 2441 seu
1143 2401 1331 2439 exteriori
1342 2429 1351 2445 ‚
1392 2398 1497 2437 uncle
1523 2403 1674 2436 constat
1697 2396 1775 2434 Ca-

341 2458 391 2495 ba
429 2458 622 2496 rationem
660 2457 808 2495 habere
845 2466 971 2495 vestae
1011 2471 1080 2495 seu
1106 2458 1274 2508 gtunicae
1302 2452 1499 2492 nostrae.'’
1555 2451 1662 2489 Haec
1705 2450 1774 2492 ibi.

341 2512 470 2551 Locus
496 2512 730 2559 Abulfedae,
760 2511 811 2550 acl
838 2525 957 2564 quem
982 2512 1056 2550 ista
1083 2512 1241 2563 scsipsi,
1269 2508 1333 2547 hic
1361 2515 1440 2546 est:
1473 2506 1776 2555 „Clzowarerim

343 2565 470 2604 Sclzalz
503 2568 672 2605 Tacasclz
691 2566 902 2605 invadebat
930 2566 1151 2604 Bocbaram
1166 2595 1176 2611 ‚
1207 2573 1295 2603 tunc
1323 2561 1541 2600 Citatthaeis
1554 2568 1774 2613 parentem,

342 2628 380 2656 et
418 2621 611 2672 subigebat
646 2621 807 2659 eandem
823 2650 832 2667 ‚
872 2623 1083 2659 humanum
1125 2629 1254 2658 tamen
1293 2632 1332 2655 se
1367 2618 1551 2675 υἱοῖσι-ειη
1592 2614 1767 2664 gerebat,

342 2676 517 2727 quamvis
545 2677 732 2714 iniuriam
769 2676 848 2713 sibi
869 2677 1014 2717 factam
1044 2675 1225 2727 gravibus
1249 2671 1385 2726 poenis
1419 2669 1548 2706 ulciscz
1573 2669 1769 2720 potuis-set.

346 2728 547 2767 Chattlcaei
581 2732 684 2768 enim
722 2739 870 2769 tenente
915 2729 1112 2769 obsidione
1147 2741 1302 2774 canem,
1346 2737 1420 2762 uno
1455 2736 1604 2760 cassum
1637 2723 1745 2761 oculo
1758 2753 1770 2772 ‚
