<?xml version="1.0" encoding="UTF-8"?>
<!DOCTYPE html PUBLIC "-//W3C//DTD XHTML 1.0 Transitional//EN"
    "http://www.w3.org/TR/xhtml1/DTD/xhtml1-transitional.dtd">
<html xmlns="http://www.w3.org/1999/xhtml" xml:lang="en" lang="en">
 <head>
  <title>
</title>
<meta http-equiv="Content-Type" content="text/html;charset=utf-8" />
  <meta name='ocr-system' content='tesseract 3.04.00' />
  <meta name='ocr-capabilities' content='ocr_page ocr_carea ocr_par ocr_line ocrx_word'/>
</head>
<body>
  <div class='ocr_page' id='page_1' title='image "./corpusscriptorum08niebuoft/corpusscriptorum08niebuoft_0890.png"; bbox 0 0 1884 3132; ppageno 0'>
   <div class='ocr_carea' id='block_1_1' title="bbox 323 140 1492 204">
    <p class='ocr_par' dir='ltr' id='par_1_1' title="bbox 323 140 1492 204">
     <span class='ocr_line' id='line_1_1' title="bbox 323 140 1492 204; baseline 0.007 -10"><span class='ocrx_word' id='word_1_1' title='bbox 323 140 432 195; x_wconf 83' lang='lat'><strong>882</strong></span> <span class='ocrx_word' id='word_1_2' title='bbox 598 157 671 199; x_wconf 88' lang='lat'><strong>10.</strong></span> <span class='ocrx_word' id='word_1_3' title='bbox 723 158 832 202; x_wconf 70' lang='grc' dir='ltr'><strong>1Αο.</strong></span> <span class='ocrx_word' id='word_1_4' title='bbox 875 140 1090 202; x_wconf 60' lang='lat'><strong>1113151411‘</strong></span> <span class='ocrx_word' id='word_1_5' title='bbox 1110 159 1492 204; x_wconf 73' lang='lat' dir='ltr'><strong>COMMENTARH</strong></span> 
     </span>
    </p>
   </div>
   <div class='ocr_carea' id='block_1_2' title="bbox 306 258 1786 984">
    <p class='ocr_par' dir='ltr' id='par_1_2' title="bbox 312 258 1786 707">
     <span class='ocr_line' id='line_1_2' title="bbox 429 258 1786 319; baseline 0.004 -19"><span class='ocrx_word' id='word_1_6' title='bbox 429 261 475 304; x_wconf 91' lang='lat' dir='ltr'><strong>C.</strong></span> <span class='ocrx_word' id='word_1_7' title='bbox 507 259 545 304; x_wconf 88' lang='lat'><strong>5.</strong></span> <span class='ocrx_word' id='word_1_8' title='bbox 578 261 804 317; x_wconf 69' lang='lat'><strong>[753,24.]</strong></span> <span class='ocrx_word' id='word_1_9' title='bbox 834 260 938 314; x_wconf 74' lang='grc' dir='ltr'><em>μετὰ</em></span> <span class='ocrx_word' id='word_1_10' title='bbox 978 261 1055 316; x_wconf 74' lang='grc' dir='ltr'><strong>τήν</strong></span> <span class='ocrx_word' id='word_1_11' title='bbox 1095 262 1220 305; x_wconf 76' lang='grc' dir='ltr'><em>θείαν</em></span> <span class='ocrx_word' id='word_1_12' title='bbox 1251 264 1326 318; x_wconf 82' lang='grc' dir='ltr'><strong>τῆς</strong></span> <span class='ocrx_word' id='word_1_13' title='bbox 1354 258 1535 319; x_wconf 74' lang='grc' dir='ltr'><em>ἑσπέρας</em></span> <span class='ocrx_word' id='word_1_14' title='bbox 1561 279 1786 318; x_wconf 82' lang='grc' dir='ltr'><em>μυσταγω-</em></span> 
     </span>
     <span class='ocr_line' id='line_1_3' title="bbox 312 313 1784 375; baseline 0.004 -20"><span class='ocrx_word' id='word_1_15' title='bbox 312 313 427 368; x_wconf 85' lang='grc' dir='ltr'><strong>γιάν.</strong></span> <span class='ocrx_word' id='word_1_16' title='bbox 486 318 736 372; x_wconf 85' lang='lat' dir='ltr'><strong>Mystagogia</strong></span> <span class='ocrx_word' id='word_1_17' title='bbox 765 319 980 359; x_wconf 82' lang='lat' dir='ltr'><strong>celebratio</strong></span> <span class='ocrx_word' id='word_1_18' title='bbox 1010 322 1156 359; x_wconf 83' lang='lat' dir='ltr'>Missae</span> <span class='ocrx_word' id='word_1_19' title='bbox 1185 327 1258 360; x_wconf 87' lang='lat' dir='ltr'><strong>est.</strong></span> <span class='ocrx_word' id='word_1_20' title='bbox 1319 321 1426 360; x_wconf 89' lang='lat' dir='ltr'><strong>Hinc</strong></span> <span class='ocrx_word' id='word_1_21' title='bbox 1452 328 1577 375; x_wconf 85' lang='lat' dir='ltr'><strong>patet,</strong></span> <span class='ocrx_word' id='word_1_22' title='bbox 1610 323 1784 361; x_wconf 80' lang='lat' dir='ltr'><strong>Graecos</strong></span> 
     </span>
     <span class='ocr_line' id='line_1_4' title="bbox 319 373 1783 431; baseline 0.004 -21"><span class='ocrx_word' id='word_1_23' title='bbox 319 373 396 411; x_wconf 81' lang='lat' dir='ltr'><strong>sul)</strong></span> <span class='ocrx_word' id='word_1_24' title='bbox 425 387 632 426; x_wconf 85' lang='lat' dir='ltr'><strong>vesperam</strong></span> <span class='ocrx_word' id='word_1_25' title='bbox 661 389 822 428; x_wconf 89' lang='lat' dir='ltr'><strong>quoque</strong></span> <span class='ocrx_word' id='word_1_26' title='bbox 839 405 849 422; x_wconf 74' lang='grc'><em>,</em></span> <span class='ocrx_word' id='word_1_27' title='bbox 880 383 968 428; x_wconf 86' lang='lat' dir='ltr'><strong>post</strong></span> <span class='ocrx_word' id='word_1_28' title='bbox 996 375 1139 414; x_wconf 85' lang='lat' dir='ltr'><strong>horam</strong></span> <span class='ocrx_word' id='word_1_29' title='bbox 1171 390 1319 414; x_wconf 87' lang='lat' dir='ltr'><strong>nonam</strong></span> <span class='ocrx_word' id='word_1_30' title='bbox 1337 407 1347 424; x_wconf 85' lang='lat'>‚</span> <span class='ocrx_word' id='word_1_31' title='bbox 1379 391 1482 431; x_wconf 85' lang='lat' dir='ltr'><strong>quae</strong></span> <span class='ocrx_word' id='word_1_32' title='bbox 1511 384 1671 416; x_wconf 87' lang='lat' dir='ltr'><strong>nostrae</strong></span> <span class='ocrx_word' id='word_1_33' title='bbox 1699 385 1783 416; x_wconf 81' lang='lat' dir='ltr'><strong>ter-</strong></span> 
     </span>
     <span class='ocr_line' id='line_1_5' title="bbox 316 428 1776 484; baseline 0.004 -18"><span class='ocrx_word' id='word_1_34' title='bbox 316 428 396 466; x_wconf 87' lang='lat' dir='ltr'><strong>tiae</strong></span> <span class='ocrx_word' id='word_1_35' title='bbox 438 430 738 481; x_wconf 87' lang='lat' dir='ltr'><strong>pomeridianae</strong></span> <span class='ocrx_word' id='word_1_36' title='bbox 781 432 1020 484; x_wconf 81' lang='lat' dir='ltr'><strong>respondet,</strong></span> <span class='ocrx_word' id='word_1_37' title='bbox 1073 439 1371 470; x_wconf 87' lang='lat' dir='ltr'><strong>sacramentum</strong></span> <span class='ocrx_word' id='word_1_38' title='bbox 1415 431 1645 483; x_wconf 82' lang='lat' dir='ltr'><strong>celebrare3</strong></span> <span class='ocrx_word' id='word_1_39' title='bbox 1690 432 1776 472; x_wconf 87' lang='lat' dir='ltr'><strong>vid.</strong></span> 
     </span>
     <span class='ocr_line' id='line_1_6' title="bbox 314 483 1778 536; baseline 0.001 -11"><span class='ocrx_word' id='word_1_40' title='bbox 314 497 356 536; x_wconf 88' lang='lat' dir='ltr'><strong>p.</strong></span> <span class='ocrx_word' id='word_1_41' title='bbox 399 483 499 536; x_wconf 69' lang='lat'><strong>442.</strong></span> <span class='ocrx_word' id='word_1_42' title='bbox 533 485 578 523; x_wconf 91' lang='grc' dir='ltr'><strong>Β.</strong></span> <span class='ocrx_word' id='word_1_43' title='bbox 612 485 652 524; x_wconf 81' lang='lat'><strong>5.</strong></span> <span class='ocrx_word' id='word_1_44' title='bbox 712 486 803 524; x_wconf 85' lang='lat' dir='ltr'><strong>Nisi</strong></span> <span class='ocrx_word' id='word_1_45' title='bbox 847 486 988 533; x_wconf 83' lang='lat' dir='ltr'><strong>malis,</strong></span> <span class='ocrx_word' id='word_1_46' title='bbox 1033 493 1079 525; x_wconf 86' lang='lat' dir='ltr'><strong>ut</strong></span> <span class='ocrx_word' id='word_1_47' title='bbox 1117 488 1194 526; x_wconf 86' lang='lat' dir='ltr'><strong>isto</strong></span> <span class='ocrx_word' id='word_1_48' title='bbox 1230 486 1319 526; x_wconf 92' lang='lat' dir='ltr'><strong>loco</strong></span> <span class='ocrx_word' id='word_1_49' title='bbox 1365 501 1506 527; x_wconf 90' lang='lat' dir='ltr'><strong>vocem</strong></span> <span class='ocrx_word' id='word_1_50' title='bbox 1534 485 1707 535; x_wconf 78' lang='grc' dir='ltr'><em>σύναξις</em></span> <span class='ocrx_word' id='word_1_51' title='bbox 1739 494 1778 526; x_wconf 87' lang='lat' dir='ltr'><strong>et</strong></span> 
     </span>
     <span class='ocr_line' id='line_1_7' title="bbox 315 537 1781 593; baseline 0.003 -16"><span class='ocrx_word' id='word_1_52' title='bbox 315 537 577 592; x_wconf 64' lang='grc' dir='ltr'><em>λειτουργίας</em></span> <span class='ocrx_word' id='word_1_53' title='bbox 605 554 679 593; x_wconf 89' lang='lat' dir='ltr'><strong>pro</strong></span> <span class='ocrx_word' id='word_1_54' title='bbox 710 549 909 581; x_wconf 87' lang='lat' dir='ltr'><strong>conventu</strong></span> <span class='ocrx_word' id='word_1_55' title='bbox 941 542 992 580; x_wconf 84' lang='lat' dir='ltr'><strong>ad</strong></span> <span class='ocrx_word' id='word_1_56' title='bbox 1029 541 1184 581; x_wconf 85' lang='lat' dir='ltr'><strong>cultum</strong></span> <span class='ocrx_word' id='word_1_57' title='bbox 1213 542 1397 581; x_wconf 87' lang='lat' dir='ltr'><strong>divinum</strong></span> <span class='ocrx_word' id='word_1_58' title='bbox 1424 550 1464 582; x_wconf 89' lang='lat' dir='ltr'><strong>et</strong></span> <span class='ocrx_word' id='word_1_59' title='bbox 1491 544 1575 583; x_wconf 84' lang='lat' dir='ltr'><strong>eius</strong></span> <span class='ocrx_word' id='word_1_60' title='bbox 1603 542 1781 582; x_wconf 88' lang='lat' dir='ltr'><strong>celebra-</strong></span> 
     </span>
     <span class='ocr_line' id='line_1_8' title="bbox 317 594 1782 650; baseline 0.003 -18"><span class='ocrx_word' id='word_1_61' title='bbox 317 595 454 646; x_wconf 81' lang='lat' dir='ltr'><strong>tione,</strong></span> <span class='ocrx_word' id='word_1_62' title='bbox 498 594 650 648; x_wconf 83' lang='lat' dir='ltr'>absque</span> <span class='ocrx_word' id='word_1_63' title='bbox 681 596 823 635; x_wconf 86' lang='lat' dir='ltr'><strong>missae</strong></span> <span class='ocrx_word' id='word_1_64' title='bbox 854 597 985 636; x_wconf 81' lang='lat' dir='ltr'><strong>officio</strong></span> <span class='ocrx_word' id='word_1_65' title='bbox 1007 628 1018 648; x_wconf 87' lang='lat'>‚</span> <span class='ocrx_word' id='word_1_66' title='bbox 1056 599 1111 635; x_wconf 79' lang='lat' dir='ltr'><strong>ita</strong></span> <span class='ocrx_word' id='word_1_67' title='bbox 1143 597 1208 636; x_wconf 87' lang='lat' dir='ltr'><strong>hic</strong></span> <span class='ocrx_word' id='word_1_68' title='bbox 1237 597 1314 636; x_wconf 91' lang='lat' dir='ltr'><strong>loci</strong></span> <span class='ocrx_word' id='word_1_69' title='bbox 1344 612 1483 637; x_wconf 89' lang='lat' dir='ltr'><strong>vocem</strong></span> <span class='ocrx_word' id='word_1_70' title='bbox 1507 597 1782 650; x_wconf 75' lang='grc' dir='ltr'><em>μυσταγωγία</em></span> 
     </span>
     <span class='ocr_line' id='line_1_9' title="bbox 313 650 1670 707; baseline 0.003 -19"><span class='ocrx_word' id='word_1_71' title='bbox 313 650 456 688; x_wconf 89' lang='lat' dir='ltr'><strong>eodem</strong></span> <span class='ocrx_word' id='word_1_72' title='bbox 484 664 602 690; x_wconf 89' lang='lat' dir='ltr'><strong>sensu</strong></span> <span class='ocrx_word' id='word_1_73' title='bbox 631 652 829 704; x_wconf 87' lang='lat' dir='ltr'><strong>accipere.</strong></span> <span class='ocrx_word' id='word_1_74' title='bbox 889 653 1010 703; x_wconf 90' lang='lat' dir='ltr'><strong>Quod</strong></span> <span class='ocrx_word' id='word_1_75' title='bbox 1041 660 1176 691; x_wconf 84' lang='lat' dir='ltr'><strong>tamen</strong></span> <span class='ocrx_word' id='word_1_76' title='bbox 1203 666 1285 691; x_wconf 92' lang='lat' dir='ltr'><strong>non</strong></span> <span class='ocrx_word' id='word_1_77' title='bbox 1315 661 1414 706; x_wconf 87' lang='lat' dir='ltr'><strong>puto</strong></span> <span class='ocrx_word' id='word_1_78' title='bbox 1443 653 1670 707; x_wconf 76' lang='lat' dir='ltr'><strong>procedere.</strong></span> 
     </span>
    </p>

    <p class='ocr_par' dir='ltr' id='par_1_3' title="bbox 306 704 1780 984">
     <span class='ocr_line' id='line_1_10' title="bbox 396 704 1778 762; baseline 0.002 -18"><span class='ocrx_word' id='word_1_79' title='bbox 396 705 494 760; x_wconf 73' lang='grc'><strong>437.</strong></span> <span class='ocrx_word' id='word_1_80' title='bbox 534 706 578 744; x_wconf 85' lang='grc' dir='ltr'><strong>Β.</strong></span> <span class='ocrx_word' id='word_1_81' title='bbox 619 720 678 745; x_wconf 80' lang='lat'><strong>10.</strong></span> <span class='ocrx_word' id='word_1_82' title='bbox 709 706 823 760; x_wconf 76' lang='lat'><strong>[75:3,</strong></span> <span class='ocrx_word' id='word_1_83' title='bbox 855 707 942 762; x_wconf 52' lang='lat' dir='ltr'><strong>ms]</strong></span> <span class='ocrx_word' id='word_1_84' title='bbox 975 704 1282 758; x_wconf 79' lang='grc' dir='ltr'><strong>σεκραιτικοὺς.</strong></span> <span class='ocrx_word' id='word_1_85' title='bbox 1339 709 1486 748; x_wconf 82' lang='lat' dir='ltr'>Clerici</span> <span class='ocrx_word' id='word_1_86' title='bbox 1506 709 1685 748; x_wconf 86' lang='lat' dir='ltr'><strong>secretici</strong></span> <span class='ocrx_word' id='word_1_87' title='bbox 1715 709 1778 747; x_wconf 89' lang='lat' dir='ltr'><strong>vi-</strong></span> 
     </span>
     <span class='ocr_line' id='line_1_11' title="bbox 306 759 1780 817; baseline 0.003 -20"><span class='ocrx_word' id='word_1_88' title='bbox 306 759 460 799; x_wconf 83' lang='lat' dir='ltr'><strong>dentur</strong></span> <span class='ocrx_word' id='word_1_89' title='bbox 499 761 606 814; x_wconf 86' lang='lat' dir='ltr'><strong>apud</strong></span> <span class='ocrx_word' id='word_1_90' title='bbox 633 763 809 801; x_wconf 85' lang='lat' dir='ltr'><strong>Graecos</strong></span> <span class='ocrx_word' id='word_1_91' title='bbox 851 764 971 803; x_wconf 76' lang='lat' dir='ltr'><strong>fuisse</strong></span> <span class='ocrx_word' id='word_1_92' title='bbox 1004 765 1074 817; x_wconf 85' lang='lat' dir='ltr'><strong>qui</strong></span> <span class='ocrx_word' id='word_1_93' title='bbox 1114 762 1303 802; x_wconf 85' lang='lat' dir='ltr'><strong>ecclesiae</strong></span> <span class='ocrx_word' id='word_1_94' title='bbox 1329 765 1495 803; x_wconf 83' lang='lat' dir='ltr'><strong>Latinae</strong></span> <span class='ocrx_word' id='word_1_95' title='bbox 1524 771 1616 804; x_wconf 84' lang='lat' dir='ltr'><strong>sunt</strong></span> <span class='ocrx_word' id='word_1_96' title='bbox 1644 764 1780 802; x_wconf 79' lang='lat' dir='ltr'><strong>clerici</strong></span> 
     </span>
     <span class='ocr_line' id='line_1_12' title="bbox 312 817 1776 871; baseline 0.003 -17"><span class='ocrx_word' id='word_1_97' title='bbox 312 817 553 867; x_wconf 80' lang='lat' dir='ltr'><strong>saeculares,</strong></span> <span class='ocrx_word' id='word_1_98' title='bbox 586 832 667 856; x_wconf 90' lang='lat' dir='ltr'><strong>non</strong></span> <span class='ocrx_word' id='word_1_99' title='bbox 689 819 935 868; x_wconf 75' lang='lat' dir='ltr'><strong>consecrat13</strong></span> <span class='ocrx_word' id='word_1_100' title='bbox 965 834 1003 858; x_wconf 91' lang='lat' dir='ltr'><strong>v.</strong></span> <span class='ocrx_word' id='word_1_101' title='bbox 1025 834 1066 871; x_wconf 87' lang='lat' dir='ltr'><strong>p.</strong></span> <span class='ocrx_word' id='word_1_102' title='bbox 1096 818 1191 870; x_wconf 83' lang='grc'><strong>440.</strong></span> <span class='ocrx_word' id='word_1_103' title='bbox 1224 818 1270 857; x_wconf 89' lang='lat' dir='ltr'><strong>C.</strong></span> <span class='ocrx_word' id='word_1_104' title='bbox 1304 819 1344 858; x_wconf 79' lang='lat'><strong>3.</strong></span> <span class='ocrx_word' id='word_1_105' title='bbox 1378 827 1417 858; x_wconf 87' lang='lat' dir='ltr'><strong>et</strong></span> <span class='ocrx_word' id='word_1_106' title='bbox 1437 819 1612 859; x_wconf 90' lang='lat' dir='ltr'><strong>officium</strong></span> <span class='ocrx_word' id='word_1_107' title='bbox 1634 833 1776 858; x_wconf 88' lang='lat' dir='ltr'><strong>eorum</strong></span> 
     </span>
     <span class='ocr_line' id='line_1_13' title="bbox 312 871 1774 927; baseline 0.003 -18"><span class='ocrx_word' id='word_1_108' title='bbox 312 871 462 921; x_wconf 79' lang='lat' dir='ltr'><strong>fuisse,</strong></span> <span class='ocrx_word' id='word_1_109' title='bbox 495 880 540 910; x_wconf 85' lang='lat' dir='ltr'><strong>ut</strong></span> <span class='ocrx_word' id='word_1_110' title='bbox 569 874 609 911; x_wconf 91' lang='lat' dir='ltr'><strong>in</strong></span> <span class='ocrx_word' id='word_1_111' title='bbox 639 874 802 913; x_wconf 85' lang='lat' dir='ltr'><strong>secretis</strong></span> <span class='ocrx_word' id='word_1_112' title='bbox 831 874 1085 927; x_wconf 79' lang='lat' dir='ltr'><strong>patriarchae</strong></span> <span class='ocrx_word' id='word_1_113' title='bbox 1137 888 1207 914; x_wconf 89' lang='lat' dir='ltr'><strong>seu</strong></span> <span class='ocrx_word' id='word_1_114' title='bbox 1245 874 1521 914; x_wconf 83' lang='lat' dir='ltr'><strong>tribunalibus</strong></span> <span class='ocrx_word' id='word_1_115' title='bbox 1564 875 1648 914; x_wconf 89' lang='lat' dir='ltr'><strong>eius</strong></span> <span class='ocrx_word' id='word_1_116' title='bbox 1707 874 1774 914; x_wconf 84' lang='lat' dir='ltr'><strong>vel</strong></span> 
     </span>
     <span class='ocr_line' id='line_1_14' title="bbox 313 927 1777 984; baseline 0.003 -20"><span class='ocrx_word' id='word_1_117' title='bbox 313 927 633 979; x_wconf 83' lang='lat' dir='ltr'>expeditionibus</span> <span class='ocrx_word' id='word_1_118' title='bbox 678 929 865 969; x_wconf 89' lang='lat' dir='ltr'><strong>sederent</strong></span> <span class='ocrx_word' id='word_1_119' title='bbox 911 937 951 970; x_wconf 87' lang='lat' dir='ltr'><strong>et</strong></span> <span class='ocrx_word' id='word_1_120' title='bbox 989 930 1108 982; x_wconf 83' lang='lat' dir='ltr'><strong>lites,</strong></span> <span class='ocrx_word' id='word_1_121' title='bbox 1161 930 1336 983; x_wconf 83' lang='lat' dir='ltr'><strong>negotia,</strong></span> <span class='ocrx_word' id='word_1_122' title='bbox 1366 931 1543 979; x_wconf 81' lang='lat' dir='ltr'><strong>reditus,</strong></span> <span class='ocrx_word' id='word_1_123' title='bbox 1587 943 1777 984; x_wconf 87' lang='lat' dir='ltr'><strong>expensas</strong></span> 
     </span>
    </p>
   </div>
   <div class='ocr_carea' id='block_1_3' title="bbox 308 983 1774 1094">
    <p class='ocr_par' dir='ltr' id='par_1_4' title="bbox 308 983 1774 1094">
     <span class='ocr_line' id='line_1_15' title="bbox 308 983 626 1022; baseline 0.006 -2"><span class='ocrx_word' id='word_1_124' title='bbox 308 983 394 1021; x_wconf 86' lang='lat' dir='ltr'><strong>eius</strong></span> <span class='ocrx_word' id='word_1_125' title='bbox 424 990 626 1022; x_wconf 87' lang='lat' dir='ltr'><strong>curarent.</strong></span> 
     </span>
     <span class='ocr_line' id='line_1_16' title="bbox 422 1034 1774 1094; baseline 0.004 -19"><span class='ocrx_word' id='word_1_126' title='bbox 422 1037 469 1075; x_wconf 91' lang='lat' dir='ltr'><strong>C.</strong></span> <span class='ocrx_word' id='word_1_127' title='bbox 506 1051 547 1077; x_wconf 84' lang='lat'><strong>2.</strong></span> <span class='ocrx_word' id='word_1_128' title='bbox 579 1037 693 1090; x_wconf 86' lang='lat'><strong>[755‚</strong></span> <span class='ocrx_word' id='word_1_129' title='bbox 721 1038 802 1094; x_wconf 88' lang='lat'><strong>15.]</strong></span> <span class='ocrx_word' id='word_1_130' title='bbox 834 1034 1050 1078; x_wconf 76' lang='grc' dir='ltr'><strong>του).ὃι’ων.</strong></span> <span class='ocrx_word' id='word_1_131' title='bbox 1119 1037 1180 1077; x_wconf 88' lang='lat' dir='ltr'><strong>lta</strong></span> <span class='ocrx_word' id='word_1_132' title='bbox 1202 1038 1392 1079; x_wconf 86' lang='lat' dir='ltr'><strong>librarius</strong></span> <span class='ocrx_word' id='word_1_133' title='bbox 1411 1039 1602 1093; x_wconf 84' lang='lat' dir='ltr'><strong>dederat3</strong></span> <span class='ocrx_word' id='word_1_134' title='bbox 1631 1038 1774 1094; x_wconf 89' lang='lat' dir='ltr'><strong>procul</strong></span> 
     </span>
    </p>
   </div>
   <div class='ocr_carea' id='block_1_4' title="bbox 293 1090 1771 2472">
    <p class='ocr_par' dir='ltr' id='par_1_5' title="bbox 310 1090 1128 1147">
     <span class='ocr_line' id='line_1_17' title="bbox 310 1090 1128 1147; baseline 0.002 -17"><span class='ocrx_word' id='word_1_135' title='bbox 310 1090 435 1131; x_wconf 91' lang='lat' dir='ltr'><strong>dubio</strong></span> <span class='ocrx_word' id='word_1_136' title='bbox 468 1107 541 1145; x_wconf 89' lang='lat' dir='ltr'><strong>per</strong></span> <span class='ocrx_word' id='word_1_137' title='bbox 569 1108 747 1133; x_wconf 89' lang='lat' dir='ltr'><strong>errorem</strong></span> <span class='ocrx_word' id='word_1_138' title='bbox 767 1123 778 1144; x_wconf 91' lang='lat'><strong><em>‚</em></strong></span> <span class='ocrx_word' id='word_1_139' title='bbox 810 1108 883 1147; x_wconf 89' lang='lat' dir='ltr'><strong>pro</strong></span> <span class='ocrx_word' id='word_1_140' title='bbox 914 1090 1128 1133; x_wconf 71' lang='grc' dir='ltr'><strong>δουλκίων.</strong></span> 
     </span>
    </p>

    <p class='ocr_par' dir='ltr' id='par_1_6' title="bbox 299 1147 1771 2141">
     <span class='ocr_line' id='line_1_18' title="bbox 421 1147 1771 1203; baseline 0.001 -16"><span class='ocrx_word' id='word_1_141' title='bbox 421 1147 466 1188; x_wconf 88' lang='lat' dir='ltr'><strong>C.</strong></span> <span class='ocrx_word' id='word_1_142' title='bbox 495 1148 538 1187; x_wconf 87' lang='lat'><strong>6.</strong></span> <span class='ocrx_word' id='word_1_143' title='bbox 571 1148 686 1202; x_wconf 85' lang='lat'><strong>[755‚</strong></span> <span class='ocrx_word' id='word_1_144' title='bbox 715 1148 796 1203; x_wconf 87' lang='lat'><strong>18.]</strong></span> <span class='ocrx_word' id='word_1_145' title='bbox 838 1149 1095 1201; x_wconf 85' lang='grc' dir='ltr'><em>συφραγιόυ.</em></span> <span class='ocrx_word' id='word_1_146' title='bbox 1151 1149 1212 1189; x_wconf 86' lang='lat' dir='ltr'><strong>Ita</strong></span> <span class='ocrx_word' id='word_1_147' title='bbox 1241 1156 1299 1190; x_wconf 82' lang='lat' dir='ltr'><strong>est</strong></span> <span class='ocrx_word' id='word_1_148' title='bbox 1326 1149 1366 1188; x_wconf 88' lang='lat' dir='ltr'><strong>in</strong></span> <span class='ocrx_word' id='word_1_149' title='bbox 1396 1149 1654 1192; x_wconf 77' lang='lat' dir='ltr'><strong>membranis.</strong></span> <span class='ocrx_word' id='word_1_150' title='bbox 1710 1149 1771 1189; x_wconf 92' lang='lat' dir='ltr'><strong>A-</strong></span> 
     </span>
     <span class='ocr_line' id='line_1_19' title="bbox 307 1198 1771 1257; baseline 0.003 -17"><span class='ocrx_word' id='word_1_151' title='bbox 307 1198 563 1256; x_wconf 80' lang='lat' dir='ltr'><strong>pographum</strong></span> <span class='ocrx_word' id='word_1_152' title='bbox 593 1204 715 1243; x_wconf 86' lang='lat' dir='ltr'><strong>dabat</strong></span> <span class='ocrx_word' id='word_1_153' title='bbox 735 1201 973 1257; x_wconf 81' lang='grc' dir='ltr'><em>σφραγιόυ,</em></span> <span class='ocrx_word' id='word_1_154' title='bbox 1004 1204 1240 1256; x_wconf 82' lang='lat' dir='ltr'><strong>consilioue,</strong></span> <span class='ocrx_word' id='word_1_155' title='bbox 1271 1221 1322 1245; x_wconf 88' lang='lat' dir='ltr'><strong>an</strong></span> <span class='ocrx_word' id='word_1_156' title='bbox 1351 1219 1445 1244; x_wconf 84' lang='lat' dir='ltr'><strong>casu</strong></span> <span class='ocrx_word' id='word_1_157' title='bbox 1473 1213 1513 1244; x_wconf 89' lang='lat' dir='ltr'><strong>et</strong></span> <span class='ocrx_word' id='word_1_158' title='bbox 1543 1219 1678 1244; x_wconf 88' lang='lat' dir='ltr'><strong>errore</strong></span> <span class='ocrx_word' id='word_1_159' title='bbox 1698 1205 1771 1245; x_wconf 86' lang='lat' dir='ltr'><strong>de-</strong></span> 
     </span>
     <span class='ocr_line' id='line_1_20' title="bbox 307 1256 1769 1314; baseline 0.002 -17"><span class='ocrx_word' id='word_1_160' title='bbox 307 1260 526 1311; x_wconf 80' lang='lat' dir='ltr'>scriptoris,</span> <span class='ocrx_word' id='word_1_161' title='bbox 558 1273 640 1298; x_wconf 90' lang='lat' dir='ltr'><strong>non</strong></span> <span class='ocrx_word' id='word_1_162' title='bbox 656 1260 839 1298; x_wconf 78' lang='lat' dir='ltr'>dixerim.</span> <span class='ocrx_word' id='word_1_163' title='bbox 899 1259 986 1297; x_wconf 87' lang='lat' dir='ltr'><strong>Non</strong></span> <span class='ocrx_word' id='word_1_164' title='bbox 1008 1267 1160 1299; x_wconf 86' lang='lat' dir='ltr'>careret</span> <span class='ocrx_word' id='word_1_165' title='bbox 1184 1263 1312 1314; x_wconf 86' lang='lat' dir='ltr'><strong>specie</strong></span> <span class='ocrx_word' id='word_1_166' title='bbox 1341 1258 1571 1314; x_wconf 79' lang='grc' dir='ltr'><em>σφραγώυ,</em></span> <span class='ocrx_word' id='word_1_167' title='bbox 1602 1261 1635 1300; x_wconf 91' lang='lat' dir='ltr'><strong>si</strong></span> <span class='ocrx_word' id='word_1_168' title='bbox 1666 1256 1769 1300; x_wconf 81' lang='grc' dir='ltr'><em>πάν-</em></span> 
     </span>
     <span class='ocr_line' id='line_1_21' title="bbox 301 1314 1767 1369; baseline 0.001 -17"><span class='ocrx_word' id='word_1_169' title='bbox 301 1327 391 1352; x_wconf 79' lang='grc' dir='ltr'><strong>των</strong></span> <span class='ocrx_word' id='word_1_170' title='bbox 428 1314 597 1353; x_wconf 84' lang='lat' dir='ltr'><strong>abesset.</strong></span> <span class='ocrx_word' id='word_1_171' title='bbox 667 1315 774 1353; x_wconf 87' lang='lat' dir='ltr'><strong>Nam</strong></span> <span class='ocrx_word' id='word_1_172' title='bbox 815 1314 927 1353; x_wconf 86' lang='lat' dir='ltr'><strong>datas</strong></span> <span class='ocrx_word' id='word_1_173' title='bbox 969 1314 1087 1354; x_wconf 85' lang='lat' dir='ltr'><strong>fuisse</strong></span> <span class='ocrx_word' id='word_1_174' title='bbox 1125 1316 1370 1369; x_wconf 81' lang='lat' dir='ltr'>pauperibus</span> <span class='ocrx_word' id='word_1_175' title='bbox 1408 1322 1448 1355; x_wconf 91' lang='lat' dir='ltr'><strong>et</strong></span> <span class='ocrx_word' id='word_1_176' title='bbox 1482 1315 1689 1355; x_wconf 87' lang='lat' dir='ltr'><strong>monachis</strong></span> <span class='ocrx_word' id='word_1_177' title='bbox 1716 1314 1767 1355; x_wconf 89' lang='lat' dir='ltr'><strong>ad</strong></span> 
     </span>
     <span class='ocr_line' id='line_1_22' title="bbox 305 1370 1768 1424; baseline 0.002 -18"><span class='ocrx_word' id='word_1_178' title='bbox 305 1382 441 1408; x_wconf 78' lang='lat' dir='ltr'><strong>sacras</strong></span> <span class='ocrx_word' id='word_1_179' title='bbox 469 1370 606 1422; x_wconf 86' lang='lat' dir='ltr'><strong>epulas</strong></span> <span class='ocrx_word' id='word_1_180' title='bbox 633 1370 891 1410; x_wconf 81' lang='lat' dir='ltr'><strong>admittendis</strong></span> <span class='ocrx_word' id='word_1_181' title='bbox 912 1377 1106 1421; x_wconf 84' lang='lat' dir='ltr'><strong>tesseras,</strong></span> <span class='ocrx_word' id='word_1_182' title='bbox 1137 1370 1388 1423; x_wconf 70' lang='grc' dir='ltr'><em>σφραγίδια,</em></span> <span class='ocrx_word' id='word_1_183' title='bbox 1424 1385 1547 1424; x_wconf 85' lang='lat' dir='ltr'><strong>supra</strong></span> <span class='ocrx_word' id='word_1_184' title='bbox 1583 1377 1768 1410; x_wconf 87' lang='lat' dir='ltr'><strong>notatum</strong></span> 
     </span>
     <span class='ocr_line' id='line_1_23' title="bbox 305 1423 1768 1480; baseline 0.002 -18"><span class='ocrx_word' id='word_1_185' title='bbox 305 1431 377 1467; x_wconf 83' lang='lat' dir='ltr'><strong>est.</strong></span> <span class='ocrx_word' id='word_1_186' title='bbox 434 1424 513 1464; x_wconf 88' lang='lat' dir='ltr'><strong>Sed</strong></span> <span class='ocrx_word' id='word_1_187' title='bbox 541 1425 772 1479; x_wconf 73' lang='grc' dir='ltr'><em>σφραγῖδες</em></span> <span class='ocrx_word' id='word_1_188' title='bbox 799 1433 839 1464; x_wconf 89' lang='lat' dir='ltr'><strong>et</strong></span> <span class='ocrx_word' id='word_1_189' title='bbox 868 1424 1100 1479; x_wconf 75' lang='grc' dir='ltr'><em>σφραγίδια</em></span> <span class='ocrx_word' id='word_1_190' title='bbox 1130 1426 1302 1473; x_wconf 81' lang='lat' dir='ltr'><strong>dicitur,</strong></span> <span class='ocrx_word' id='word_1_191' title='bbox 1351 1440 1431 1465; x_wconf 90' lang='lat' dir='ltr'><strong>non</strong></span> <span class='ocrx_word' id='word_1_192' title='bbox 1470 1423 1687 1480; x_wconf 75' lang='grc' dir='ltr'><em>σφραγία,</em></span> <span class='ocrx_word' id='word_1_193' title='bbox 1727 1433 1768 1465; x_wconf 82' lang='lat' dir='ltr'><strong>et</strong></span> 
     </span>
     <span class='ocr_line' id='line_1_24' title="bbox 304 1480 1768 1535; baseline 0.001 -17"><span class='ocrx_word' id='word_1_194' title='bbox 304 1487 511 1532; x_wconf 85' lang='lat' dir='ltr'><strong>praeterea</strong></span> <span class='ocrx_word' id='word_1_195' title='bbox 541 1481 779 1534; x_wconf 81' lang='grc' dir='ltr'><em>συφραγιόυ</em></span> <span class='ocrx_word' id='word_1_196' title='bbox 810 1480 1026 1533; x_wconf 83' lang='lat' dir='ltr'><strong>elegantius</strong></span> <span class='ocrx_word' id='word_1_197' title='bbox 1055 1482 1154 1533; x_wconf 90' lang='lat' dir='ltr'><strong>quid</strong></span> <span class='ocrx_word' id='word_1_198' title='bbox 1186 1482 1334 1531; x_wconf 87' lang='lat' dir='ltr'><strong>habet,</strong></span> <span class='ocrx_word' id='word_1_199' title='bbox 1369 1495 1491 1534; x_wconf 89' lang='lat' dir='ltr'><strong>quam</strong></span> <span class='ocrx_word' id='word_1_200' title='bbox 1518 1489 1564 1520; x_wconf 91' lang='lat' dir='ltr'><strong>ut</strong></span> <span class='ocrx_word' id='word_1_201' title='bbox 1590 1482 1768 1535; x_wconf 86' lang='lat' dir='ltr'><strong>potuerit</strong></span> 
     </span>
     <span class='ocr_line' id='line_1_25' title="bbox 306 1534 1766 1589; baseline 0.002 -17"><span class='ocrx_word' id='word_1_202' title='bbox 306 1549 329 1572; x_wconf 87' lang='lat' dir='ltr'><strong>a</strong></span> <span class='ocrx_word' id='word_1_203' title='bbox 371 1534 537 1574; x_wconf 86' lang='lat' dir='ltr'><strong>librario</strong></span> <span class='ocrx_word' id='word_1_204' title='bbox 578 1550 651 1589; x_wconf 91' lang='lat' dir='ltr'><strong>pro</strong></span> <span class='ocrx_word' id='word_1_205' title='bbox 689 1550 788 1576; x_wconf 89' lang='lat' dir='ltr'><strong>voce</strong></span> <span class='ocrx_word' id='word_1_206' title='bbox 819 1537 967 1575; x_wconf 86' lang='lat' dir='ltr'><strong>notiori</strong></span> <span class='ocrx_word' id='word_1_207' title='bbox 998 1536 1261 1576; x_wconf 87' lang='lat' dir='ltr'><strong>substitutum</strong></span> <span class='ocrx_word' id='word_1_208' title='bbox 1291 1538 1426 1575; x_wconf 86' lang='lat' dir='ltr'><strong>fuisse.</strong></span> <span class='ocrx_word' id='word_1_209' title='bbox 1485 1536 1592 1575; x_wconf 88' lang='lat' dir='ltr'><strong>Hinc</strong></span> <span class='ocrx_word' id='word_1_210' title='bbox 1624 1536 1766 1576; x_wconf 85' lang='lat' dir='ltr'><strong>excudi</strong></span> 
     </span>
     <span class='ocr_line' id='line_1_26' title="bbox 302 1588 1770 1644; baseline 0 -16"><span class='ocrx_word' id='word_1_211' title='bbox 302 1588 423 1637; x_wconf 85' lang='lat' dir='ltr'><strong>illud,</strong></span> <span class='ocrx_word' id='word_1_212' title='bbox 455 1591 565 1644; x_wconf 92' lang='lat' dir='ltr'><strong>quod</strong></span> <span class='ocrx_word' id='word_1_213' title='bbox 607 1593 648 1629; x_wconf 92' lang='lat' dir='ltr'><strong>in</strong></span> <span class='ocrx_word' id='word_1_214' title='bbox 678 1592 832 1630; x_wconf 84' lang='lat' dir='ltr'><strong>Latinis</strong></span> <span class='ocrx_word' id='word_1_215' title='bbox 875 1592 979 1631; x_wconf 91' lang='lat' dir='ltr'><strong>dedi.</strong></span> <span class='ocrx_word' id='word_1_216' title='bbox 1048 1592 1152 1632; x_wconf 88' lang='lat' dir='ltr'><strong>Sane</strong></span> <span class='ocrx_word' id='word_1_217' title='bbox 1181 1589 1443 1644; x_wconf 76' lang='grc' dir='ltr'><em>σουφριὶγιον</em></span> <span class='ocrx_word' id='word_1_218' title='bbox 1470 1598 1509 1630; x_wconf 90' lang='lat' dir='ltr'><strong>et</strong></span> <span class='ocrx_word' id='word_1_219' title='bbox 1535 1589 1770 1644; x_wconf 80' lang='grc' dir='ltr'><em>σοφράγιον</em></span> 
     </span>
     <span class='ocr_line' id='line_1_27' title="bbox 303 1641 1768 1700; baseline 0.001 -17"><span class='ocrx_word' id='word_1_220' title='bbox 303 1645 346 1683; x_wconf 85' lang='lat' dir='ltr'><strong>iu</strong></span> <span class='ocrx_word' id='word_1_221' title='bbox 375 1646 525 1685; x_wconf 89' lang='lat' dir='ltr'><strong>Glossis</strong></span> <span class='ocrx_word' id='word_1_222' title='bbox 544 1646 718 1685; x_wconf 88' lang='lat' dir='ltr'><strong>Nomicis</strong></span> <span class='ocrx_word' id='word_1_223' title='bbox 755 1647 937 1686; x_wconf 78' lang='lat' dir='ltr'><strong>redditur</strong></span> <span class='ocrx_word' id='word_1_224' title='bbox 965 1642 1227 1700; x_wconf 67' lang='grc' dir='ltr'><em>ἀποστροφὴ,</em></span> <span class='ocrx_word' id='word_1_225' title='bbox 1255 1648 1448 1699; x_wconf 62' lang='grc' dir='ltr'><strong>νςίὶιςίιιηι</strong></span> <span class='ocrx_word' id='word_1_226' title='bbox 1465 1675 1476 1696; x_wconf 90' lang='grc'>,</span> <span class='ocrx_word' id='word_1_227' title='bbox 1506 1653 1545 1686; x_wconf 84' lang='lat' dir='ltr'><strong>et</strong></span> <span class='ocrx_word' id='word_1_228' title='bbox 1572 1641 1768 1699; x_wconf 74' lang='grc' dir='ltr'><strong>βοήθεια.</strong></span> 
     </span>
     <span class='ocr_line' id='line_1_28' title="bbox 300 1701 1767 1756; baseline 0.001 -18"><span class='ocrx_word' id='word_1_229' title='bbox 300 1701 441 1750; x_wconf 87' lang='lat' dir='ltr'><strong>Quam</strong></span> <span class='ocrx_word' id='word_1_230' title='bbox 471 1701 655 1743; x_wconf 88' lang='lat' dir='ltr'><strong>Glossam</strong></span> <span class='ocrx_word' id='word_1_231' title='bbox 686 1703 841 1756; x_wconf 84' lang='lat' dir='ltr'><strong>egregie</strong></span> <span class='ocrx_word' id='word_1_232' title='bbox 869 1701 1041 1742; x_wconf 86' lang='lat' dir='ltr'><strong>illustrat</strong></span> <span class='ocrx_word' id='word_1_233' title='bbox 1069 1709 1108 1740; x_wconf 89' lang='lat' dir='ltr'><strong>et</strong></span> <span class='ocrx_word' id='word_1_234' title='bbox 1137 1702 1188 1740; x_wconf 86' lang='lat' dir='ltr'><strong>ab</strong></span> <span class='ocrx_word' id='word_1_235' title='bbox 1217 1703 1304 1754; x_wconf 88' lang='lat' dir='ltr'><strong>ipsa</strong></span> <span class='ocrx_word' id='word_1_236' title='bbox 1332 1703 1506 1740; x_wconf 88' lang='lat' dir='ltr'><strong>vicissim</strong></span> <span class='ocrx_word' id='word_1_237' title='bbox 1544 1701 1664 1740; x_wconf 88' lang='lat' dir='ltr'><strong>fidem</strong></span> <span class='ocrx_word' id='word_1_238' title='bbox 1690 1715 1767 1740; x_wconf 86' lang='lat' dir='ltr'><strong>au-</strong></span> 
     </span>
     <span class='ocr_line' id='line_1_29' title="bbox 303 1755 1757 1811; baseline 0 -17"><span class='ocrx_word' id='word_1_239' title='bbox 303 1759 611 1810; x_wconf 86' lang='lat' dir='ltr'><strong>ctoritatemque</strong></span> <span class='ocrx_word' id='word_1_240' title='bbox 640 1758 784 1810; x_wconf 84' lang='lat' dir='ltr'><strong>accipit</strong></span> <span class='ocrx_word' id='word_1_241' title='bbox 812 1757 923 1797; x_wconf 92' lang='lat' dir='ltr'><strong>locus</strong></span> <span class='ocrx_word' id='word_1_242' title='bbox 951 1758 1152 1811; x_wconf 86' lang='lat' dir='ltr'><strong>Spartiani</strong></span> <span class='ocrx_word' id='word_1_243' title='bbox 1179 1759 1220 1795; x_wconf 89' lang='lat' dir='ltr'><strong>in</strong></span> <span class='ocrx_word' id='word_1_244' title='bbox 1251 1757 1473 1795; x_wconf 83' lang='lat' dir='ltr'><strong>Pescennio</strong></span> <span class='ocrx_word' id='word_1_245' title='bbox 1497 1755 1620 1810; x_wconf 83' lang='lat' dir='ltr'><strong>Nigro</strong></span> <span class='ocrx_word' id='word_1_246' title='bbox 1648 1756 1701 1795; x_wconf 86' lang='lat' dir='ltr'><strong>T.</strong></span> <span class='ocrx_word' id='word_1_247' title='bbox 1722 1757 1757 1795; x_wconf 92' lang='lat'><strong>1.</strong></span> 
     </span>
     <span class='ocr_line' id='line_1_30' title="bbox 302 1811 1763 1868; baseline -0.002 -16"><span class='ocrx_word' id='word_1_248' title='bbox 302 1825 344 1862; x_wconf 85' lang='lat' dir='ltr'><strong>p.</strong></span> <span class='ocrx_word' id='word_1_249' title='bbox 377 1811 502 1866; x_wconf 81' lang='lat'><strong>672.:</strong></span> <span class='ocrx_word' id='word_1_250' title='bbox 535 1826 605 1851; x_wconf 87' lang='lat' dir='ltr'><strong>nec</strong></span> <span class='ocrx_word' id='word_1_251' title='bbox 635 1813 712 1850; x_wconf 85' lang='lat' dir='ltr'><strong>sibi</strong></span> <span class='ocrx_word' id='word_1_252' title='bbox 742 1827 913 1868; x_wconf 79' lang='lat' dir='ltr'><strong>unquam</strong></span> <span class='ocrx_word' id='word_1_253' title='bbox 946 1814 1013 1852; x_wconf 84' lang='lat' dir='ltr'><strong>vel</strong></span> <span class='ocrx_word' id='word_1_254' title='bbox 1036 1822 1173 1851; x_wconf 83' lang='lat' dir='ltr'><strong>contra</strong></span> <span class='ocrx_word' id='word_1_255' title='bbox 1211 1813 1331 1850; x_wconf 83' lang='lat' dir='ltr'><strong>solem</strong></span> <span class='ocrx_word' id='word_1_256' title='bbox 1348 1840 1359 1860; x_wconf 89' lang='lat'>‚</span> <span class='ocrx_word' id='word_1_257' title='bbox 1408 1812 1476 1850; x_wconf 79' lang='lat' dir='ltr'><strong>vel</strong></span> <span class='ocrx_word' id='word_1_258' title='bbox 1511 1820 1646 1851; x_wconf 83' lang='lat' dir='ltr'><strong>contra</strong></span> <span class='ocrx_word' id='word_1_259' title='bbox 1684 1812 1763 1850; x_wconf 87' lang='lat' dir='ltr'><strong>im-</strong></span> 
     </span>
     <span class='ocr_line' id='line_1_31' title="bbox 299 1866 1761 1922; baseline 0.001 -19"><span class='ocrx_word' id='word_1_260' title='bbox 299 1867 384 1904; x_wconf 76' lang='lat' dir='ltr'><strong>bres</strong></span> <span class='ocrx_word' id='word_1_261' title='bbox 399 1869 594 1922; x_wconf 78' lang='lat' dir='ltr'><strong>quaesivit</strong></span> <span class='ocrx_word' id='word_1_262' title='bbox 603 1869 694 1906; x_wconf 78' lang='lat' dir='ltr'><strong>tecti</strong></span> <span class='ocrx_word' id='word_1_263' title='bbox 707 1868 938 1922; x_wconf 62' lang='lat' dir='ltr'><strong>szgffragium</strong></span> <span class='ocrx_word' id='word_1_264' title='bbox 955 1898 969 1914; x_wconf 91' lang='lat'><em>,</em></span> <span class='ocrx_word' id='word_1_265' title='bbox 1000 1867 1071 1906; x_wconf 90' lang='lat' dir='ltr'><strong>ubi</strong></span> <span class='ocrx_word' id='word_1_266' title='bbox 1106 1867 1269 1906; x_wconf 88' lang='lat' dir='ltr'><strong>Ulricus</strong></span> <span class='ocrx_word' id='word_1_267' title='bbox 1299 1867 1530 1906; x_wconf 86' lang='lat' dir='ltr'><strong>Obrechtus</strong></span> <span class='ocrx_word' id='word_1_268' title='bbox 1571 1880 1654 1905; x_wconf 84' lang='lat' dir='ltr'><strong>non</strong></span> <span class='ocrx_word' id='word_1_269' title='bbox 1679 1866 1761 1904; x_wconf 83' lang='lat' dir='ltr'><strong>im-</strong></span> 
     </span>
     <span class='ocr_line' id='line_1_32' title="bbox 300 1922 1762 1978; baseline 0.001 -19"><span class='ocrx_word' id='word_1_270' title='bbox 300 1922 565 1973; x_wconf 80' lang='lat' dir='ltr'><strong>probabiliter</strong></span> <span class='ocrx_word' id='word_1_271' title='bbox 593 1923 756 1975; x_wconf 85' lang='lat' dir='ltr'><strong>quidem</strong></span> <span class='ocrx_word' id='word_1_272' title='bbox 786 1924 994 1978; x_wconf 59' lang='lat' dir='ltr'><strong>szglfitgz&#39;tan</strong></span> <span class='ocrx_word' id='word_1_273' title='bbox 1022 1924 1208 1968; x_wconf 79' lang='lat' dir='ltr'><strong>coniicit,</strong></span> <span class='ocrx_word' id='word_1_274' title='bbox 1254 1922 1476 1961; x_wconf 88' lang='lat' dir='ltr'><strong>audiendus</strong></span> <span class='ocrx_word' id='word_1_275' title='bbox 1513 1929 1648 1961; x_wconf 82' lang='lat' dir='ltr'><strong>tamen</strong></span> <span class='ocrx_word' id='word_1_276' title='bbox 1678 1936 1762 1960; x_wconf 88' lang='lat' dir='ltr'><strong>non</strong></span> 
     </span>
     <span class='ocr_line' id='line_1_33' title="bbox 303 1977 1761 2031; baseline 0.001 -17"><span class='ocrx_word' id='word_1_277' title='bbox 303 1984 374 2019; x_wconf 83' lang='lat' dir='ltr'><strong>est.</strong></span> <span class='ocrx_word' id='word_1_278' title='bbox 432 1978 501 2016; x_wconf 89' lang='lat' dir='ltr'><strong>Du</strong></span> <span class='ocrx_word' id='word_1_279' title='bbox 531 1979 666 2031; x_wconf 86' lang='lat' dir='ltr'><strong>Gange</strong></span> <span class='ocrx_word' id='word_1_280' title='bbox 694 1979 735 2016; x_wconf 86' lang='lat' dir='ltr'><strong>in</strong></span> <span class='ocrx_word' id='word_1_281' title='bbox 765 1978 898 2020; x_wconf 88' lang='lat' dir='ltr'><strong>Gloss.</strong></span> <span class='ocrx_word' id='word_1_282' title='bbox 922 1980 1012 2017; x_wconf 85' lang='lat' dir='ltr'><strong>Lat.</strong></span> <span class='ocrx_word' id='word_1_283' title='bbox 1042 1993 1081 2016; x_wconf 90' lang='lat' dir='ltr'><strong>v.</strong></span> <span class='ocrx_word' id='word_1_284' title='bbox 1113 1977 1358 2030; x_wconf 72' lang='lat' dir='ltr'><strong>Suffiugizmz</strong></span> <span class='ocrx_word' id='word_1_285' title='bbox 1388 1977 1566 2030; x_wconf 91' lang='lat' dir='ltr'><strong>exempla</strong></span> <span class='ocrx_word' id='word_1_286' title='bbox 1594 1990 1761 2030; x_wconf 91' lang='lat' dir='ltr'><strong>conges-</strong></span> 
     </span>
     <span class='ocr_line' id='line_1_34' title="bbox 300 2032 1764 2088; baseline 0 -18"><span class='ocrx_word' id='word_1_287' title='bbox 300 2032 377 2082; x_wconf 88' lang='lat' dir='ltr'><strong>sit,</strong></span> <span class='ocrx_word' id='word_1_288' title='bbox 408 2033 450 2070; x_wconf 90' lang='lat' dir='ltr'><strong>in</strong></span> <span class='ocrx_word' id='word_1_289' title='bbox 477 2033 624 2086; x_wconf 87' lang='lat' dir='ltr'><strong>quibus</strong></span> <span class='ocrx_word' id='word_1_290' title='bbox 654 2033 752 2073; x_wconf 88' lang='lat' dir='ltr'><strong>haec</strong></span> <span class='ocrx_word' id='word_1_291' title='bbox 780 2048 856 2073; x_wconf 90' lang='lat' dir='ltr'><strong>vox</strong></span> <span class='ocrx_word' id='word_1_292' title='bbox 879 2034 1182 2088; x_wconf 78' lang='lat' dir='ltr'><strong>praestationem</strong></span> <span class='ocrx_word' id='word_1_293' title='bbox 1211 2047 1386 2082; x_wconf 85' lang='lat' dir='ltr'><strong>omnem,</strong></span> <span class='ocrx_word' id='word_1_294' title='bbox 1422 2033 1648 2081; x_wconf 61' lang='lat' dir='ltr'><strong>aza-ilium,</strong></span> <span class='ocrx_word' id='word_1_295' title='bbox 1681 2032 1764 2070; x_wconf 80' lang='lat' dir='ltr'><strong>ali-</strong></span> 
     </span>
     <span class='ocr_line' id='line_1_35' title="bbox 299 2089 1465 2141; baseline 0 -15"><span class='ocrx_word' id='word_1_296' title='bbox 299 2089 578 2127; x_wconf 83' lang='lat' dir='ltr'><strong>mentationem</strong></span> <span class='ocrx_word' id='word_1_297' title='bbox 606 2094 644 2127; x_wconf 86' lang='lat' dir='ltr'><strong>et</strong></span> <span class='ocrx_word' id='word_1_298' title='bbox 670 2091 980 2129; x_wconf 77' lang='lat' dir='ltr'><strong>sustentationem</strong></span> <span class='ocrx_word' id='word_1_299' title='bbox 1009 2095 1145 2128; x_wconf 86' lang='lat' dir='ltr'><strong>notat:</strong></span> <span class='ocrx_word' id='word_1_300' title='bbox 1178 2102 1259 2141; x_wconf 92' lang='lat' dir='ltr'><strong>quo</strong></span> <span class='ocrx_word' id='word_1_301' title='bbox 1287 2089 1465 2127; x_wconf 89' lang='lat' dir='ltr'><strong>remitto.</strong></span> 
     </span>
    </p>

    <p class='ocr_par' dir='ltr' id='par_1_7' title="bbox 295 2139 1758 2306">
     <span class='ocr_line' id='line_1_36' title="bbox 413 2139 1757 2197; baseline -0.001 -16"><span class='ocrx_word' id='word_1_302' title='bbox 413 2143 460 2181; x_wconf 90' lang='lat' dir='ltr'><strong>C.</strong></span> <span class='ocrx_word' id='word_1_303' title='bbox 499 2157 559 2182; x_wconf 86' lang='lat'><strong>10.</strong></span> <span class='ocrx_word' id='word_1_304' title='bbox 593 2142 712 2197; x_wconf 82' lang='lat'>[756‚</span> <span class='ocrx_word' id='word_1_305' title='bbox 740 2142 792 2197; x_wconf 78' lang='grc'><strong>1.]</strong></span> <span class='ocrx_word' id='word_1_306' title='bbox 822 2139 1001 2183; x_wconf 78' lang='grc' dir='ltr'><strong>ἅπαντα.</strong></span> <span class='ocrx_word' id='word_1_307' title='bbox 1059 2145 1118 2182; x_wconf 87' lang='lat' dir='ltr'><strong>Ita</strong></span> <span class='ocrx_word' id='word_1_308' title='bbox 1140 2151 1200 2182; x_wconf 88' lang='lat' dir='ltr'><strong>est</strong></span> <span class='ocrx_word' id='word_1_309' title='bbox 1231 2145 1273 2182; x_wconf 89' lang='lat' dir='ltr'><strong>in</strong></span> <span class='ocrx_word' id='word_1_310' title='bbox 1299 2143 1570 2192; x_wconf 87' lang='lat' dir='ltr'><strong>membranis,</strong></span> <span class='ocrx_word' id='word_1_311' title='bbox 1601 2148 1640 2181; x_wconf 81' lang='lat' dir='ltr'><strong>et</strong></span> <span class='ocrx_word' id='word_1_312' title='bbox 1656 2156 1757 2195; x_wconf 88' lang='lat' dir='ltr'><strong>pau-</strong></span> 
     </span>
     <span class='ocr_line' id='line_1_37' title="bbox 297 2193 1758 2253; baseline 0 -17"><span class='ocrx_word' id='word_1_313' title='bbox 297 2195 338 2236; x_wconf 92' lang='lat' dir='ltr'><strong>lo</strong></span> <span class='ocrx_word' id='word_1_314' title='bbox 378 2204 469 2250; x_wconf 81' lang='lat' dir='ltr'><strong>post</strong></span> <span class='ocrx_word' id='word_1_315' title='bbox 508 2195 582 2237; x_wconf 81' lang='grc' dir='ltr'><em>καί</em></span> <span class='ocrx_word' id='word_1_316' title='bbox 621 2196 832 2251; x_wconf 76' lang='grc' dir='ltr'><strong>ὀρφανῶν.</strong></span> <span class='ocrx_word' id='word_1_317' title='bbox 901 2198 980 2238; x_wconf 90' lang='lat' dir='ltr'><strong>Sed</strong></span> <span class='ocrx_word' id='word_1_318' title='bbox 1017 2213 1091 2253; x_wconf 87' lang='lat' dir='ltr'><strong>pro</strong></span> <span class='ocrx_word' id='word_1_319' title='bbox 1130 2198 1200 2238; x_wconf 89' lang='lat' dir='ltr'><strong>illo</strong></span> <span class='ocrx_word' id='word_1_320' title='bbox 1235 2198 1311 2252; x_wconf 84' lang='lat' dir='ltr'><strong>legi</strong></span> <span class='ocrx_word' id='word_1_321' title='bbox 1341 2199 1459 2237; x_wconf 88' lang='lat' dir='ltr'><strong>debet</strong></span> <span class='ocrx_word' id='word_1_322' title='bbox 1497 2193 1690 2237; x_wconf 79' lang='grc' dir='ltr'><em>ἁπάντων</em></span> <span class='ocrx_word' id='word_1_323' title='bbox 1716 2203 1758 2237; x_wconf 81' lang='lat' dir='ltr'><strong>et</strong></span> 
     </span>
     <span class='ocr_line' id='line_1_38' title="bbox 295 2250 835 2306; baseline 0.004 -15"><span class='ocrx_word' id='word_1_324' title='bbox 295 2266 373 2306; x_wconf 85' lang='lat' dir='ltr'><strong>pro</strong></span> <span class='ocrx_word' id='word_1_325' title='bbox 405 2253 482 2292; x_wconf 88' lang='lat' dir='ltr'><strong>hoc</strong></span> <span class='ocrx_word' id='word_1_326' title='bbox 510 2250 591 2292; x_wconf 71' lang='lat' dir='ltr'><strong>miv</strong></span> <span class='ocrx_word' id='word_1_327' title='bbox 621 2252 835 2306; x_wconf 80' lang='grc' dir='ltr'><em>ὀρφανῶν.</em></span> 
     </span>
    </p>

    <p class='ocr_par' dir='ltr' id='par_1_8' title="bbox 293 2303 1759 2472">
     <span class='ocr_line' id='line_1_39' title="bbox 378 2303 1755 2363; baseline -0.001 -16"><span class='ocrx_word' id='word_1_328' title='bbox 378 2306 474 2359; x_wconf 84' lang='grc'><strong>458.</strong></span> <span class='ocrx_word' id='word_1_329' title='bbox 506 2307 558 2347; x_wconf 91' lang='lat' dir='ltr'><strong>A.</strong></span> <span class='ocrx_word' id='word_1_330' title='bbox 590 2308 666 2347; x_wconf 88' lang='lat' dir='ltr'><strong>ult.</strong></span> <span class='ocrx_word' id='word_1_331' title='bbox 698 2308 811 2363; x_wconf 80' lang='lat'><strong>[757‚</strong></span> <span class='ocrx_word' id='word_1_332' title='bbox 835 2315 889 2359; x_wconf 91' lang='lat'><strong>1.]</strong></span> <span class='ocrx_word' id='word_1_333' title='bbox 921 2310 1004 2349; x_wconf 78' lang='grc' dir='ltr'><strong>τῶν</strong></span> <span class='ocrx_word' id='word_1_334' title='bbox 1032 2308 1075 2356; x_wconf 73' lang='grc' dir='ltr'><strong>ἓξ</strong></span> <span class='ocrx_word' id='word_1_335' title='bbox 1106 2303 1330 2360; x_wconf 69' lang='grc' dir='ltr'><strong>ἑκατέρων.</strong></span> <span class='ocrx_word' id='word_1_336' title='bbox 1402 2308 1464 2347; x_wconf 81' lang='lat' dir='ltr'><strong>Ita</strong></span> <span class='ocrx_word' id='word_1_337' title='bbox 1491 2314 1599 2347; x_wconf 83' lang='lat' dir='ltr'><strong>recte</strong></span> <span class='ocrx_word' id='word_1_338' title='bbox 1626 2320 1755 2346; x_wconf 87' lang='lat' dir='ltr'><strong>mem-</strong></span> 
     </span>
     <span class='ocr_line' id='line_1_40' title="bbox 295 2360 1755 2417; baseline -0.001 -16"><span class='ocrx_word' id='word_1_339' title='bbox 295 2361 461 2402; x_wconf 85' lang='lat' dir='ltr'><strong>branae.</strong></span> <span class='ocrx_word' id='word_1_340' title='bbox 536 2363 828 2417; x_wconf 86' lang='lat' dir='ltr'><strong>Apographum</strong></span> <span class='ocrx_word' id='word_1_341' title='bbox 866 2365 988 2404; x_wconf 85' lang='lat' dir='ltr'><strong>dabat</strong></span> <span class='ocrx_word' id='word_1_342' title='bbox 1023 2363 1106 2403; x_wconf 74' lang='grc' dir='ltr'><strong>τῶν</strong></span> <span class='ocrx_word' id='word_1_343' title='bbox 1134 2363 1178 2413; x_wconf 77' lang='grc' dir='ltr'><strong>ἐξ</strong></span> <span class='ocrx_word' id='word_1_344' title='bbox 1232 2363 1494 2417; x_wconf 80' lang='grc' dir='ltr'><strong>ἀμφοτέρων.</strong></span> <span class='ocrx_word' id='word_1_345' title='bbox 1548 2360 1755 2401; x_wconf 81' lang='lat' dir='ltr'><strong>Particula</strong></span> 
     </span>
     <span class='ocr_line' id='line_1_41' title="bbox 293 2414 1759 2472; baseline -0.002 -15"><span class='ocrx_word' id='word_1_346' title='bbox 293 2418 339 2465; x_wconf 76' lang='grc' dir='ltr'><strong>ἐξ</strong></span> <span class='ocrx_word' id='word_1_347' title='bbox 374 2418 440 2457; x_wconf 86' lang='lat' dir='ltr'><strong>vel</strong></span> <span class='ocrx_word' id='word_1_348' title='bbox 479 2414 551 2457; x_wconf 74' lang='grc' dir='ltr'><strong>ἐπὶ</strong></span> <span class='ocrx_word' id='word_1_349' title='bbox 586 2433 667 2458; x_wconf 89' lang='lat' dir='ltr'><strong>non</strong></span> <span class='ocrx_word' id='word_1_350' title='bbox 703 2428 880 2469; x_wconf 77' lang='lat' dir='ltr'><strong>noceret,</strong></span> <span class='ocrx_word' id='word_1_351' title='bbox 915 2420 947 2459; x_wconf 92' lang='lat' dir='ltr'><strong>si</strong></span> <span class='ocrx_word' id='word_1_352' title='bbox 979 2419 1146 2459; x_wconf 80' lang='lat' dir='ltr'><strong>adesset.</strong></span> <span class='ocrx_word' id='word_1_353' title='bbox 1207 2419 1286 2458; x_wconf 88' lang='lat' dir='ltr'><strong>Sed</strong></span> <span class='ocrx_word' id='word_1_354' title='bbox 1320 2419 1458 2457; x_wconf 86' lang='lat' dir='ltr'><strong>abesse</strong></span> <span class='ocrx_word' id='word_1_355' title='bbox 1482 2431 1643 2472; x_wconf 89' lang='lat' dir='ltr'><strong>quoque</strong></span> <span class='ocrx_word' id='word_1_356' title='bbox 1669 2419 1759 2455; x_wconf 82' lang='lat' dir='ltr'><strong>sine</strong></span> 
     </span>
    </p>
   </div>
   <div class='ocr_carea' id='block_1_5' title="bbox 293 2472 1753 2584">
    <p class='ocr_par' dir='ltr' id='par_1_9' title="bbox 293 2472 1753 2584">
     <span class='ocr_line' id='line_1_42' title="bbox 293 2472 1214 2527; baseline 0.003 -16"><span class='ocrx_word' id='word_1_357' title='bbox 293 2472 441 2512; x_wconf 89' lang='lat' dir='ltr'><strong>damno</strong></span> <span class='ocrx_word' id='word_1_358' title='bbox 471 2481 617 2526; x_wconf 86' lang='lat' dir='ltr'><strong>potest.</strong></span> <span class='ocrx_word' id='word_1_359' title='bbox 675 2474 873 2515; x_wconf 85' lang='lat' dir='ltr'><strong>Numerus</strong></span> <span class='ocrx_word' id='word_1_360' title='bbox 899 2475 1034 2514; x_wconf 88' lang='lat' dir='ltr'><strong>abesse</strong></span> <span class='ocrx_word' id='word_1_361' title='bbox 1062 2475 1214 2527; x_wconf 82' lang='lat' dir='ltr'><strong>nequit.</strong></span> 
     </span>
     <span class='ocr_line' id='line_1_43' title="bbox 399 2525 1753 2584; baseline -0.003 -16"><span class='ocrx_word' id='word_1_362' title='bbox 399 2529 446 2571; x_wconf 91' lang='lat' dir='ltr'><strong>B.</strong></span> <span class='ocrx_word' id='word_1_363' title='bbox 479 2530 516 2570; x_wconf 77' lang='lat'><strong>5.</strong></span> <span class='ocrx_word' id='word_1_364' title='bbox 549 2528 665 2584; x_wconf 83' lang='lat'><strong>[757‚</strong></span> <span class='ocrx_word' id='word_1_365' title='bbox 687 2529 752 2583; x_wconf 82' lang='grc'><strong>4.]</strong></span> <span class='ocrx_word' id='word_1_366' title='bbox 783 2528 955 2569; x_wconf 82' lang='grc' dir='ltr'><em>αἴνεσιν.</em></span> <span class='ocrx_word' id='word_1_367' title='bbox 1012 2530 1154 2568; x_wconf 87' lang='lat' dir='ltr'><strong>Graeci</strong></span> <span class='ocrx_word' id='word_1_368' title='bbox 1194 2526 1340 2575; x_wconf 81' lang='grc' dir='ltr'><em>αἶ’νους</em></span> <span class='ocrx_word' id='word_1_369' title='bbox 1372 2526 1578 2581; x_wconf 88' lang='lat' dir='ltr'><strong>appellant</strong></span> <span class='ocrx_word' id='word_1_370' title='bbox 1615 2525 1753 2564; x_wconf 80' lang='lat' dir='ltr'><strong>laudes</strong></span> 
     </span>
    </p>
   </div>
   <div class='ocr_carea' id='block_1_6' title="bbox 290 2581 1796 2641">
    <p class='ocr_par' dir='ltr' id='par_1_10' title="bbox 290 2581 1796 2641">
     <span class='ocr_line' id='line_1_44' title="bbox 290 2581 1796 2641; baseline -0.001 -22"><span class='ocrx_word' id='word_1_371' title='bbox 290 2581 357 2619; x_wconf 77' lang='lat' dir='ltr'><strong>dei</strong></span> <span class='ocrx_word' id='word_1_372' title='bbox 371 2612 382 2628; x_wconf 84' lang='lat'>‚</span> <span class='ocrx_word' id='word_1_373' title='bbox 412 2585 606 2636; x_wconf 79' lang='lat' dir='ltr'><strong>psalmos-</strong></span> <span class='ocrx_word' id='word_1_374' title='bbox 671 2585 776 2623; x_wconf 84' lang='lat' dir='ltr'><strong>Hinc</strong></span> <span class='ocrx_word' id='word_1_375' title='bbox 806 2581 962 2631; x_wconf 82' lang='grc' dir='ltr'><em>αἴνεσις</em></span> <span class='ocrx_word' id='word_1_376' title='bbox 991 2585 1167 2624; x_wconf 77' lang='lat' dir='ltr'><strong>laudatio</strong></span> <span class='ocrx_word' id='word_1_377' title='bbox 1193 2585 1260 2623; x_wconf 79' lang='lat' dir='ltr'><strong>dei</strong></span> <span class='ocrx_word' id='word_1_378' title='bbox 1279 2599 1357 2639; x_wconf 83' lang='lat' dir='ltr'><strong>per</strong></span> <span class='ocrx_word' id='word_1_379' title='bbox 1382 2586 1544 2635; x_wconf 80' lang='lat' dir='ltr'><strong>hymnos</strong></span> <span class='ocrx_word' id='word_1_380' title='bbox 1551 2596 1568 2626; x_wconf 91' lang='lat'><em>;</em></span> <span class='ocrx_word' id='word_1_381' title='bbox 1610 2595 1651 2624; x_wconf 90' lang='lat' dir='ltr'><strong>v.</strong></span> <span class='ocrx_word' id='word_1_382' title='bbox 1681 2581 1750 2619; x_wconf 87' lang='lat' dir='ltr'><strong>Du</strong></span> <span class='ocrx_word' id='word_1_383' title='bbox 1793 2639 1796 2641; x_wconf 15' lang='grc' dir='ltr'><strong>Δ</strong></span> 
     </span>
    </p>
   </div>
   <div class='ocr_carea' id='block_1_7' title="bbox 287 2635 1750 2803">
    <p class='ocr_par' dir='ltr' id='par_1_11' title="bbox 287 2635 1750 2803">
     <span class='ocr_line' id='line_1_45' title="bbox 289 2635 677 2692; baseline 0.021 -19"><span class='ocrx_word' id='word_1_384' title='bbox 289 2635 423 2689; x_wconf 83' lang='lat' dir='ltr'><strong>Gange</strong></span> <span class='ocrx_word' id='word_1_385' title='bbox 450 2652 488 2678; x_wconf 78' lang='lat' dir='ltr'><strong>v.</strong></span> <span class='ocrx_word' id='word_1_386' title='bbox 516 2639 677 2692; x_wconf 80' lang='lat' dir='ltr'><strong>Alogia.</strong></span> 
     </span>
     <span class='ocr_line' id='line_1_46' title="bbox 295 2689 1748 2749; baseline -0.002 -18"><span class='ocrx_word' id='word_1_387' title='bbox 295 2702 303 2707; x_wconf 78' lang='grc'><em>“</em></span> <span class='ocrx_word' id='word_1_388' title='bbox 397 2692 442 2729; x_wconf 78' lang='grc' dir='ltr'><strong>Β.</strong></span> <span class='ocrx_word' id='word_1_389' title='bbox 472 2692 513 2743; x_wconf 90' lang='grc'><strong>4.</strong></span> <span class='ocrx_word' id='word_1_390' title='bbox 541 2693 659 2749; x_wconf 69' lang='grc' dir='ltr'><strong>[75ι],</strong></span> <span class='ocrx_word' id='word_1_391' title='bbox 683 2693 742 2748; x_wconf 81' lang='grc'><strong>5.]</strong></span> <span class='ocrx_word' id='word_1_392' title='bbox 772 2694 958 2745; x_wconf 80' lang='grc' dir='ltr'><strong>χειλέων.</strong></span> <span class='ocrx_word' id='word_1_393' title='bbox 1016 2696 1155 2746; x_wconf 90' lang='lat' dir='ltr'><strong>Quum</strong></span> <span class='ocrx_word' id='word_1_394' title='bbox 1184 2699 1374 2747; x_wconf 82' lang='lat' dir='ltr'><strong>sequatur</strong></span> <span class='ocrx_word' id='word_1_395' title='bbox 1406 2689 1748 2742; x_wconf 72' lang='grc' dir='ltr'><em>ἐξυφανθεῖσαν,</em></span> 
     </span>
     <span class='ocr_line' id='line_1_47' title="bbox 287 2745 1750 2803; baseline 0.001 -19"><span class='ocrx_word' id='word_1_396' title='bbox 287 2751 328 2784; x_wconf 83' lang='lat' dir='ltr'><strong>et</strong></span> <span class='ocrx_word' id='word_1_397' title='bbox 361 2759 491 2785; x_wconf 86' lang='lat' dir='ltr'><strong>sermo</strong></span> <span class='ocrx_word' id='word_1_398' title='bbox 529 2747 595 2787; x_wconf 87' lang='lat' dir='ltr'><strong>hic</strong></span> <span class='ocrx_word' id='word_1_399' title='bbox 634 2764 717 2788; x_wconf 85' lang='lat' dir='ltr'><strong>non</strong></span> <span class='ocrx_word' id='word_1_400' title='bbox 757 2750 808 2789; x_wconf 86' lang='lat' dir='ltr'><strong>sit</strong></span> <span class='ocrx_word' id='word_1_401' title='bbox 845 2750 896 2789; x_wconf 90' lang='lat' dir='ltr'><strong>de</strong></span> <span class='ocrx_word' id='word_1_402' title='bbox 934 2757 1054 2791; x_wconf 87' lang='lat' dir='ltr'><strong>cantu</strong></span> <span class='ocrx_word' id='word_1_403' title='bbox 1082 2749 1344 2803; x_wconf 75' lang='lat' dir='ltr'><strong>Imperatoris</strong></span> <span class='ocrx_word' id='word_1_404' title='bbox 1373 2747 1548 2798; x_wconf 83' lang='lat' dir='ltr'><strong>Leonis,</strong></span> <span class='ocrx_word' id='word_1_405' title='bbox 1594 2745 1664 2785; x_wconf 87' lang='lat' dir='ltr'><strong>sed</strong></span> <span class='ocrx_word' id='word_1_406' title='bbox 1696 2745 1750 2786; x_wconf 81' lang='lat' dir='ltr'><strong>de</strong></span> 
     </span>
    </p>
   </div>
  </div>
 </body>
</html>
