1832 3126
143 186 219 231 An
257 186 556 231 CONSTANT.
593 187 790 229 Pomm.
832 187 905 228 m:
945 185 1126 230 cmm.
1164 187 1263 230 Lm.
1305 190 1339 230 1.
1397 170 1496 226 181

67 304 141 346 que
159 304 238 349 per·
270 291 374 329 vices
409 289 661 339 ὂεηεᾰίεαηες
701 295 782 327 tum
803 287 1010 328 secundum
1032 288 1211 328 ordinem
1238 290 1464 330 consideant
1479 314 1499 322 -

60 354 153 400 post
172 346 418 398 resectionem
443 346 630 396 hymnum
656 344 810 382 domini
838 344 1020 398 exemplo
1056 343 1205 382 dicant.

175 401 231 440 D.
251 397 515 454 9.[79,14.]
547 394 801 452 αἰμοφόριον.
853 397 955 437 Erat
984 398 1264 451 omophorium
1300 405 1503 453 gestamen

67 455 384 508 patriarcharum
426 461 466 493 et
502 454 777 506 episcoporum
794 481 807 503 ,
846 451 968 505 pallio
983 481 995 502 ‚
1029 453 1138 506 quod
1176 453 1297 492 hodie
1331 454 1504 494 Romani

67 510 274 563 pontifices
300 508 490 563 episcopis
516 509 682 548 mittunt
696 537 707 554 ‚
745 505 898 557 simile3
927 508 1164 560 signumque
1188 507 1417 562 dignitatis;
1455 517 1504 549 ut

68 560 117 603 τὸ
153 562 391 618 ω’μοφόριον
428 560 661 603 ἐπιδιδόναι
698 568 797 600 esset
834 561 942 600 idem
978 569 1098 615 atque
1123 563 1400 603 Patriarcham
1438 564 1502 605 vel

65 617 199 658 saltim
235 619 464 674 episcopum
505 615 706 655 declarare
746 623 866 669 atque
905 618 1117 664 investire,
1166 624 1206 656 et
1243 623 1501 671 περιαιρεῖν,

67 673 244 714 adimere
285 671 564 725 omophorium
580 700 592 721 ,
639 671 744 710 idem
779 678 900 724 atque
937 685 1143 711 removere
1186 671 1376 712 cathedra
1416 675 1503 727 epi·

65 728 230 782 scopali.
295 726 506 780 Nicephor.
550 725 664 766 Patr.
700 726 854 765 CPtan.
892 726 1012 766 Brev.
1051 740 1144 793 pag.
1175 727 1263 781 95.:
1320 726 1503 780 Pyrrhus

27 821 32 824 .
64 780 294 848 patriarcha
334 777 380 822 τὸ
423 778 704 834 περικείμενον
750 779 863 836 αύτῷ
913 779 1155 835 ω’μοφοριον
1197 780 1401 834 περιελών
1451 783 1503 837 τῇ

66 837 163 892 ιερᾷ
173 831 414 877 &normam
434 833 631 890 τραπέζῃ,
649 832 800 888 φήσας·
828 834 900 887 τῆς
910 831 1126 888 ἱεροσύνης
1140 831 1200 889 μὴ
1215 834 1501 889 ἀφιστάμενος

65 889 360 943 ἄποτάσσομαι
386 890 473 945 λαῷ
502 887 684 928 ἀπειθεῖ.
738 891 871 929 Latini
902 889 979 930 hoc
1004 892 1179 930 orarium
1219 890 1500 944 appellabant3

66 953 108 986 et
133 948 308 986 orarium
335 945 458 985 alicui
489 945 624 984 tollere
654 958 728 998 pro
745 947 972 999 episcopatu
997 944 1210 998 depellere.
1267 946 1502 987 Anastasius

65 1002 110 1041 in
135 1001 303 1042 SilverIO
317 1016 330 1041 ε
384 1000 556 1039 Ioannes
582 1000 836 1040 subdiaconus
875 1001 964 1039 tulit
980 1002 1153 1064 pallium
1186 1001 1236 1040 de
1270 1003 1371 1042 collo
1402 1004 1498 1042 eius.

65 1055 189 1096 Recte
215 1057 271 1096 ait
293 1056 344 1096 de
365 1056 466 1095 oollo
491 1056 587 1094 εἰιιε.
643 1054 743 1094 Nam
761 1084 774 1105 ,
818 1061 865 1094 ut
898 1069 944 1094 ex
978 1055 1216 1109 imaginibus
1246 1057 1501 1111 perspicuum

61 1118 122 1151 est
136 1141 149 1164 ,
177 1111 356 1151 ambibat
390 1109 540 1150 collum
567 1109 619 1149 ab
645 1110 776 1149 antica
810 1117 850 1149 et
879 1110 1031 1163 postica
1061 1110 1226 1164 paulum
1259 1111 1514 1152 descendens*

65 1180 187 1220 super
205 1174 341 1221 pectus
354 1195 368 1216 ,
409 1179 455 1204 ex
476 1165 651 1204 humeris
672 1167 715 1204 in
744 1165 936 1218 angulum
959 1172 1122 1205 acutum
1153 1180 1419 1220 convergens,
1461 1175 1502 1208 et

66 1221 124 1261 sic
151 1235 313 1276 quoque
342 1235 367 1260 a
387 1227 516 1274 tergo.
574 1220 750 1271 Quidam
777 1220 848 1259 tali
872 1220 1024 1259 formae
1056 1220 1158 1260 nihil
1186 1221 1414 1273 addebant,
1454 1231 1502 1263 ut

67 1275 206 1316 videre
247 1284 306 1316 est
338 1277 382 1315 in
411 1275 649 1328 imaginibus
685 1275 728 1314 S.
761 1274 936 1322 Nicolai‚
987 1275 1260 1329 Chrysostomi
1297 1284 1336 1316 et
1366 1277 1501 1318 Basilii

67 1343 92 1370 a
119 1331 176 1371 ud
206 1332 275 1370 Du
301 1330 434 1384 Cange
462 1330 547 1369 tab.
578 1330 652 1368 IX.
677 1337 771 1369 ante
806 1330 961 1369 dissert.
999 1330 1050 1370 de
1086 1333 1218 1370 numis
1244 1332 1499 1384 Byzantinis,

66 1345 135 1425 alii
163 1385 363 1426 addebant
403 1386 554 1424 taenias
590 1385 777 1424 deorsum
810 1385 861 1424 ad
900 1385 1021 1439 pedes
1049 1385 1174 1425 ferme
1204 1386 1471 1439 dependentes
1489 1417 1502 1436 ,

66 1447 181 1480 natas
209 1455 231 1480 e
260 1440 394 1480 tabliis
420 1454 491 1479 seu
516 1439 606 1479 latis
635 1439 758 1479 clavis
778 1439 970 1479 laicorum
987 1469 999 1491 ,
1028 1447 1074 1478 ut
1100 1441 1236 1479 videre
1260 1449 1318 1480 est
1337 1456 1380 1495 p.
1408 1441 1500 1482 166.

66 1495 220 1535 Menol.
250 1494 369 1534 Basil.
399 1494 452 1532 T.
478 1495 514 1533 Ι.
571 1494 763 1547 Insignis,
809 1495 878 1533 sed
905 1493 995 1534 luce
1019 1495 1229 1534 donandus
1246 1525 1258 1545 ,
1301 1503 1360 1535 est
1394 1497 1500 1534 eius-

66 1548 159 1590 dem
192 1549 391 1589 Anastasii
417 1547 527 1587 locus
554 1548 595 1587 in
623 1548 827 1601 Stephano
855 1549 957 1587 1V.:
989 1549 1137 1588 Itencm
1158 1551 1363 1603 praefatus
1395 1551 1499 1588 Con-

64 1606 253 1644 stantinus
286 1604 345 1643 ad
369 1603 539 1643 medium
563 1603 729 1653 allatus,
772 1603 951 1657 lectisque
987 1605 1257 1643 sacratissimis
1291 1605 1500 1645 canonibus

64 1660 124 1698 ita
146 1659 340 1713 depositus
373 1666 443 1697 est.
499 1657 696 1698 Accedens
731 1659 836 1696 enim
860 1658 1092 1696 Maurianus
1130 1658 1383 1698 subdiaconus
1407 1673 1499 1699 ora-

66 1715 168 1754 rium
194 1714 245 1754 de
274 1714 375 1754 collo
404 1714 485 1752 eius
511 1713 670 1751 abstulit
677 1726 692 1760 ;
727 1721 765 1750 et
791 1722 880 1750 ante
900 1712 1021 1768 pedes
1044 1714 1232 1767 proiecit,
1277 1723 1315 1752 et
1339 1728 1499 1768 compa-

63 1782 130 1822 ges
151 1769 232 1808 εἰω-
261 1768 439 1807 abscidit.
494 1766 549 1806 At
574 1781 771 1820 quaenam
794 1773 909 1807 erant
929 1768 1049 1806 orarii
1077 1782 1284 1820 compages
1297 1772 1315 1807 ’.Ρ
1371 1769 1501 1808 Erant

65 1822 161 1863 illae
185 1837 350 1874 cruces,
379 1836 483 1875 quae
514 1823 554 1861 in
579 1823 707 1861 citatis
732 1821 799 1861 Du
830 1822 994 1874 Cangfi,
1038 1822 1258 1875 Menologii
1282 1823 1497 1874 Basiliani,

66 1878 281 1918 Muratorii
311 1879 364 1917 T.
399 1877 456 1916 11.
487 1877 575 1917 Ser.
605 1878 701 1917 Rer.
730 1875 818 1915 Ital.
851 1891 892 1929 p.
923 1878 990 1931 75.
1020 1876 1106 1915 tab.
1135 1891 1175 1917 2.
1207 1876 1372 1931 aliisque
1407 1892 1500 1919 ora-

28 1966 31 1970 .
67 1933 219 1971 riorum
246 1931 311 1972 vel
334 1931 661 1985 omophoriorum
697 1931 937 1984 imaginibus
966 1933 1282 1984 conspiciuntur.
1340 1932 1500 1973 Scilicet

66 1987 350 2040 omophorium
376 1988 535 2040 proprie
561 1994 619 2026 est
642 1993 682 2025 et
713 1993 798 2025 erat
830 1986 925 2026 olim
950 1987 1065 2024 initio
1099 1985 1264 2038 pallium
1296 1986 1467 2035 solidum
1483 2017 1496 2037 ‚

68 2039 346 2094 ιῖμφιζθοιλος,Δ
368 2049 500 2082 totum
537 2041 741 2082 hominem
772 2042 960 2081 amiciens
1001 2048 1040 2079 et
1068 2040 1305 2091 involvens,
1351 2041 1498 2081 nullibi

67 2103 207 2150 patens
220 2125 233 2147 ,
275 2097 351 2136 nisi
384 2111 464 2150 qua
494 2103 612 2150 caput
649 2103 689 2136 et
719 2095 868 2134 collum
907 2097 1112 2135 exseritur.
1173 2096 1386 2134 Gestamen
1421 2096 1498 2137 hoe

65 2152 230 2204 proprie
256 2152 529 2204 episcoporum
560 2157 646 2190 erat
673 2153 877 2190 extimum.
933 2151 988 2188 Et
1011 2157 1220 2203 propterea
1243 2151 1498 2203 maphorium

66 2219 226 2259 quoque
242 2235 254 2258 ,
282 2205 391 2259 quod
414 2213 597 2247 truncata
622 2213 662 2246 et
687 2205 852 2246 alterata
881 2206 1005 2243 nostri
1027 2204 1210 2244 vocabuli
1242 2212 1300 2243 est
1322 2219 1495 2257 pronun·

67 2261 211 2308 ciatio,
241 2259 408 2314 pallium
430 2261 648 2314 significat,
677 2259 794 2313 quale
822 2260 1008 2301 diximus.
1066 2260 1171 2312 Quia
1199 2273 1296 2299 vero
1321 2260 1412 2299 talis
1432 2275 1496 2299 ve-

67 2315 138 2354 stis
162 2315 418 2355 brachiorum
441 2329 559 2354 usum
585 2315 757 2355 liberum
779 2314 943 2364 adimit,
988 2321 1094 2354 certe
1119 2313 1234 2353 valde
1262 2317 1465 2368 restringit
1480 2345 1493 2365 ,

66 2381 226 2410 necesse
252 2371 412 2411 interim
433 2377 541 2421 erat,
569 2377 615 2411 ut
638 2370 764 2411 libera
792 2369 860 2409 illa
888 2369 1082 2408 haberent
1098 2398 1109 2419 ‚
1142 2369 1398 2420 regerebant,
1428 2369 1494 2411 vel

66 2423 312 2478 replicabant
333 2424 410 2464 hoc
434 2423 600 2478 pallium
625 2439 744 2478 super
758 2424 947 2465 humeros
962 2454 973 2471 ‚
1005 2425 1141 2476 ibique
1165 2423 1296 2463 fibulis
1319 2431 1388 2463 aut
1405 2439 1494 2463 acu-

64 2476 142 2521 bus
155 2507 169 2528 ‚
194 2486 264 2519 aut
287 2479 383 2519 loris
407 2479 472 2520 vel
497 2481 636 2520 taeniis
661 2480 785 2535 panni
816 2479 1161 2531 constringebant,
1194 2492 1247 2517 ne
1269 2493 1386 2533 super
1412 2479 1494 2518 hu-

66 2545 196 2573 meros
223 2533 422 2573 decideret
435 2564 448 2586 ,
477 2541 516 2574 et
544 2536 664 2574 sacris
688 2540 897 2587 operantes
924 2533 1120 2572 turbaret.
1178 2533 1286 2572 Fieri
1316 2547 1409 2587 ergo
1427 2533 1494 2572 ali·

69 2593 131 2626 ter
153 2601 236 2627 non
258 2596 414 2642 poterat
428 2618 440 2639 ‚
465 2589 562 2642 quin
574 2603 692 2643 super
706 2595 845 2642 pectus
861 2595 900 2627 et
917 2587 1081 2627 dorsum
1099 2587 1284 2628 deorsum
1300 2589 1492 2641 depende-

66 2647 133 2684 ret
148 2643 280 2691 vestis,
311 2645 351 2682 in
371 2643 548 2685 humeris
562 2651 746 2697 congesta
767 2650 807 2682 et
824 2649 1077 2695 coangustata
1094 2641 1245 2697 reliqua
1264 2643 1382 2682 mole.
1416 2643 1494 2681 Ha-

70 2694 178 2735 bitus
201 2696 291 2736 talis
317 2712 443 2751 quum
481 2700 613 2752 gravis
648 2706 687 2738 et
720 2697 993 2736 incommodus
1022 2704 1147 2747 esset,
1186 2697 1283 2736 abiit
1307 2698 1492 2750 deinceps

71 2749 114 2791 in
138 2749 431 2794 desuetudinem
445 2782 457 2806 ,
485 2760 713 2794 remanente
742 2751 886 2792 umbra
909 2759 949 2792 et
979 2751 1190 2792 simulacro
1221 2753 1304 2794 eius
1318 2782 1330 2806 ,
1358 2753 1490 2796 orario
