1884 3132
317 115 426 190 730
627 133 700 174 10.
744 134 848 176 1AC.
889 135 1084 176 Rfflsxn
1124 133 1503 177 COMMENTARu

316 236 571 276 hammedani
620 238 810 279 videntur
848 241 1066 293 accepisse,
1118 240 1188 293 qui
1229 241 1348 280 etiam
1377 254 1508 289 mares
1533 254 1623 282 suos
1649 244 1766 282 annis

318 292 637 333 adulescentibus
666 294 828 333 demum
845 296 1162 342 circumcidunt,
1195 297 1311 348 eique
1328 298 1432 334 actui
1460 297 1602 335 festum
1631 297 1763 336 solen-

318 350 409 386 nius
448 355 518 387 aut
570 350 914 390 circumcisionem
955 350 1026 389 filii
1068 351 1258 404 principis
1308 350 1611 404 praestolantur.
1678 352 1762 392 Ve-

318 418 409 442 rum
455 411 635 457 tempore
678 406 915 459 procedente
962 408 1082 444 etiam
1123 406 1295 445 ml'antes
1337 407 1525 459 baptizati
1572 407 1761 455 fuerunt,

320 461 439 497 citius
465 460 700 510 tardiusve,
731 469 854 514 prout
895 460 1052 500 luberet
1090 469 1160 500 aut
1198 475 1260 500 res
1299 461 1433 505 ferret.
1510 462 1757 515 Epiphania,

320 514 498 553 Heraclii
526 515 621 564 filia,
666 515 865 570 baptizata
903 517 977 555 fuit
1014 517 1079 555 die
1107 531 1130 555 a
1158 518 1366 556 nativitate
1393 516 1696 570 quadragesimo
1723 517 1766 556 in

319 570 417 608 aede
446 570 727 610 Blachernensi
753 587 764 623 3
813 587 854 611 v.
889 572 1127 626 Theophan.
1175 586 1216 624 p.
1247 574 1337 613 250.
1359 573 1412 610 D.
1480 571 1766 612 Constantinus

319 625 552 666 caballinus
581 628 731 680 pariter
762 627 831 666 diu
861 635 950 681 post
978 629 1226 667 nativitatem
1256 627 1332 665 fuit
1359 628 1399 665 in
1429 642 1572 681 magna
1600 627 1766 667 ecclesia

319 680 571 733 bapti7at1153
611 697 649 722 v.
689 682 796 721 idem
841 698 880 736 p.
908 684 1001 722 53).
1026 682 1079 721 A.
1136 682 1208 721 Ait
1237 684 1342 721 enim
1384 682 1437 721 ibi
1465 683 1730 736 Theophanes
1750 712 1763 734 ,

319 744 489 775 matrem
529 739 638 784 eius,
686 739 876 789 Mariam,
908 738 1133 777 interfuisse
1165 738 1364 790 baptismo
1392 745 1431 776 et
1458 738 1690 777 redeuntem
1717 752 1766 777 ex

319 792 482 831 ccclesia
509 794 696 847 sparsisse
724 808 871 833 munus
899 793 1109 832 consulare
1137 808 1160 832 a
1188 794 1230 831 S.
1266 793 1414 846 Sophia
1440 793 1532 832 inde
1556 807 1684 846 usque
1713 793 1766 833 ad

321 847 514 887 Chalcen.
594 849 726 888 Hodie
748 880 759 897 ,
805 851 883 888 nisi
927 856 1094 901 urgente
1139 849 1398 896 necessitate,
1429 862 1509 887 non
1539 848 1768 901 baptizatur

320 910 413 941 ante
455 904 560 943 diem
606 911 792 944 octavum
831 911 900 943 aut
929 905 1142 949 decimum,
1187 910 1287 942 teste
1315 904 1423 942 Petit
1449 903 1488 943 la
1517 904 1635 943 Croix
1665 904 1766 944 dans

321 957 441 997 l'Etat
466 960 626 1011 present
653 960 704 998 de
731 959 891 1013 l'Eglise
912 960 1096 1012 Grecque
1124 960 1172 997 L.
1198 959 1230 997 l.
1259 972 1294 997 c-
1321 958 1380 998 16.

432 1015 479 1052 Β.
509 1029 570 1053 11.
601 1014 710 1069 [62o,
736 1014 794 1069 7.]
826 1010 1062 1066 ἆναδόχων.
1123 1013 1375 1052 Patrium-mn
1403 1027 1473 1053 seu
1499 1015 1730 1066 gestantium
1748 1043 1763 1063 ‚

319 1076 365 1107 ut
382 1069 649 1122 loquebantur
672 1084 770 1109 aevo
800 1070 959 1119 medio3
989 1083 1029 1108 v.
1061 1069 1126 1108 Du
1148 1068 1281 1121 Gange
1309 1083 1350 1107 v.
1386 1069 1599 1108 Gestances.
1628 1065 1763 1109 ’Ava-

321 1120 425 1175 ιΪοχῆ
459 1131 517 1163 est
557 1124 779 1164 sublevatio
818 1140 863 1164 ex
909 1123 1029 1163 undis
1068 1125 1169 1163 sacri
1218 1123 1366 1163 lavacri
1398 1122 1462 1162 vel
1491 1123 1698 1176 baptismi,
1724 1131 1765 1164 et

320 1175 527 1230 ἀνάδοχος
572 1181 641 1233 qui
685 1195 822 1220 recens
860 1180 1107 1232 baptizatum
1153 1178 1336 1218 sublevat
1355 1209 1367 1230 ‚
1413 1177 1573 1218 attollit.
1629 1179 1762 1218 Latini

320 1236 556 1286 posteriores
585 1232 800 1287 αἰάὃυχῆν
829 1235 950 1274 talem
989 1236 1247 1288 acceptionem
1281 1233 1550 1288 appellabant.
1607 1234 1652 1272 In
1681 1242 1765 1274 vet.

319 1291 578 1342 inscriptione
607 1291 714 1344 apud
742 1291 900 1329 Corsin.
932 1289 983 1329 de
1001 1290 1116 1329 Notis
1145 1292 1335 1328 Graecor.
1367 1304 1406 1342 p.
1429 1290 1495 1340 54.
1527 1295 1586 1328 est
1613 1305 1667 1328 ex
1694 1290 1762 1329 die

319 1346 554 1400 acceptionis
584 1361 700 1393 suae,
732 1346 774 1384 id
802 1353 861 1385 est
887 1345 1076 1398 baptismi
1106 1345 1184 1393 sui,
1217 1360 1298 1399 quo
1328 1343 1646 1395 ἆναδεδεγμένοι
1672 1345 1762 1385 fue-

320 1408 416 1439 runt
444 1416 465 1440 e
493 1403 614 1440 sacris
640 1402 760 1440 undis
787 1401 839 1440 ab
867 1400 1143 1453 acceptoribus
1171 1402 1253 1440 suis
1273 1430 1284 1451 ,
1314 1400 1390 1439 nisi
1419 1400 1508 1454 quis
1538 1399 1650 1439 malit
1673 1414 1762 1440 eam

318 1470 459 1495 vocem
491 1456 541 1496 de
569 1459 798 1510 acceptione
844 1457 883 1495 in
921 1455 1127 1495 ecclesiam
1169 1455 1436 1509 interpretari.
1501 1455 1644 1494 Ricaut
1669 1454 1699 1494 l.
1729 1471 1765 1496 c.

318 1511 519 1564 perhibet,
552 1511 672 1551 hodie
698 1512 806 1566 apud
826 1513 999 1551 Graecos
1026 1526 1106 1550 non
1137 1511 1319 1550 adhiberi
1347 1511 1421 1550 nisi
1448 1524 1576 1549 unum
1608 1508 1764 1550 οἰνάδο-

316 1579 396 1617 χον
414 1582 483 1606 seu
498 1577 749 1622 compatrem.
819 1568 1075 1607 Contrarium
1104 1567 1201 1607 olim
1229 1567 1463 1614 obtinuisse,
1495 1580 1540 1605 ex
1569 1566 1646 1604 hoc
1673 1565 1764 1606 loco

322 1629 362 1660 et
390 1622 476 1661 aliis
507 1623 688 1676 pluribus
727 1623 899 1663 aliorum
927 1630 1097 1662 constat.
1154 1623 1310 1663 Morem
1340 1621 1452 1661 illum
1482 1621 1578 1660 olim
1607 1621 1728 1660 fuisse
1748 1652 1762 1673 ,

320 1685 366 1715 ut
383 1686 513 1731 patres
537 1678 679 1718 liberos
698 1693 790 1717 suos
821 1680 1080 1732 susciperent,
1110 1685 1218 1732 patet
1238 1675 1417 1730 exemplo
1435 1676 1567 1715 Caroli
1583 1677 1626 1715 M
1632 1705 1659 1724 .,
1691 1677 1762 1729 qui

320 1734 402 1786 ipse
445 1734 573 1772 silium
619 1749 738 1774 suum
765 1735 958 1788 Pipinum
999 1735 1196 1773 iuniorem
1234 1733 1283 1771 de
1310 1746 1422 1771 sacro
1451 1731 1559 1770 fonte
1585 1731 1760 1783 levavit,

320 1796 421 1827 teste
449 1790 585 1842 Sigon.
627 1790 677 1829 de
716 1804 828 1843 regn.
868 1790 1005 1829 Italiae
1035 1805 1076 1844 p.
1099 1803 1166 1842 91.
1194 1788 1288 1838 ult.;
1335 1787 1438 1828 conf.
1485 1802 1526 1840 p.
1550 1801 1618 1841 92.
1652 1786 1691 1838 4.
1722 1794 1763 1826 et

322 1844 513 1883 Chronic.
546 1845 741 1899 Ursperg.
772 1859 879 1884 anno
914 1843 1043 1896 1124„
1070 1845 1140 1883 ubi
1169 1851 1329 1883 vetatur
1345 1842 1411 1882 ille
1435 1857 1536 1882 mos.
1596 1841 1764 1881 Adscri—

322 1899 416 1938 bam
446 1900 568 1939 verba
593 1931 604 1952 ,
633 1915 725 1940 cum
761 1909 891 1939 totum
927 1900 1037 1939 hunc
1065 1900 1114 1939 de
1142 1899 1342 1952 baptismo
1370 1898 1503 1937 locum
1532 1897 1758 1937 illustrent:

319 1956 490 2007 z‘tgfcmtes
536 1971 621 1995 suos
660 1958 702 1995 in
746 1957 904 1996 sabbato
942 1966 1098 1995 sanctae
1146 1955 1322 1994 Paschae
1355 1964 1394 1993 et
1420 1953 1656 1992 Pentecosles
1673 1966 1763 1991 cum

321 2012 496 2049 camlclis
517 2022 556 2050 et
586 2026 715 2067 cappa
732 2043 742 2058 ,
793 2027 892 2067 quae
918 2011 1063 2050 dicitur·
1085 2011 1202 2050 vestis
1235 2009 1422 2056 candida,
1452 2018 1492 2048 et
1507 2009 1677 2063 patrinis
1695 2022 1764 2047 co-

321 2068 544 2106 micantibus
566 2068 624 2106 acl
640 2069 869 2121 baptismum
898 2067 1090 2119 deser-ang
1114 2088 1166 2096 ·—
1191 2080 1240 2104 ne
1260 2067 1376 2104 etiam
1393 2064 1524 2120 ‘filiosv
1537 2077 1624 2102 suos
1646 2073 1684 2102 ec
1694 2063 1762 2119 fi-

322 2122 399 2159 lias
426 2137 514 2160 suas
532 2123 588 2161 ad
609 2123 837 2177 baptismum
862 2131 1040 2173 teneant,
1084 2122 1154 2160 sed
1172 2122 1247 2159 sibi
1270 2122 1450 2176 patrinos
1473 2128 1677 2175 quaerant.
1705 2138 1761 2148 -—-

323 2176 439 2215 Conf.
468 2178 535 2216 Du
566 2178 696 2231 Gange
716 2178 846 2216 Gloss.
880 2179 953 2216 Gr.
986 2192 1026 2217 v.
1049 2171 1278 2227 Ἀνάὸοχος
1305 2183 1345 2214 et
1365 2177 1455 2214 Lat.
1486 2189 1529 2214 v.
1557 2173 1757 2212 Patritucs.

322 2232 523 2271 Videntur
559 2233 640 2272 fere
669 2234 811 2271 Graeci
849 2234 1113 2286 Imperatores
1150 2245 1233 2270 una
1277 2245 1370 2270 cum
1402 2229 1488 2269 aliis
1530 2228 1762 2282 proceribus

321 2288 402 2326 suis
441 2287 663 2327 liberorum
695 2302 865 2326 >suorum
914 2283 1112 2339 ἀνάδοχοι
1153 2288 1286 2326 fuisse.
1355 2286 1471 2325 Certe
1499 2283 1758 2336 susceptionis

321 2349 438 2382 testes
478 2344 653 2382 fuerunt.
716 2344 835 2396 Apud
863 2343 1151 2395 Theophanem
1195 2357 1236 2396 p.
1262 2340 1331 2383 65.
1352 2341 1406 2380 Α.
1427 2356 1467 2394 7.
1497 2339 1663 2392 legimus
1693 2338 1759 2375 Io-

322 2411 467 2436 annem
501 2399 830 2452 Chrysostomum
869 2406 914 2437 ut
941 2398 1208 2452 patriarcham
1235 2397 1358 2436 fuisse
1387 2393 1592 2444 ιίνάδοχον
1621 2391 1757 2430 Theo-

322 2453 421 2491 dosii
448 2454 629 2500 iunioris,
661 2454 731 2492 filii
761 2454 939 2492 Arcadii.
1002 2454 1113 2492 Idem
1141 2468 1184 2518 p.
1206 2451 1301 2492 335.
1323 2453 1368 2490 B.
1390 2451 1429 2492 6.
1459 2451 1528 2488 ait:
1559 2447 1758 2509 anstan-

322 2509 451 2546 tinum
494 2510 795 2563 Copronymum
841 2507 1084 2556 ἀνεδέξαντο
1114 2521 1152 2547 οι
1180 2507 1261 2547 τῶν
1286 2501 1478 2555 θεμάτων
1504 2514 1759 2555 προυχοντες

321 2562 394 2600 καί
419 2561 443 2614 ἦ
474 2561 712 2616 σύγκλητος.
790 2564 902 2602 Idem
943 2579 981 2616 p.
1001 2563 1098 2614 483.
1141 2565 1194 2602 D.
1227 2561 1530 2600 Constantinum
1560 2564 1760 2607 nostrum,

323 2616 467 2655 Leonis
497 2619 636 2667 filium,
661 2635 683 2658 a
701 2618 867 2658 Nicolao
893 2619 1118 2672 patriarcha
1146 2619 1210 2657 die
1237 2615 1486 2670 Epiphaniae
1512 2611 1757 2664 baptizatum

322 2669 438 2708 fuisse
457 2702 466 2717 ‚
509 2673 742 2723 δεξαμένων
771 2670 903 2712 αὐτὸν
931 2671 1204 2723 ’,ι-ι’λεξάιιδρου
1233 2668 1432 2722 βασιλέως
1464 2665 1646 2720 (patruus
1674 2668 1759 2706 eius

322 2725 355 2763 is
384 2728 486 2780 crat)
517 2726 588 2767 καί
614 2729 798 2780 Σαμωνᾶ
826 2728 1042 2781 πατρικίου
1074 2727 1145 2766 καί
1171 2725 1252 2765 τῶν
1278 2724 1324 2764 ἐν
1349 2722 1456 2763 τέλει
1485 2717 1662 2761 πάντων.
