1884 3132
306 137 416 212 398
616 155 687 197 10.
728 154 833 198 1Ac.
874 159 1068 200 Rmsxn
1106 157 1488 202 COMMENTARII·

307 261 448 300 ardere
476 260 575 315 ignis
604 263 794 316 coepisset
811 294 821 311 ‚
852 270 915 311 et,
947 271 993 302 ut
1021 264 1063 302 in
1091 263 1283 304 carbones
1308 263 1375 304 ille
1403 265 1587 315 abiisset,
1628 274 1742 322 tape-

306 317 413 355 tibus
450 316 491 355 id
532 318 829 367 insternebant‚
870 318 1017 372 quibus
1056 319 1173 373 pedes
1202 327 1241 358 et
1269 319 1446 358 medium
1474 334 1619 374 corpus
1646 323 1742 362 sub-

307 372 543 421 mittebant,
573 374 644 426 qui
665 381 802 426 tepore
832 374 910 413 frui
947 373 1110 413 vellent.
1168 375 1232 414 Sic
1255 376 1417 414 tennuri
1445 377 1586 415 structi
1622 385 1741 430 sunt,

303 427 450 480 quibus
472 426 591 466 hodie
612 442 704 467 usus
721 436 779 468 est
814 430 853 467 in
884 430 1061 480 oriente3
1104 430 1185 469 vid.
1208 429 1311 469 della
1335 430 1451 469 Valle
1478 430 1608 484 Epist.
1643 433 1739 472 ltin.

306 483 361 522 11.
390 497 451 537 17.
476 490 515 521 et
534 482 687 522 Olearii
709 485 789 523 Iter
815 485 963 524 Persic.
985 500 1025 538 p.
1049 500 1100 525 m.
1119 485 1213 537 415.
1247 493 1286 524 et
1309 485 1479 525 aliorum
1514 487 1738 528 itineraria.

304 539 360 577 Et
379 539 434 577 sic
461 552 621 591 quoque
644 541 783 578 structi
808 543 921 579 erant
940 548 1119 579 veterum
1151 539 1396 580 Graecorum
1429 537 1542 581 ἴπνοι
1565 542 1630 582 vel
1655 541 1743 582 κλιέε

306 594 437 645 βανοι.
495 593 612 633 Clare
648 595 690 633 id
718 602 827 648 patet
862 610 907 634 ex
938 595 1216 650 Aristophanis
1243 597 1387 650 Vespis
1419 611 1478 636 vs.
1515 595 1603 651 147.
1626 627 1638 648 ,
1671 597 1744 637 ubi

307 651 456 687 mentio
485 649 529 687 fit
564 648 709 701 τηλιάς
726 680 737 701 ‚
779 650 847 689 lati
871 651 1032 690 rotundi
1059 651 1265 706 operculi,
1294 651 1400 705 quod
1431 652 1485 706 τῇ
1511 647 1645 708 animm
1672 667 1743 692 seu

303 704 359 758 τῷ
395 700 499 760 ἴπνῳ
534 705 830 758 imponebatur.
889 707 1030 745 Posset
1065 708 1227 760 quidem
1262 708 1489 747 coniectura
1530 707 1638 758 fieri,
1667 704 1743 756 τὰς

304 754 466 805 κάπνας
493 767 676 799 veterum
707 762 955 800 Graecorum
976 762 1094 802 fuisse
1116 763 1159 800 in
1187 763 1307 801 istum
1336 762 1503 801 modum
1531 777 1740 816 compara-

303 821 363 852 tas
389 820 509 867 atque
529 816 660 855 medio
689 830 788 855 aevo
817 818 858 855 in
894 816 1008 855 Italia
1035 825 1148 857 erant
1195 817 1300 870 apud
1348 825 1484 871 gentes
1514 817 1743 858 barbaricas

301 869 361 908 illi
402 870 650 910 incubantes.
707 872 815 910 Tum
856 886 998 925 nempe
1031 874 1086 912 sic
1125 874 1254 925 ignem
1286 872 1461 912 alebant.
1518 873 1662 913 Mediis
1699 875 1742 913 in

301 924 467 963 aedibus
501 926 656 966 defossa
690 934 774 966 erat
813 927 1013 980 profunda
1050 928 1211 978 scrobS‚
1245 929 1286 967 in
1316 942 1395 981 qua
1426 927 1529 981 ignis
1563 928 1743 968 ardebat.

304 980 352 1018 In
394 987 499 1019 tecto
534 989 665 1020 autem
698 982 836 1020 relicta
867 990 952 1021 erat
982 985 1046 1022 isti
1082 983 1211 1022 scrobi
1254 983 1305 1022 ad
1337 984 1526 1023 verticem
1560 986 1743 1037 opposita

303 1035 477 1074 fenestra
493 1065 504 1085 ‚
525 1051 597 1089 per
619 1051 740 1090 quam
773 1038 905 1077 fumus
929 1038 1072 1077 exibat.
1130 1038 1213 1077 Ubi
1240 1036 1490 1091 deflagrasset
1511 1038 1612 1091 ignis
1628 1070 1639 1087 ‚
1666 1039 1743 1078 ob-

304 1090 452 1129 debant
490 1092 551 1130 isti
584 1093 779 1131 fenestrae
811 1093 948 1132 taliam
986 1093 1182 1146 ligneam,
1213 1101 1283 1132 aut
1322 1095 1440 1132 etiam
1469 1094 1574 1132 circa
1599 1107 1742 1148 vespe-

307 1160 415 1195 ram,
441 1147 604 1199 quando
624 1147 806 1186 homines
827 1163 850 1187 a
879 1149 1082 1188 laboribus
1103 1150 1256 1188 diurnis
1277 1155 1475 1188 cessarent
1499 1156 1538 1187 et
1561 1148 1743 1189 cubitum

301 1201 420 1240 irent.
478 1202 624 1253 Unde,
654 1203 992 1256 quemadmodum
1036 1205 1143 1259 apud
1181 1205 1354 1243 Graecos
1384 1218 1547 1258 vespera
1579 1203 1741 1259 stozilv-

301 1269 371 1302 τος
397 1256 624 1307 dicebatur,
651 1260 746 1312 quia
769 1259 892 1298 boves
917 1267 1050 1298 aratro
1071 1268 1158 1298 tum
1192 1259 1467 1298 liberabantur
1485 1289 1495 1308 ‚
1534 1259 1590 1298 sic
1621 1261 1740 1299 etiam

302 1312 435 1351 medio
455 1327 554 1352 aevo
581 1315 804 1367 ignitegium
828 1315 935 1353 idem
958 1315 1118 1354 valebat
1146 1322 1264 1367 atque
1294 1328 1480 1367 vespera3
1509 1320 1549 1353 et
1580 1313 1742 1367 quando

301 1367 346 1405 id
369 1367 594 1407 faciendum
615 1377 715 1408 esset
730 1398 742 1418 ‚
771 1370 1048 1423 ingruentibus
1070 1384 1210 1422 nempe
1234 1369 1409 1408 tenebris
1424 1399 1435 1420 ‚
1458 1370 1615 1423 signum
1631 1383 1742 1408 cam-

302 1436 409 1475 pana
441 1424 630 1475 dabatur,
660 1439 742 1478 quo
767 1424 1036 1464 monebantur
1050 1426 1230 1464 homines
1251 1425 1466 1478 tegendum
1493 1438 1576 1463 esse
1611 1424 1742 1478 ignem

304 1485 344 1517 et
363 1478 598 1530 fumarium,
625 1494 676 1519 ne
697 1495 769 1535 per
787 1481 971 1519 tenebras
999 1495 1102 1520 noxa
1132 1481 1242 1519 fieret
1261 1495 1283 1519 a
1309 1479 1500 1527 flammis,
1526 1486 1596 1518 aut
1620 1480 1742 1519 etiam

301 1547 354 1573 ne
385 1535 484 1573 fumi
520 1543 558 1574 et
588 1537 691 1588 ignis
722 1543 936 1590 conspectu
966 1535 1170 1575 allicerent
1202 1536 1308 1574 fures
1337 1543 1376 1574 et
1405 1535 1578 1574 latrones
1603 1537 1655 1588 (v.
1673 1536 1742 1574 Du

301 1589 438 1642 Cange
463 1604 505 1630 v.
525 1591 761 1644 Igm'tegium
780 1623 791 1640 ‚
819 1599 858 1630 et
889 1593 1087 1630 Murator.
1119 1592 1232 1634 Τ.ΙΙ.
1253 1591 1422 1644 Antiqu.
1438 1589 1526 1629 ltal.
1556 1604 1598 1643 p.
1617 1589 1742 1641 4180,

303 1645 428 1684 Unde
456 1647 648 1685 remansit
670 1647 777 1700 apud
802 1661 875 1686 nos
902 1647 969 1686 ille
995 1661 1080 1686 mos
1112 1646 1187 1685 sub
1218 1660 1425 1699 vesperam
1453 1659 1644 1698 campana
1674 1659 1742 1684 so-

301 1701 440 1739 nandi.
495 1702 537 1740 Si
563 1704 652 1754 quis
674 1717 719 1741 ex
750 1702 827 1741 hoc
850 1717 961 1741 more
987 1701 1121 1740 locum
1140 1701 1417 1755 Aristophanis
1443 1714 1637 1753 exponere
1654 1714 1741 1739 ma-

301 1754 351 1794 lit
371 1785 383 1802 ,
406 1756 508 1795 nihil
535 1757 698 1810 quidem
727 1757 856 1796 habeo
884 1757 992 1811 quod
1015 1772 1241 1811 opponam:
1273 1764 1312 1796 et
1334 1764 1430 1810 puto
1452 1755 1629 1808 profecto
1646 1769 1741 1808 pae-

301 1824 373 1851 nes
405 1810 636 1851 incultiores
682 1814 872 1852 Graeciae
910 1820 1070 1866 gentes,
1109 1814 1202 1852 item
1235 1812 1341 1865 apud
1380 1813 1601 1850 rusticanos
1633 1809 1742 1849 hunc

301 1866 404 1920 ignis
417 1867 549 1906 alendi
567 1871 720 1906 morem
735 1869 969 1907 obtinuisse.
1000 1868 1054 1907 At
1079 1870 1119 1906 in
1143 1867 1313 1906 Athenis
1333 1867 1601 1905 cummaxime
1622 1864 1740 1904 cultis

300 1928 386 1960 tam
402 1923 544 1961 rudem
562 1923 602 1961 in
616 1924 780 1962 modum
804 1924 924 1962 fuisse
935 1931 1103 1962 structas
1126 1923 1254 1970 aedes,
1270 1930 1316 1961 ut
1334 1936 1405 1975 per
1419 1916 1567 1959 medias
1586 1926 1742 1974 pateret

301 1976 451 2030 pluviis
490 1978 680 2017 illabendi
715 1987 753 2017 et
782 1979 892 2017 fumo
913 1979 1082 2017 exeundi
1111 1978 1297 2027 fenestra,
1318 1991 1397 2029 qua
1415 1978 1547 2014 omnia
1562 1975 1744 2014 sordida-

302 2041 442 2071 rentur
459 2041 498 2072 et
512 2041 883 2086 conspurcarentur‚
895 2041 933 2071 et
952 2035 1113 2072 ruinosa
1133 2033 1287 2083 fierent,
1310 2033 1375 2071 vix
1387 2031 1485 2070 mihi
1502 2030 1740 2084 persuadeo.

303 2088 436 2127 Multo
452 2088 669 2142 elegantior
687 2096 726 2127 et
747 2088 992 2127 commodior
1015 2087 1083 2126 illa
1097 2088 1219 2126 altera
1239 2089 1342 2126 ratio
1358 2094 1643 2138 ,tennurorum
1663 2099 1739 2138 pu·-

302 2149 358 2182 ta.
379 2143 445 2182 Ab
464 2144 608 2182 horum
633 2152 898 2183 tennurorum
917 2143 1173 2182 similitudine
1198 2142 1327 2194 (liceat
1351 2143 1449 2181 mihi
1467 2142 1675 2182 brevitatis
1703 2146 1743 2179 et

303 2201 593 2252 perspicuitatis
613 2199 787 2237 studioso
815 2201 1022 2252 peregrino
1049 2198 1126 2236 hoc
1161 2197 1358 2237 vocabulo
1382 2198 1454 2248 uti)
1492 2194 1742 2250 appellarunt

306 2252 425 2296 ἴπνον
447 2254 652 2293 laternam.
711 2254 810 2293 Nam
844 2261 883 2292 et
915 2254 1012 2292 haec
1053 2254 1184 2306 ignem
1218 2253 1413 2292 condebat
1434 2255 1475 2291 in
1504 2265 1544 2291 se
1567 2249 1741 2290 rotunda

306 2312 350 2349 in
380 2309 599 2357 ambitum,
631 2309 751 2363 plana
786 2310 828 2347 in
861 2309 1011 2357 fundo,
1058 2308 1265 2361 spiraculis
1315 2315 1354 2347 et
1418 2308 1588 2346 fenestra
1629 2305 1741 2343 furno

307 2365 455 2404 exitum
485 2366 627 2404 datura
660 2365 852 2403 instructa
872 2371 967 2404 erat.
1000 2363 1116 2402 Conf.
1138 2378 1239 2417 quae
1266 2362 1317 2402 ad
1343 2361 1619 2414 Aristophanis
1640 2359 1742 2398 Plu-¹

308 2428 396 2458 tum
426 2420 475 2458 de
503 2419 577 2458 hac
598 2434 695 2459 voce
722 2419 944 2468 Bentleius,
975 2426 1014 2457 et
1048 2419 1237 2458 adversus
1271 2433 1362 2457 eum
1393 2424 1498 2456 recte
1527 2415 1605 2454 viri
1632 2414 1739 2453 docti

309 2475 582 2526 disputarunt.
614 2475 729 2514 Alter
752 2475 893 2513 modus
930 2475 1029 2527 ignis
1061 2475 1167 2526 apud
1199 2475 1370 2512 Graecos
1409 2470 1540 2510 alendi
1577 2476 1662 2508 erat
1695 2467 1740 2508 ἐν

309 2533 402 2574 ταῖς
431 2526 653 2580 ἐσχάραις,
686 2532 727 2568 in
756 2531 951 2568 craticulis
965 2531 1115 2580 ferreis
1147 2543 1215 2568 seu
1241 2529 1374 2566 arulis.
1438 2526 1490 2564 Ut
1515 2525 1619 2563 enim
1647 2537 1740 2562 arae

310 2584 505 2635 gestatilcs
532 2591 670 2634 erant,
700 2593 739 2624 et
771 2587 902 2638 ignem
931 2584 1090 2622 alebant
1117 2583 1400 2623 sacrificiorum
1431 2594 1570 2627 causa,
1613 2579 1741 2617 habe-

312 2638 489 2690 bantque
514 2639 721 2678 craticulas
745 2669 755 2689 ,
787 2654 903 2692 super
926 2640 1072 2693 quibus
1104 2640 1204 2691 ignis
1236 2637 1486 2684 struebatur,
1516 2642 1554 2673 et
1582 2634 1657 2672 sub
1677 2633 1740 2672 his

311 2693 670 2745 quadrangularem
700 2695 913 2744 laminam,
945 2694 1180 2746 excipiendis
1210 2691 1432 2730 cineribus:
1465 2689 1519 2728 ita
1556 2689 1740 2728 escharae

311 2761 381 2786 seu
407 2747 525 2785 foculi
561 2749 756 2800 gcstatiles
779 2749 829 2786 ad
861 2749 968 2787 hunc
997 2749 1162 2786 modum
1195 2747 1312 2795 facti,
1344 2747 1527 2798 quamvis
1560 2758 1641 2784 non
1670 2757 1738 2783 ae—
