1884 3132
188 164 263 207 An
306 162 602 208 consum-r.
640 162 835 205 ponpa,
873 165 947 205 m:
984 163 1173 207 cmm·
1209 165 1311 207 Lm.
1338 167 1391 206 11.
1434 145 1547 219 849

114 266 251 322 logicis
287 262 396 308 tricis
431 268 642 322 expedire,
689 275 728 306 et
772 267 823 307 ad
864 276 1142 322 argumentum
1181 275 1363 308 nostrum
1400 267 1546 308 redire.

115 319 210 362 Dixi
245 322 344 362 mihi
383 323 510 362 videri
559 319 656 367 τούς
697 322 939 373 Χοσβαΐτας
980 338 1064 363 esse
1093 326 1273 363 hosarum
1311 325 1430 375 bayos
1478 337 1548 362 seu

48 414 50 416 ,
113 378 301 424 εεηνιιίοε.
354 377 437 416 Iam
467 376 847 425 demonstrandum,
878 378 975 431 quid
1003 379 1151 418 fuerlnt
1177 379 1311 417 hosae.
1356 379 1460 417 Sunt
1490 378 1549 416 fe-

113 432 284 473 moralia
324 439 363 471 et
398 433 550 472 tibialia
595 433 792 470 strictiora
822 433 863 470 in
895 447 975 471 una
1004 447 1152 482 massa,
1189 433 1322 486 qualia
1366 434 1548 485 Hungari

226 493 270 526 nt
297 487 449 536 adhuc,
478 494 518 526 et
550 487 824 539 ministrorum
857 488 896 525 in
925 487 1121 526 famulitio
1141 496 1368 541 magnatum
1390 494 1547 526 nostro-

111 552 203 581 rum
231 540 333 580 illud
361 556 506 595 genus,
534 541 642 594 quod
671 539 898 580 Heislzaeken
928 543 1173 595 appellamus
1190 573 1201 589 ‚
1233 550 1271 581 et
1298 541 1431 595 qualia
1465 556 1546 581 mes

113 595 181 634 dio
213 609 313 635 aevo
353 597 558 649 gestabant
596 597 758 643 Graeci,
802 603 847 634 ut
885 610 907 635 e
945 598 1080 649 figuris
1116 597 1328 650 Menologii
1360 596 1546 637 Basiliani

41 646 45 650 ’
113 664 234 702 quam
258 650 437 703 plurimis
465 657 633 697 constat,
661 665 780 703 penes
813 665 913 703 quos
931 651 1121 691 militares
1138 653 1298 705 quidem
1325 667 1390 691 eas
1411 652 1550 703 hosas,

112 705 192 745 alio
214 707 376 745 nomine
412 707 517 746 tabia
544 706 683 753 dictas,
718 706 760 743 in
788 710 873 752 τοῖς
902 706 1083 752 πεδίλοις
1111 708 1174 746 vel
1202 711 1295 754 ταῖς
1321 704 1544 758 τζάγγαις,

113 759 155 798 id
181 767 239 799 est
266 763 391 800 ocreis
419 759 634 800 dimidiatis
651 789 662 810 ,
701 760 951 809 condebant,
980 762 1115 800 civiles
1143 769 1277 800 autem
1316 763 1356 799 in
1385 775 1547 814 campa-

112 815 186 867 giis
216 829 286 854 seu
313 815 456 868 genere
483 816 552 854 illo
579 813 776 854 tibiah’um
793 845 804 865 ,
846 816 953 868 quod
984 830 1006 854 e
1033 816 1160 869 longis
1183 817 1275 854 loris
1299 815 1421 854 laneis
1449 830 1546 854 con-

110 869 263 920 stabat,
282 884 384 924 quae
410 871 646 910 decussatim
676 882 794 922 super
827 884 943 909 crura
971 870 1245 923 plectebantur
1273 878 1311 909 et
1337 871 1447 909 tubia
1476 884 1546 910 seu

111 922 230 964 hosas
261 939 285 964 a
317 925 400 964 talo
438 925 531 964 inde
571 938 697 978 usque
723 925 772 963 ad
802 938 905 977 genu
934 926 1284 978 constringebant,
1322 925 1372 964 de
1398 926 1544 978 quibus

111 992 186 1018 suo
215 979 303 1019 lo'co'
330 980 517 1018 diximus.
577 979 663 1018 Hoc
695 993 819 1032 genus
846 982 1070 1018 vestimenti
1099 981 1250 1019 femora
1281 987 1320 1018 et
1347 994 1462 1018 crura
1483 982 1546 1018 in-

111 1033 309 1087 guinaque
346 1034 464 1074 simul
503 1035 543 1074 in
586 1043 667 1072 una
702 1047 829 1073 massa
866 1033 1001 1073 velans
1029 1036 1171 1074 Gracci
1200 1033 1378 1082 κάλτζας
1406 1035 1543 1087 appel-

112 1087 198 1127 lant
244 1089 342 1138 (vid.
385 1089 451 1127 Du
491 1089 626 1142 Gange
651 1088 694 1126 h.
730 1093 816 1139 v.),
845 1089 953 1127 unde
983 1090 1138 1127 calzoni
1165 1097 1203 1128 et
1231 1090 1406 1141 calesons
1434 1089 1544 1128 Italis

111 1149 152 1180 et
175 1143 342 1182 Francis
369 1158 443 1197 pro
473 1142 752 1190 femoralibus,
795 1150 834 1181 et
863 1144 992 1196 Belgis
1019 1145 1185 1183 Caussen
1219 1158 1292 1196 pro
1321 1143 1543 1183 cruralibus

110 1199 336 1250 usurpatur.
384 1199 514 1252 Negat
540 1198 591 1237 cl.
619 1198 861 1236 Muratorius
888 1199 940 1237 T.
971 1199 1027 1237 11.
1055 1199 1155 1237 Ant.
1178 1197 1269 1237 Ital.
1299 1201 1338 1236 in
1367 1199 1462 1236 diss.
1493 1199 1544 1238 de

110 1253 256 1291 vestitu
294 1252 433 1292 Italico
471 1261 576 1291 recte
603 1253 676 1291 sibi
705 1260 914 1302 constare,
961 1253 1159 1292 fuerintne
1194 1253 1314 1291 hosae
1342 1254 1544 1293 veteribus

110 1305 330 1346 celebratae
357 1314 512 1346 tantum
540 1307 739 1357 cruralia,
773 1322 822 1344 an
855 1307 933 1346 sint
962 1309 1240 1346 vestimentum
1269 1310 1392 1346 ocreis
1424 1308 1542 1346 Hun-

111 1362 254 1412 garicis
281 1362 430 1412 simile,
469 1375 572 1414 quae
605 1362 749 1410 tibias,
787 1362 936 1400 femora
979 1369 1019 1400 et
1049 1376 1164 1400 coxas
1192 1362 1310 1400 simul
1348 1363 1535 1400 vestiunt.

112 1415 280 1454 lnclinat
305 1423 436 1455 tamen
466 1431 512 1455 eo
530 1445 542 1464 ,
583 1423 628 1454 ut
671 1418 867 1468 posterius
892 1418 1035 1454 rectius
1063 1416 1213 1455 credat.
1271 1417 1410 1468 Neque
1434 1416 1539 1455 salli-

110 1476 192 1508 tur.
221 1471 383 1523 Ignotus
410 1478 494 1510 crat
526 1470 591 1508 hic
618 1474 780 1509 vestitus
808 1472 971 1510 vetustis
998 1472 1213 1520 Romanis,
1243 1470 1309 1522 qui
1340 1478 1409 1508 aut
1446 1478 1535 1522 toga

111 1532 182 1563 aut
207 1526 342 1564 tunica
371 1526 585 1564 utebantur
602 1554 613 1575 ,
642 1539 744 1578 quae
774 1524 912 1563 ambae
941 1540 962 1563 a
991 1525 1093 1563 collo
1122 1525 1214 1563 inde
1246 1539 1370 1576 usque
1398 1525 1448 1562 ad
1468 1533 1538 1576 ge*-

110 1593 192 1619 nua
220 1587 288 1618 aut
317 1580 443 1618 media
472 1580 536 1619 vel
564 1588 603 1618 et
630 1580 764 1618 infima
804 1594 921 1618 crura
948 1580 1148 1618 hominem
1187 1580 1426 1624 vestiebant,
1469 1586 1540 1617 aut

109 1647 203 1687 sago
221 1663 234 1684 ,
260 1635 369 1687 quod
396 1636 494 1673 citra
522 1635 715 1673 semorum
743 1649 832 1672 cum
865 1648 965 1686 genu
994 1634 1205 1672 articulum
1227 1663 1239 1683 ,
1269 1634 1468 1671 interdum
1497 1636 1539 1671 in

110 1687 241 1727 medio
266 1691 414 1728 femore
441 1690 665 1736 desinebat,
697 1689 760 1727 vel
793 1690 910 1728 etiam
937 1691 1203 1741 perizomate,
1247 1688 1352 1740 quod
1382 1702 1404 1726 a
1433 1690 1537 1727 coxis

110 1742 203 1782 inde
227 1744 405 1782 nondum
437 1745 487 1783 ad
515 1758 617 1796 genu
658 1743 935 1796 pertingebat3
976 1743 1176 1796 quomodo
1216 1743 1354 1780 dicunt
1393 1742 1537 1782 scotos

109 1805 320 1837 montanos
348 1799 478 1837 adhuc
503 1800 665 1848 vestiri,
695 1806 776 1836 tam
803 1799 989 1837 brevibus
1017 1798 1175 1836 indutos
1202 1796 1532 1849 perizomatibus,

80 1901 82 1903 Ι
109 1859 158 1891 ut
190 1853 242 1890 ad
281 1854 489 1891 minimum
517 1867 642 1906 paene
667 1855 844 1905 corporis
871 1860 1023 1891 motum
1050 1848 1099 1890 τά
1127 1847 1278 1903 γόνιμα
1307 1853 1363 1902 (ut
1400 1851 1535 1890 Theo-

108 1906 292 1959 phrastus
319 1909 361 1946 in
391 1908 620 1946 Character.
651 1907 834 1960 appellat)
870 1914 1099 1960 appareant.
1157 1905 1223 1944 Ab
1253 1907 1335 1944 istis
1363 1906 1533 1944 militum

109 1962 382 2000 Romanorum
410 1961 932 2015 perizomatibus,qualium
963 1961 1106 2014 effigies
1135 1962 1286 1999 nummi
1314 1967 1532 2012 praestant,

109 2023 371 2055 manaverunt
397 2024 524 2056 vestes
551 2018 753 2056 inferiores
780 2017 1063 2065 foeminarum,
1105 2014 1240 2068 quales
1268 2015 1411 2053 Franci
1435 2017 1532 2068 jup-

102 2084 175 2124 pes
203 2070 417 2124 appellant.
478 2072 562 2110 Hae
590 2074 698 2112 enim
727 2071 827 2110 nihil
854 2071 962 2110 aliud
992 2078 1083 2109 sunt
1101 2099 1113 2120 ,
1159 2083 1278 2122 quam
1306 2069 1399 2108 talia
1426 2070 1532 2122 peri-

110 2124 448 2174 zomata*tala1·ia,
487 2127 681 2179 producta
707 2134 747 2165 et
777 2126 977 2178 ampliata.
1034 2123 1303 2163 Memorabilis
1330 2131 1388 2162 est
1407 2153 1418 2172 ,
1462 2125 1530 2162 sed

110 2179 378 2219 subobscurus
396 2180 506 2220 locus
534 2182 650 2220 Pauli
678 2181 844 2220 Diaconi
874 2181 947 2218 IV.
983 2181 1052 2218 25.
1074 2210 1084 2226 ,
1113 2191 1229 2231 quem
1259 2193 1303 2216 cx
1331 2186 1442 2230 parte
1472 2179 1530 2217 ci-

109 2240 168 2272 tat
195 2235 262 2273 Du
289 2234 420 2288 Gange
455 2249 496 2273 v.
531 2236 628 2275 Osa.
684 2235 967 2288 Longobardos
995 2231 1061 2272 ille
1088 2235 1142 2272 ait
1169 2234 1264 2272 olim
1298 2236 1530 2271 vestimenta

110 2287 198 2327 laxa
225 2296 264 2327 et
288 2288 392 2327 linea
420 2297 612 2342 gestasse,
642 2290 774 2343 qualia
811 2289 1156 2342 Anglo-Saxones
1182 2295 1332 2341 gestare
1362 2301 1529 2325 consue-

108 2341 240 2382 'Verint
276 2350 415 2382 ornata
458 2345 598 2384 institis
636 2345 840 2384 latioribus
867 2345 966 2382 varii
1011 2343 1166 2382 coloris.
1225 2344 1366 2381 Postea
1394 2356 1528 2394 coepe·-

108 2407 201 2436 runt
227 2399 328 2437 hosis
354 2399 411 2436 uti
428 2427 439 2444 ‚
480 2401 558 2446 ait,
600 2414 716 2454 super
749 2413 840 2453 quos
876 2400 1084 2453 equitantes
1122 2398 1322 2449 beruggos
1370 2396 1528 2446 byn-eos

108 2453 319 2492 mittebant.
374 2451 457 2491 Sed
487 2454 558 2492 hoc
603 2454 653 2492 de
691 2455 953 2493 Romanorum
1000 2452 1266 2491 consuetudine
1306 2460 1524 2489 traoeemmt.

109 2504 198 2546 Hoc
223 2509 264 2546 in
304 2507 391 2546 loco
426 2502 520 2546 sunt
555 2509 670 2547 husae
696 2508 927 2547 vestimenta
965 2505 1135 2545 cruralia
1163 2513 1202 2544 et
1242 2504 1442 2544 femoralia
1481 2518 1527 2543 ex

109 2573 190 2599 una
218 2575 369 2611 massa3
398 2563 579 2615 {ybmggi
603 2570 733 2601 autem
762 2564 995 2614 perizomata
1017 2592 1028 2607 ,
1059 2561 1107 2599 de
1134 2560 1278 2613 quibus
1298 2558 1415 2612 paulo
1435 2566 1532 2597 anter

110 2610 306 2655 dicebam.
367 2618 406 2655 T
392 2633 429 2667 y
457 2618 532 2667 (vel
561 2625 606 2656 ut
632 2617 751 2656 hodie
777 2617 982 2655 scribimus
1009 2616 1087 2664 die)
1114 2623 1171 2654 est
1191 2613 1378 2653 articulus
1396 2616 1531 2651 omnis

109 2672 261 2719 generis
287 2673 519 2711 nominativi
546 2679 585 2710 et
611 2671 820 2710 accusativi
848 2670 1026 2723 pluraliS‚
1055 2666 1109 2717 οἱ,
1139 2665 1206 2718 αἱ,
1236 2665 1286 2706 τὰ
1310 2667 1370 2706 vel
1402 2664 1523 2717 τούς,-

107 2719 185 2770 ’ῑὰς
203 2751 215 2771 ‚
252 2721 300 2763 τὰ
317 2755 328 2773 ,
359 2733 398 2764 et
423 2727 558 2779 Brugg
585 2734 670 2765 erat
695 2725 790 2764 olim
827 2739 900 2765 vox
930 2726 1163 2764 Germanica
1179 2753 1190 2773 ‚
1233 2723 1363 2762 adhuc
1395 2723 1548 2762 saxo-v

152 2807 413 2847 coruscantium
435 2814 606 2859 Porphyr.
641 2813 712 2846 Vol.
741 2812 786 2846 ΙΙ.
1223 2810 1268 2854 54
