1884 3132
184 153 260 196 An
301 152 598 196 consum.
639 153 836 196 PORPH·
879 155 951 194 m:
990 153 1170 195 ceum.
1208 154 1305 194 Lm.
1331 155 1385 194 ιι.
1426 133 1538 190 625

109 263 151 296 et
179 257 276 296 talia
301 259 344 296 in
370 258 618 297 nominativo
645 256 797 296 efferre.
856 256 921 295 Sic
948 270 1084 296 omnes
1110 257 1214 310 Lupi
1243 264 1371 296 aetate
1398 253 1539 310 quue-

111 311 260 350 bantu'r
299 320 339 352 et
386 312 612 352 scribebant
634 341 646 360 ,
693 319 732 349 et
782 326 827 350 ex
885 313 1048 363 antiqua
1093 313 1308 351 traditione
1364 312 1538 365 loquun-

86 372 180 405 'tur
220 374 260 405 et
303 367 483 407 scribunt
538 367 669 405 adhuc
713 365 801 404 Itali
840 373 879 404 et
933 366 1099 419 Hispani
1142 367 1267 405 Paolo
1282 398 1292 412 ,
1343 366 1534 414 Nicolao,

109 420 311 474 Domingo
338 429 412 460 etc.
473 422 519 460 In
547 420 683 460 tabula
710 421 866 458 XVIII.
898 422 995 459 tomi
1024 422 1057 458 I.
1088 423 1442 460 Monumentorum
1470 436 1538 460 ve-

111 482 243 514 terum
270 476 466 529 Ciampini
507 490 547 529 p.
577 476 645 516 35.
674 474 848 513 habetur
897 476 939 512 in
983 488 1076 514 area
1106 476 1174 515 23.
1201 477 1336 530 imago
1363 476 1406 515 S.
1440 477 1538 514 Bar-

1516 542 1538 563 0

109 575 327 627 tholomei,
366 577 436 630 qui
474 573 758 628 strangulatur,
795 587 887 613 cum
917 576 1172 627 inscriptione
1226 571 1249 614 ὅ
1288 576 1542 627 Βαρθυλομε

111 629 364 681 κρεμασθείς
390 627 463 669 ἐπὶ
487 630 674 681 σταυροῦ
710 629 952 670 τελειοῦται.
1007 631 1062 668 Et
1090 630 1144 668 sic
1179 631 1252 682 ipsi
1281 644 1440 683 quoque
1471 644 1541 669 ve·

109 691 212 723 teres
238 685 379 724 Graeci
406 684 515 724 haud
542 698 633 722 raro
663 698 683 730 ς
710 684 961 734 omittebant,
983 692 1033 723 ut
1065 698 1111 722 ex
1139 675 1259 737 ἄφνω
1288 699 1362 737 pro
1393 678 1540 736 ἅφνως

111 738 176 778 vel
202 737 375 792 ἀφανῶς
402 747 441 778 et
467 738 661 778 similibus
688 738 953 785 concluditur,
997 753 1169 792 quorum
1193 741 1316 791 possit
1355 739 1539 778 immanis

109 793 226 845 copia
252 794 363 846 cogi,
393 796 426 833 si
469 793 547 832 hoc
589 807 769 846 agerem3
799 793 882 831 vid.
918 794 969 832 ad
996 809 1038 847 p.
1058 792 1153 844 542.
1177 793 1223 832 C.
1250 793 1326 832 ult.
1357 793 1540 831 dicenda.

112 848 278 886 Interim
306 862 432 887 unum
461 855 499 886 et
514 848 682 886 alterum
694 847 916 900 exemplum
944 850 1079 888 omissi
1097 862 1119 886 ν
1143 848 1270 887 finalis
1296 850 1337 887 in
1366 848 1539 900 antiquis

109 902 375 942 marmoribus
414 903 651 952 subiungam
697 903 737 941 in
778 904 973 955 specimen
991 932 1004 952 ,
1047 902 1246 956 quomodo
1274 917 1365 941 cum
1393 902 1539 940 talibus

257 957 405 996 endum
433 959 498 996 sit.
552 957 600 996 Iu
626 958 766 996 Diario
792 957 930 996 Italico
959 957 1247 997 Montfauconii
1275 972 1313 1011 p.
1326 955 1421 1009 425.
1441 956 1539 1010 legi-

111 1017 180 1050 tur
209 1011 286 1051 hoc
313 1011 511 1052 distichon
538 1026 630 1051 cum
659 1011 794 1051 multis
823 1012 935 1051 aliis:
1174 1028 1180 1031 ·

280 1066 365 1106 Τοῦ
390 1066 494 1113 Διὸς
521 1064 749 1119 Ἀλκμήνης
768 1079 810 1105 τε
838 1062 958 1118 γόνον
985 1069 1171 1117 τιμαῖσιν
1199 1065 1306 1114 α’ἑξω

326 1116 419 1167 υἶός
445 1121 687 1167 Λασθενέος
714 1120 861 1173 στῆσεν
889 1115 1056 1172 ἄγαλμα
1083 1117 1192 1160 τόδε.

114 1174 162 1213 In
188 1176 319 1227 primo
344 1176 488 1215 horum
516 1189 633 1214 versu
660 1175 790 1215 littera
827 1175 968 1215 ultima
995 1191 1074 1215 non
1103 1179 1202 1215 vitio
1230 1175 1441 1228 lapidarii,
1471 1174 1541 1214 sed

114 1243 160 1268 ex
186 1243 296 1269 more
321 1238 480 1269 vetusto
515 1230 641 1281 abest,
669 1230 806 1270 lectori
835 1233 985 1270 Graece
1013 1231 1169 1270 callenti
1193 1231 1419 1283 suppletum
1447 1230 1541 1268 reli-

114 1291 189 1322 cta.
244 1284 292 1322 ld
320 1285 424 1324 idem
452 1285 691 1324 censendum
717 1285 767 1324 de
795 1287 1049 1337 inscriptione
1078 1286 1248 1324 Herodis
1277 1286 1431 1333 Attici,
1460 1299 1541 1336 qua

115 1337 326 1390 Triopium
370 1340 587 1388 dedicavit,
631 1341 674 1378 in
701 1355 780 1393 qua
807 1354 830 1378 ν
849 1341 1039 1379 omissum
1065 1342 1171 1379 viros
1198 1340 1335 1378 doctos
1361 1341 1403 1377 in
1430 1353 1539 1377 erro-

114 1405 199 1430 rem
227 1393 422 1446 implicuit
441 1422 454 1445 ,
494 1401 541 1431 ut
567 1407 607 1432 v.
637 1394 705 1433 6.:

275 1443 415 1500 τόφρα
444 1461 490 1486 κε
515 1447 587 1488 rac
619 1445 829 1498 Τριόπειαι
862 1446 906 1487 ἐν
933 1445 1161 1494 ἀθανάτοις
1187 1446 1431 1498 ἆλὲγησθον.

114 1500 176 1540 Ita
202 1502 308 1540 enim
337 1502 523 1555 legendus
552 1502 619 1540 ille
647 1502 758 1540 Iocus
785 1509 857 1541 est.
914 1503 962 1540 In
989 1503 1164 1542 eiusdem
1191 1502 1437 1540 dedicatione
1462 1507 1544 1539 sta-

119 1562 214 1594 tuae
252 1556 429 1610 Reginae
467 1572 507 1596 v.
543 1556 608 1608 54.
640 1550 802 1595 ἄνασσα
830 1556 974 1609 legitur
1015 1571 1088 1609 pro
1119 1550 1305 1595 ἄνασσαν
1346 1563 1385 1594 et
1413 1554 1540 1606 v-43.

115 1610 171 1660 μὲ
198 1625 272 1663 pro
296 1611 373 1661 μὲν
389 1642 400 1658 ,
450 1612 520 1650 ubi
554 1625 576 1650 ν
614 1614 803 1650 omissum
842 1611 1051 1650 dexteritas
1078 1619 1118 1650 et
1144 1611 1355 1663 prudentia
1381 1609 1544 1662 legentis

117 1665 235 1704 tacite
260 1665 445 1719 supplere
471 1667 587 1705 debet
602 1696 615 1716 ,
647 1680 727 1704 non
756 1666 992 1718 lapidarium
1022 1666 1225 1705 criminari
1245 1694 1256 1714 ,
1284 1671 1330 1702 ut
1354 1678 1483 1716 neque
1503 1664 1544 1702 li-

118 1719 298 1759 brarium
311 1751 322 1766 ,
353 1723 423 1774 qui
464 1721 660 1760 Anchialo
700 1722 871 1759 vastavit
905 1735 996 1772 pro·
1019 1721 1241 1759 Anchialon
1262 1721 1450 1757 exaravit.
1485 1719 1540 1757 V.

117 1774 260 1828 Script.
289 1776 392 1814 Hist.
421 1776 527 1828 Aug.
550 1777 600 1814 Τ.
622 1776 654 1814 1.
682 1790 722 1828 p.
739 1774 832 1826 848.
865 1775 910 1813 B.
942 1782 982 1814 et
1010 1776 1061 1813 ΙΙ.
1093 1776 1187 1829 577.
1204 1775 1371 1812 Rectum
1398 1772 1439 1810 id
1468 1779 1542 1822 est,

117 1830 202 1868 sive
229 1828 392 1868 librario
418 1831 588 1879 tribuas,
617 1832 687 1883 qui
712 1830 939 1868 Palatinum
966 1830 1140 1868 codicem
1169 1828 1366 1882 exaravit,
1396 1826 1544 1866 lineam

118 1890 386 1923 transversam
411 1900 438 1924 η
466 1886 749 1938 significantem
790 1886 1002 1931 omittenti,
1044 1886 1126 1923 sive
1152 1882 1320 1921 dialecto
1348 1881 1539 1933 plebeiae,

119 1952 223 1989 quae
254 1940 297 1976 in
344 1940 424 1991 ipsa
463 1940 783 1991 pronuntiatione
830 1953 856 1977 n
889 1946 927 1977 et
954 1955 992 1977 m
1021 1946 1060 1977 et
1086 1954 1104 1976 s
1146 1936 1279 1975 finalia
1318 1935 1541 1974 omittebat.

118 1993 279 2032 Scatent
304 1993 448 2032 talibus
473 1996 745 2048 inscriptiones
764 2001 803 2032 et
829 1994 966 2032 tabula
984 1994 1301 2045 peutingeriana.
1328 1990 1400 2029 Ad
1417 1989 1544 2043 Capsu

119 2047 268 2086 Iuliam
281 2061 354 2099 pro
365 2049 423 2086 ad
438 2049 603 2103 Capsum
619 2050 657 2091 Ι.
673 2050 871 2099 Corintho,
882 2049 1107 2102 Epidauro,
1118 2049 1249 2095 Pit-eo,
1264 2059 1364 2098 quae
1378 2044 1544 2096 perinde

121 2101 265 2140 saeculi
292 2102 557 2143 Theodosiani
575 2111 693 2156 atque
721 2104 863 2142 decimi
890 2104 1019 2151 tertii,
1047 2117 1127 2155 quo
1155 2114 1292 2139 revera
1320 2098 1543 2150 exemplum

119 2155 222 2195 illud
253 2156 594 2198 membranaceum
608 2187 619 2206 ‚
649 2158 757 2211 quod
783 2158 913 2196 adhuc
941 2157 1056 2196 hodie
1084 2162 1260 2208 superest
1282 2183 1294 2203 ,
1323 2151 1544 2191 Colmariae

121 2225 171 2250 ex
203 2213 426 2264 antiquiore
469 2212 603 2252 codice
647 2212 895 2252 efformatum
941 2212 1016 2250 fuit
1035 2238 1047 2261 ,
1081 2225 1163 2249 esse
1198 2215 1376 2262 possunt.
1443 2207 1544 2245 Nam

121 2265 267 2304 frustra
293 2266 449 2305 laborat
473 2268 524 2306 V.
545 2269 597 2306 D.
629 2267 914 2310 demonstrare,
942 2265 1208 2304 Theodosiani
1245 2261 1389 2302 saeculi
1417 2275 1544 2299 mem-

121 2320 267 2359 branas
295 2329 334 2360 et
359 2321 511 2360 litteras
536 2336 617 2361 esse
648 2322 762 2371 illas,
790 2336 812 2360 e
841 2321 985 2374 quibus
1014 2319 1150 2359 tabula
1177 2317 1324 2370 prodiit
1351 2317 1539 2369 primum,

121 2375 346 2427 iterumque
374 2377 600 2428 nuperrime
626 2377 805 2415 Viennae
831 2377 1076 2415 Austriacae.
1105 2374 1251 2411 Textus
1278 2372 1358 2424 ipse
1382 2370 1543 2423 quidem

121 2428 223 2468 forte
251 2430 520 2469 Theodosium
555 2432 689 2469 eiusve
713 2433 844 2482 potius
874 2432 1156 2483 agrimensores
1176 2427 1296 2465 babet
1329 2433 1509 2463 auctores
1529 2450 1542 2473 ,

125 2490 167 2522 at
192 2484 292 2523 illud
333 2485 554 2538 exemplum
594 2485 742 2537 absque
781 2485 1048 2523 controversia
1092 2490 1149 2520 est
1178 2482 1406 2529 recentius3
1434 2478 1542 2530 quod

123 2537 206 2590 ipsa
233 2538 348 2578 facIes
395 2540 615 2579 litterarum
643 2545 862 2585 monstrat,
910 2545 1040 2577 exacte
1069 2535 1205 2575 similis
1230 2534 1313 2580 illi,
1346 2548 1424 2586 qua
1454 2547 1542 2571 mo-

125 2592 241 2630 nachi
268 2602 359 2632 ante
379 2594 476 2634 haec
504 2602 673 2648 quatuor
702 2593 855 2632 saecula
883 2607 972 2632 suas
1009 2591 1257 2630 membranas
1285 2587 1512 2627 exarabant.

205 2645 298 2685 320.
318 2648 371 2686 A.
394 2652 432 2690 5.
462 2648 574 2704 [554
594 2647 652 2700 6.]
682 2644 733 2686 τὰ
762 2646 904 2700 χρυσᾶ
931 2645 1083 2685 unua.
1140 2645 1243 2683 Sunt
1269 2657 1366 2696 quas
1390 2649 1542 2680 veteres

126 2697 248 2736 lineas
278 2705 532 2756 paragaudas
557 2702 824 2757 appellabant.
880 2701 1006 2742 Notus
1033 2700 1143 2740 Iocus
1173 2698 1327 2738 Codicis
1354 2696 1542 2736 Theodo-

172 2771 430 2813 Constantinus
451 2777 625 2824 Porphyr.
662 2777 736 2813 Vol.
759 2778 805 2812 ΙΙ.
1236 2774 1281 2818 40
