1884 3132
324 109 436 166 862
606 128 681 172 ιο.
724 128 832 173 1Ac.
871 131 1066 173 mnsxn
1112 129 1495 173 commum
1552 141 1555 143 >

322 228 424 268 alter
447 229 489 269 in
519 236 632 283 parte
653 231 835 282 minoris,
864 239 934 271 aut
962 234 1095 286 potius
1122 243 1228 271 unus
1253 233 1296 271 in
1327 239 1442 286 parte
1468 233 1667 287 Augusti,
1703 234 1765 274 al·v
1822 229 1826 233 ⁶

320 292 383 324 ter
412 286 455 324 in
483 292 595 339 parte
624 285 829 340 Augustae
871 287 1006 326 fuisse.
1063 287 1321 341 Luitprando.
1342 287 1393 326 ad
1421 289 1579 327 XXIV.
1608 289 1764 330 diversa

322 339 453 379 officia
491 340 610 394 primi
652 342 805 380 ordinis
847 342 962 381 aulae
991 343 1236 397 Byzantinae
1265 349 1356 382 cum
1386 343 1611 397 praeposito
1638 345 1766 397 magi-

322 395 395 434 stri
421 397 583 435 nomine
611 397 829 436 recensenti
850 397 890 436 in
910 398 1087 437 Historia
1106 398 1296 452 derogare
1316 398 1435 438 fidem
1455 399 1594 439 nolim.
1640 398 1765 438 Forte

323 449 392 489 illa
421 458 563 501 aetate,
607 465 687 505 qua
715 451 814 492 CPli
855 452 922 492 ille
958 461 1044 493 erat
1083 455 1212 506 prima
1240 455 1345 505 vice,
1376 454 1481 493 circa
1508 454 1562 494 A.
1593 453 1642 494 C.
1669 453 1765 508 947.-

322 507 504 560 magistri
539 520 688 546 nomen
722 507 1051 561 praemittebatur
1075 509 1276 562 primariis
1303 508 1530 563 quibusque
1558 508 1763 563 dignitati-

322 559 414 600 bus.
469 562 518 601 In
547 569 685 602 nostro
712 571 846 603 tamen
873 564 1009 604 codice
1038 578 1193 618 semper
1220 563 1287 603 hic
1313 572 1430 604 tenor
1453 563 1608 604 obtinet
1629 566 1762 620 patri-

322 617 404 656 cius
428 625 467 656 ec
505 619 740 673 anthypatus
768 617 835 658 ille
864 619 929 659 vel
959 619 1043 660 ille.
1094 621 1293 673 Tempore
1320 626 1411 673 post
1437 619 1579 659 titulus
1616 618 1766 672 prohe-

325 671 390 711 dri
408 672 452 711 in
489 686 609 713 usum
636 673 837 722 veniebat,
861 676 1082 729 prohedms
1108 683 1146 715 et
1168 676 1492 730 protovestiarius
1507 704 1520 728 ,
1544 674 1766 730 pmhedrus
1835 720 1837 723 ¹

325 735 364 767 et
388 728 580 767 canicleus
593 758 605 776 ‚
637 735 677 767 et
704 731 760 768 sic
788 743 926 783 porro.

434 782 486 822 C.
514 781 556 834 4.
595 782 708 838 [727‚
726 783 786 839 3.]
816 784 855 825 εἰ
882 783 930 824 ὸ“ε’
957 799 1021 833 τις
1040 781 1196 825 τούτων
1214 777 1415 839 ὄφφίκιον
1433 785 1661 838 τετίμηται.
1690 783 1767 824 At-

324 836 394 891 qui
422 840 610 892 magister
636 837 859 880 officiorum
887 855 968 880 non
998 855 1106 880 mera
1132 841 1319 894 dignitas,
1346 840 1418 880 sed
1435 842 1568 894 ipsum
1589 838 1765 879 officium

325 906 453 932 unum
493 893 545 933 de
571 896 795 948 praecipuis
830 903 932 937 erat.
989 892 1155 937 Τούτων
1184 896 1319 949 itaque
1347 910 1429 935 non
1459 896 1510 935 de
1538 896 1763 948 magistris,

325 948 376 988 de
404 947 552 1002 quibus
579 951 756 1002 proxime
783 952 995 1005 praecessit
1023 964 1179 1003 sermo,
1207 951 1275 990 sed
1303 950 1354 990 de
1383 953 1476 997 ταῖς
1502 952 1667 997 λοιπαῖς
1690 947 1766 989 τά·

326 1003 436 1051 ξεσιν
463 1004 738 1057 accipiendum
761 1035 774 1054 ‚
818 1020 920 1060 quae
950 1006 1135 1059 deinceps
1168 1006 1457 1045 nominantur:
1501 1004 1765 1058 utgpatricius

324 1056 529 1111 inuofficio
555 1061 809 1112 constitutus,
836 1062 991 1102 etiamsi
1019 1074 1157 1100 recens
1182 1068 1353 1110 creatus,
1373 1060 1573 1116 praecedit
1598 1061 1767 1114 patricio

325 1112 502 1165 officium
531 1127 613 1154 non
640 1116 822 1168 gerenti,
849 1118 1004 1156 etiamsi
1031 1117 1173 1156 veteri.

436 1168 483 1208 C.
512 1167 553 1211 6.
584 1169 698 1224 [727‚
718 1170 773 1225 5.]
815 1169 1011 1224 σύγκελος
1030 1169 1206 1222 Ῥώμης.
1276 1170 1472 1222 Quamvis
1511 1167 1672 1209 saeculo
1709 1169 1766 1224 X.

326 1223 456 1273 rarius
484 1224 611 1263 CPlin
636 1226 741 1265 irent
767 1226 886 1280 legati
913 1227 1115 1268 Pontificis
1143 1226 1336 1275 Romani,
1367 1239 1488 1280 quam
1509 1239 1613 1264 saec.
1640 1223 1695 1263 V.
1726 1231 1767 1263 et

327 1278 420 1330 V1.,
450 1293 575 1331 quum
606 1279 736 1320 adhuc
765 1281 869 1334 Imp.
901 1282 1068 1322 CPtano
1095 1281 1225 1321 Roma
1260 1289 1439 1336 pareret,
1473 1293 1766 1332 nonnunquam

327 1336 498 1386 negotiis
533 1335 791 1387 expediundis
816 1336 944 1377 Roma
986 1337 1079 1376 illuc
1116 1336 1234 1390 legati
1264 1336 1552 1386 mittebantur,
1602 1333 1766 1388 syncelli

328 1402 400 1428 seu
452 1389 591 1428 vicarii
633 1390 877 1432 Pontificum
928 1391 1178 1446 plerumque.
1253 1391 1483 1431 Cardinales
1529 1389 1636 1429 enim
1677 1396 1766 1428 tum

327 1443 511 1484 nondum
544 1444 662 1484 valde
698 1447 924 1502 frequentes
966 1455 1103 1495 erant,
1150 1449 1333 1501 quamvis
1366 1448 1452 1486 noti
1491 1446 1572 1484 iam
1605 1452 1734 1484 essent
1751 1473 1765 1494 ,

326 1506 374 1538 ut
402 1507 512 1552 patet
539 1513 562 1539 e
583 1501 724 1541 Nostro
743 1517 782 1556 p.
802 1501 898 1555 428.
913 1503 960 1542 C.
986 1504 1028 1544 3.
1084 1502 1230 1542 Rarius
1265 1501 1427 1557 quidem
1445 1501 1590 1554 legitur
1618 1513 1767 1539 nomen

327 1554 599 1608 syncellorum
636 1557 740 1597 sedis
784 1559 1015 1610 Romanae3
1073 1558 1192 1597 fuisse
1223 1565 1358 1597 tamen
1391 1557 1450 1596 illi
1479 1568 1639 1610 quoque
1675 1568 1769 1594 suos

327 1624 347 1648 s
376 1610 536 1660 ncellos,
559 1618 598 1650 et
628 1625 672 1651 ex
700 1612 776 1653 hoc
806 1614 894 1654 loco
925 1621 964 1653 et
994 1628 1039 1654 ex
1069 1613 1158 1652 aliis
1183 1620 1316 1666 patet,
1351 1626 1453 1666 quae
1479 1612 1548 1650 Du
1565 1611 1700 1663 Cange
1727 1623 1767 1649 v.

327 1625 532 1716 ἔγηεεὶἰιιε
556 1665 730 1722 collegit.
787 1669 917 1709 Docet
947 1682 1108 1724 quoque
1141 1668 1298 1719 Noster,
1329 1668 1532 1706 Romanae
1553 1665 1658 1704 sedis
1685 1663 1769 1703 cle·-

328 1734 420 1814 {um
438 1721 605 1762 CPtano
626 1722 923 1777 praehabitum,
955 1724 1136 1765 ordinem
1163 1722 1312 1763 scilicet
1339 1735 1539 1777 quemque
1562 1733 1634 1760 suo
1662 1719 1766 1773 pari,

348 1789 460 1815 u1sse.

411 1829 506 1882 423.
540 1827 592 1871 A.
616 1832 655 1872 3.
679 1832 796 1888 [729‚
822 1832 903 1888 ι4.]
933 1827 1269 1888 στραέηγήματα.
1320 1831 1517 1884 Volebat,
1555 1836 1627 1870 aut
1661 1835 1770 1869 certe'

331 1883 502 1925 debebat
517 1915 529 1938 ,
559 1884 747 1929 librarius
771 1887 1038 1943 στρατηγάτα
1066 1889 1176 1928 dare.

444 1942 492 1981 C.
526 1955 566 1981 2.
596 1941 705 1997 [73o‚
731 1958 744 1984 ι
760 1946 811 1997 ι.]
839 1945 925 1997 τῆς.
984 1945 1091 1984 Ante
1118 1943 1223 1983 hanc
1251 1957 1391 1982 vocem
1412 1939 1555 1980 excidit
1570 1945 1640 1979 aut
1655 1937 1768 1992 περὶ,-

332 2003 403 2035 aut
431 1995 500 2036 διὰ
520 2027 532 2048 ,
561 2000 670 2050 quod
697 2001 794 2039 novi
821 2001 963 2039 Graeci
995 2014 1068 2053 pro
1105 1998 1173 2039 illo
1205 2005 1414 2053 usurpant.

415 2049 508 2104 424-
539 2051 586 2091 C·
618 2054 691 2094 ult.
725 2054 951 2110 [732‚17.]
994 2052 1140 2094 πάλαι.
1213 2054 1262 2093 Id
1308 2053 1419 2094 effeci
1461 2063 1485 2090 e
1531 2048 1769 2103 compendio

340 2142 485 2248 θ’)
563 2154 672 2208 quod
696 2155 738 2194 in
765 2153 1008 2194 membranis
1035 2160 1075 2193 et
1103 2147 1334 2207 apographo·
1362 2148 1596 2191 Draudiano
1622 2149 1768 2203 reperi.

416 2252 513 2306 425.
543 2254 591 2293 Β.
626 2266 668 2293 2.
695 2252 812 2308 [753,
839 2250 924 2306 16.]
953 2246 1241 2303 πρεσβύτεροι.
1298 2250 1387 2290 Vox
1406 2249 1504 2288 haec
1530 2242 1592 2288 bis
1617 2247 1684 2287 hic
1711 2247 1771 2286 le-

334 2309 469 2361 gitur,
499 2316 544 2348 ut
571 2316 694 2363 puto,
730 2310 870 2348 otiose.
925 2308 1039 2358 Quae
1064 2307 1238 2346 secundo
1264 2305 1352 2345 loco
1383 2312 1457 2356 est,
1487 2311 1573 2342 eam
1603 2309 1672 2342 aut
1699 2301 1769 2354 de-

335 2363 495 2402 lendam
513 2393 525 2415 ‚
553 2364 664 2404 nullo
693 2363 786 2403 dato
815 2376 1054 2412 successore,
1084 2369 1153 2400 aut
1180 2364 1212 2400 si
1240 2369 1332 2401 cum'
1360 2360 1437 2399 alia
1453 2358 1671 2412 permutari
1698 2355 1768 2394 de-

334 2416 427 2467 bet,
458 2434 532 2472 pro
553 2433 599 2459 ea
619 2418 894 2459 sufficiendum
914 2414 1113 2468 α’ββάὸες,
1142 2417 1336 2465 monachi,
1366 2422 1517 2468 putem.
1574 2413 1630 2451 Et
1655 2423 1771 2464 prae-

335 2479 443 2512 terea
467 2474 539 2526 τῆς
563 2473 745 2525 μεγάλης
772 2470 990 2526 ἐκκλησίας
1018 2472 1094 2524 leg.
1127 2471 1316 2510 Attamen
1344 2485 1384 2523 p.
1416 2467 1512 2521 425.
1534 2468 1581 2506 Β.
1599 2467 1637 2506 3.
1668 2477 1771 2527 quo-

336 2542 416 2580 que
445 2528 588 2582 legitur
615 2529 687 2581 τῆς
715 2526 951 2581 ἐκκλησίας,
1002 2526 1151 2579 absque
1183 2522 1389 2577 μεγάλης,
1431 2523 1503 2562 ubi
1530 2519 1639 2560 nulla
1674 2519 1773 2581 aha,

337 2597 457 2634 quam
483 2598 626 2637 magna
653 2582 817 2622 ecclesia
843 2596 913 2621 seu
940 2583 981 2621 S.
1010 2581 1158 2634 Sophia
1186 2580 1430 2634 intelligitur.
1488 2577 1577 2615 Huc
1613 2587 1770 2628 quoque

339 2637 467 2675 refero
495 2639 709 2678 dictionem
735 2638 817 2678 τῶν
844 2634 965 2676 οἴκων
993 2637 1136 2690 Ρ.4ι’].
1172 2635 1341 2690 A.pen.‚
1363 2631 1622 2677 ubidubium,
1652 2630 1775 2680 βασι-ἐ

340 2690 479 2740 λικῶν,
518 2705 569 2731 an
604 2691 768 2745 εὐαγῶν
795 2690 1036 2746 subintelligi
1064 2691 1220 2731 debeat.
1277 2686 1494 2731 Monachos
1515 2685 1566 2725 ad
1586 2691 1773 2738 magnam·
