1884 3132
231 155 306 199 An
348 154 643 199 consi-Am.
667 151 864 197 Pomm.
902 155 974 196 DE
1019 151 1197 198 cmm.
1239 153 1336 195 Lm.
1378 155 1412 194 1.
1463 128 1567 190 38}

152 254 295 300 insulis
318 261 438 300 maris
460 260 608 314 Aegaei
637 267 677 299 et
702 274 794 299 cum
812 258 991 300 Hellade.
1044 259 1146 299 Sunt
1170 272 1263 312 ergo
1283 256 1435 297 insulae
1451 258 1572 298 maris

151 314 430 354 inedita-ranei
457 317 560 354 inter
598 315 940 368 Peloponnesum,
972 314 1212 377 Aegyptum
1237 320 1276 352 et
1303 314 1482 353 Africam
1508 327 1579 352 us-

211 383 234 408 e
257 369 495 408 adSiciliam
515 372 626 409 sitae.
690 371 801 408 Idem
825 383 867 422 p.
902 370 994 422 592.
1013 369 1059 406 Β.
1093 370 1132 409 5.
1163 383 1215 407 τα
1242 365 1444 407 nmmum>
1469 367 1579 421 μέρη

152 436 234 468 εως
257 423 445 471 Σικελίας
468 425 601 464 habet.
657 423 762 462 Hine
789 423 981 487 intelligas
1020 423 1133 461 illum
1161 421 1361 462 Alexiadis
1386 423 1518 462 locum
1535 431 1720 487 p5Ed,1,‚
1750 442 1812 468 no

154 476 252 517 358.
274 477 328 517 D.
353 479 414 521 3.:
433 473 455 517 ὅ
485 475 830 530 Καντακουζηνὸς
858 474 932 516 τὸν
958 477 999 516 Γ
996 490 1192 516 ενουσιων
1229 474 1373 516 στόλον
1401 491 1495 529 περι
1522 474 1575 517 τὰ

153 529 371 584 κατώτερα
395 533 502 587 μέρη
531 531 774 572 διαπλέοντα
801 528 934 597 ἐγγύς
949 544 1029 570 που
1059 526 1163 570 εἶναι
1189 530 1457 583 μεμαθηκώς.
1503 533 1576 572 In-

154 592 307 640 ter-pres
326 587 449 627 verba
469 586 567 638 περὶ
582 585 635 626 τὰ
651 582 860 638 κατώτερα
880 583 987 637 μέρη
1005 588 1221 639 praeteriit.
1252 586 1482 639 Significant
1496 601 1575 627 au-

153 647 238 680 tem
255 647 427 681 tractum
451 641 576 681 Elidis
606 649 645 680 et
665 642 830 695 Spartae
858 648 898 680 et
929 655 1052 691 mare,
1072 640 1182 704 quod
1200 640 1287 679 illas
1295 617 1455 690 sallust,
1482 656 1575 682 ver-

154 709 223 735 sus
238 695 398 736 Cretam
422 704 665 750 porrectum.
723 696 969 736 Confirmant
996 697 1215 748 sequentia,
1244 697 1286 734 in
1313 696 1457 749 quibus
1480 711 1575 750 pro-

154 753 398 790 montorium
420 751 573 791 Maleae
608 759 865 790 memoratur.
927 751 987 790 Ex
1026 750 1193 789 Hellade
1221 750 1346 790 CPlin
1385 752 1574 804 profectio

153 811 215 844 est
244 798 416 857 ανοδος,
455 813 495 845 et
528 809 751 854 contraria,
794 821 863 845 seu
888 806 982 844 hinc
1011 804 1127 854 illuc,
1169 812 1227 844 est
1266 766 1440 853 κάθοδος
1466 808 1575 860 apud

155 859 402 903 Constantio.
430 861 472 899 in
498 863 582 900 vita
605 861 737 900 Basilii
765 861 992 900 Macedonis
1021 875 1076 927 p.
1102 859 1190 914 196.
1228 860 1274 899 C.
1296 859 1336 911 4.
1394 861 1454 900 Ex
1477 861 1594 912 Ale-v

153 914 318 954 xandria
335 916 569 969 Byzantium
589 917 774 970 navigare
797 924 855 955 est
876 928 1073 965 ανακομιῑ,
1049 912 1199 954 εσθαι
1230 915 1426 968 Agathiae
1445 930 1487 969 p.
1501 916 1570 971 49.

159 981 242 1023 17„
257 982 281 1008 e
305 969 500 1009 Graecia
490 985 532 1010 in
561 971 737 1010 Pontum
763 972 950 1024 navigare
973 969 1167 1009 ἀναπλεῖν
1198 969 1416 1010 Plutarcho
1441 972 1572 1012 Vitar-

141 1022 190 1062 1.
228 1038 272 1077 p.
304 1023 398 1064 218.
428 1032 562 1078 antep.
599 1026 693 1065 edit.
721 1027 776 1064 H.
810 1026 1015 1079 Stephani.
1084 1024 1199 1063 Conf.
1222 1024 1432 1073 §Aristidis
1452 1027 1503 1065 T.
1535 1028 1569 1066 Ι.

152 1092 197 1132 p.
227 1077 322 1119 238.
353 1093 393 1119 2.
446 1080 585 1119 Unum
606 1081 736 1119 adhuc
755 1081 901 1120 addam
927 1095 949 1119 0
970 1081 1271 1119 Commentariis
1298 1081 1499 1120 Eustathii
1521 1082 1574 1122 ad

156 1131 406 1172 Homerum
395 1136 606 1201 lusignem
616 1135 775 1175 locum.
795 1133 850 1201 ζτὸ
900 1130 1097 1188 ἀνήγαγεν
1126 1130 1262 1183 ν’ψους
1287 1133 1377 1175 ἐστι
1401 1134 1574 1188 δηλωτι-

151 1184 361 1236 111111,καί
383 1191 519 1237 καλῶς
561 1187 758 1255 εἶρηται,
776 1186 832 1237 ὥς
867 1190 944 1229 τοῦ
975 1189 1033 1236 εἰς
1066 1187 1217 1241 Τροίαν
1245 1188 1291 1228 ἐκ
1316 1190 1399 1229 τῶν
1426 1190 1573 1231 νοτίων

152 1217 283 1280 nitido
290 1241 527 1305 α’ναγωγῆς
573 1258 699 1310 τινος,
730 1238 824 1297 ἤτοι
867 1243 1106 1294 ἀναβάσεως
1133 1257 1203 1282 και
1230 1258 1287 1290 ως
1314 1244 1444 1284 εἰπεῖν
1470 1242 1574 1284 ἀνά-

151 1297 259 1334 uzon
286 1309 424 1347 onoc,
454 1293 550 1351 ὅπερ
580 1295 652 1337 καὶ
678 1298 699 1338 ὁ
728 1300 885 1339 ἐκεῖθεν
910 1296 1118 1365 α’νάρρους
1128 1296 1419 1349 Ἑλλήσποντος
1447 1299 1573 1366 [retro

153 1363 319 1390 mrrens
352 1352 650 1418 Hellespontus]
675 1353 798 1406 δηλοῖ
819 1349 1052 1405 κατάῤῥους
1080 1368 1150 1391 ων·
1182 1350 1246 1392 διὸ
1273 1353 1345 1393 και
1367 1353 1571 1394 κατωτικιὶ

146 1401 326 1443 (Ελλάδα
369 1403 392 1444 ὅ
431 1404 561 1454 κοινὸς
604 1405 720 1460 λόγος
744 1407 878 1474 φησί,
941 1407 1148 1446 Helladcm
1189 1408 1374 1476 appellat
1397 1408 1573 1472 vulgaris

152 1471 283 1498 sermo
287 1467 442 1525 partes
466 1462 693 1509 inferiores,
725 1460 781 1508 ὥς
810 1458 920 1501 κάτω
947 1462 1144 1511 κειμένων
1171 1465 1254 1501 τῶν
1282 1462 1374 1501 ἐκεῖ
1393 1460 1495 1513 πρὸς
1516 1463 1566 1503 τὰ

154 1512 250 1551 καθ’
276 1512 646 1570 q‘mig.1ntelligit
673 1517 944 1566 Thessaliam,
984 1518 1094 1555 cuius
1133 1524 1313 1570 respectu
1352 1517 1486 1556 Hellas
1520 1518 1573 1558 ad

153 1575 335 1607 ausu-um
358 1570 473 1608 iacet.
541 1571 703 1610 Inversa
730 1585 802 1610 nos
833 1574 986 1609 ratione
1033 1572 1184 1624 agimus
1236 1579 1274 1610 et
1314 1571 1364 1610 ad
1393 1579 1572 1612 austrum

150 1622 228 1660 sita
260 1625 490 1676 superiora,
531 1626 580 1664 ad
608 1627 770 1665 boream
801 1626 986 1665 inserima
1009 1626 1190 1665 dicimus.
1251 1627 1304 1665 E.
1332 1641 1367 1669 0.
1402 1627 1572 1667 Saxonia

151 1678 332 1729 superior
368 1686 427 1717 est
461 1687 595 1719 nostra
618 1681 715 1719 haec
757 1683 883 1734 patna
897 1712 910 1731 ,
957 1681 1120 1719 inferior
1155 1695 1255 1734 quae
1293 1695 1429 1720 versus
1467 1683 1569 1721 ostia

153 1730 271 1771 Albis
308 1739 348 1771 et
386 1734 567 1788 Visurgis
595 1735 646 1774 ad
678 1750 786 1775 mare
824 1737 1104 1774 Germanicum
1144 1742 1381 1788 prospectat.
1434 1736 1488 1775 Et
1514 1739 1570 1776 sic

143 1787 235 1824 -iam
258 1785 356 1826 olim
377 1789 558 1828 Zosimus
586 1787 661 1841 τὴν
693 1788 804 1830 κάτω
833 1790 872 1829 Γ
870 1804 1069 1853 εομαιιαν
1098 1790 1276 1843 Belgium
1298 1790 1395 1829 dixit
1421 1790 1489 1830 Vl.
1524 1805 1564 1830 2.

153 1839 233 1879 Sed
256 1841 314 1879 ibi
343 1844 499 1883 variant
525 1844 698 1892 codices,
729 1859 901 1898 quorum
928 1845 994 1883 alii
1024 1860 1109 1884 αιω
1145 1845 1400 1906 plaeI'erunt,
1429 1845 1567 1897 quod,

153 1897 337 1947 quamvis
360 1897 521 1937 damnet
548 1899 807 1953 Sylburgius,
838 1901 968 1938 nescio
1007 1907 1139 1938 tamen
1178 1914 1310 1938 annon
1339 1902 1389 1938 sit
1415 1900 1569 1951 praefe-

151 1949 334 1990 rendum.
390 1952 546 1992 Pariter
577 1955 625 1992 N
616 1962 733 1993 metas
760 1955 972 1993 Choniates
992 1969 1035 2007 p.
1069 1953 1161 1994 215.
1192 1954 1238 1993 C.
1266 1969 1306 2007 9.
1329 1954 1393 1992 ed.
1421 1955 1565 1993 Venet.

151 2002 382 2044 Flandriam
399 2003 473 2053 τὰς
489 2006 596 2046 κάτω
625 2008 665 2047 Γ
662 2009 821 2059 αλλιας,
849 2010 1099 2048 PValloniam
1126 2010 1363 2071 &fin-iorem,
1379 2008 1565 2073 appellat.

155 2059 352 2098 Maximus
378 2075 536 2116 quoque
569 2063 715 2116 Tyrius
736 2071 838 2102 orat.
884 2065 1002 2102 XIX.
1045 2060 1114 2102 τὸν
1141 2058 1393 2102 κατελθόντα
1421 2060 1569 2112 λοιιιόν

153 2120 302 2177 poetem
325 2114 448 2165 dixit,
486 2131 587 2169 quae
625 2132 670 2156 ex
698 2118 910 2170 Aethiopia
941 2118 1141 2157 descendit
1175 2119 1217 2156 in
1244 2117 1443 2164 Atticam,
1472 2124 1520 2156 ut
1545 2131 1569 2157 e

148 2170 356 2220 superiore
376 2169 417 2208 in
442 2171 683 2212 inferiorem.
739 2173 799 2212 Ne
827 2173 924 2226 quid
941 2174 1102 2211 tandem
1122 2172 1380 2221 dissimulem,
1407 2179 1507 2211 esset
1525 2172 1567 2211 in

153 2221 284 2262 Dione
321 2223 478 2275 Cassio,
511 2239 579 2264 seu
616 2227 844 2279 Xiphilino,
887 2228 1044 2266 lectioni
1082 2241 1166 2265 αιω
1194 2227 1459 2279 praesidium,
1497 2225 1566 2279 qui

152 2289 195 2328 Ρ.
224 2291 338 2317 1020.
369 2278 438 2327 45.
466 2254 643 2331 ανάγειν
684 2284 816 2334 posuit
847 2296 920 2334 pro
970 2296 1024 2320 ex
1062 2281 1162 2320 Asza
1194 2282 1360 2319 Romam
1398 2280 1565 2331 ducere,

153 2331 231 2369 nisi
257 2332 308 2371 de
335 2334 532 2372 contraria
568 2335 839 2398 profectione,
877 2337 1004 2375 Roma
1036 2335 1087 2374 ad
1124 2335 1393 2388 Euphratem,
1422 2335 1568 2374 Aristi-

149 2384 296 2425 desT.
323 2387 353 2425 1
386 2402 425 2440 p.
457 2403 550 2441 219.
591 2403 624 2426 c.
646 2390 716 2429 fin.
742 2405 828 2428 ανω
856 2389 962 2429 ιέναι
980 2391 1149 2429 dixisset.
1203 2391 1263 2429 Ex
1290 2390 1353 2429 his
1382 2390 1566 2429 omuibus

150 2438 306 2479 efficere
322 2456 403 2480 non
418 2443 531 2481 valeo
547 2445 619 2482 nisi
643 2443 718 2482 hoc
737 2459 877 2494 unum,
903 2452 1082 2484 auctores
1096 2445 1294 2483 modum
1283 2459 1323 2482 111
1335 2444 1396 2483 his
1412 2458 1568 2498 geogra-

152 2493 278 2544 phicis
296 2497 466 2535 eundem
484 2512 565 2536 non
590 2499 772 2544 tenuisse,
804 2507 842 2537 et
858 2500 909 2537 ob
932 2499 1034 2538 hanc
1054 2499 1357 2538 inconstantiam
1373 2499 1564 2537 Nostrum

153 2555 258 2587 recte
284 2551 410 2589 videri
434 2566 546 2604 posse
566 2553 719 2591 Italiam
749 2549 799 2591 τὰ
831 2568 917 2592 ανω
943 2553 1050 2605 μέρη
1077 2553 1242 2603 dixisse,
1273 2560 1319 2592 ut
1332 2553 1557 2592 australem.

235 2615 328 2656 229.
361 2605 416 2644 A.
452 2606 491 2646 5.
522 2606 631 2660 [595,
666 2606 727 2660 5.]
758 2602 980 2658 λαυρεάτα.
1036 2609 1098 2646 De
1129 2608 1312 2646 laureatis
1349 2607 1489 2646 litteris
1525 2616 1564 2647 et

157 2649 390 2708 imaginibus
416 2662 520 2709 suis,
549 2675 645 2713 quas
674 2664 766 2700 novi
797 2663 839 2699 in
868 2662 1069 2701 occidente
1083 2663 1372 2726 Imperatores'
1361 2677 1403 2700 111
1433 2663 1565 2701 orien-

153 2714 234 2748 tem
266 2713 419 2753 mittere
451 2715 678 2765 debebant,
721 2730 768 2756 00
801 2718 973 2769 auspicia
1008 2718 1117 2770 regni
1149 2719 1211 2756 sui
1249 2717 1502 2771 significaturi
1526 2725 1565 2757 et
