1884 3132
311 108 419 165 360
595 129 668 169 10.
709 127 813 169 mc.
853 127 1046 169 nmsxn
1076 120 1463 172 ‘COMMENTARH

313 246 457 270 summo
475 231 691 279 sacerdoti,
711 247 846 271 munus
874 234 1023 285 insigne
1042 233 1113 273 dat
1129 236 1171 273 ln
1191 235 1316 273 mamis
1329 264 1340 283 ‚
1369 233 1663 290 satellitiumque
1690 236 1750 275 ad

311 287 445 340 epulas
472 288 639 325 invitat.
689 287 742 326 Ut
758 289 851 326 satis
868 289 1028 339 filetum
1062 290 1194 329 ventri
1219 298 1273 327 esc
1289 319 1299 338 ,
1331 297 1424 343 post
1456 289 1625 328 alter-am
1659 292 1747 339 ple-

313 355 472 395 ramque
509 342 648 380 horam
691 343 775 380 abit
827 343 940 381 turba
988 352 1026 382 ec
1065 344 1123 382 ad
1167 343 1290 382 aliam
1319 358 1527 398 procerum
1571 344 1748 384 diver-tic.

313 395 434 434 Hunc
453 395 512 434 ad
531 397 689 435 modam
713 397 884 453 quotidie
915 399 1082 453 quinque
1107 399 1173 438 vel
1196 413 1269 437 sex
1291 399 1457 437 illustres
1486 398 1620 438 domos
1652 399 1751 438 ade-
1778 407 1782 410 ”

314 459 395 490 unt.
454 450 496 489 E
497 464 521 489 α
549 466 610 489 res
624 482 634 499 ‚
670 452 718 490 ob
756 452 876 490 Czari
913 455 1180 507 praesentiam
1195 483 1205 501 ,
1256 454 1319 491 cui
1351 453 1578 508 apocombia
1617 456 1751 494 omnia

314 505 454 544 cedunt
469 536 479 554 ‚
514 507 648 558 ingens
669 508 820 546 lucrum
843 508 976 559 refert.
1036 508 1181 547 Incidit
1206 508 1336 547 adhuc
1361 510 1402 547 in
1429 510 1662 547 memoriam
1681 523 1752 548 ve-

315 562 411 599 teris
432 561 519 599 aevi
553 562 745 601 ridiculus
767 561 866 601 alius
892 577 977 602 mos
998 593 1009 613 ‚
1041 577 1134 602 cum
1155 563 1326 602 Gothico
1343 562 1439 602 ludo
1456 563 1750 616 quodammodo

318 617 558 655 conveniens
575 647 584 664 ‚
617 617 666 656 de
693 631 773 671 quo
793 631 834 655 v.
857 618 923 656 Du
954 619 1087 671 Gange
1116 631 1156 662 v.
1174 618 1357 657 Bombm.
1415 618 1522 656 Citat
1543 618 1598 657 ibi
1617 618 1750 657 locum

317 671 461 710 veteris
491 671 651 711 chartae
681 687 703 711 e
734 672 939 712 Camdeno
968 681 1006 712 ct
1035 673 1276 726 Spelmanno
1296 704 1306 721 ‚
1338 673 1388 712 de
1412 672 1586 727 quodam
1614 672 1750 712 Baldi-

319 739 373 764 no
389 755 399 774 ,
430 727 500 780 qui
527 734 653 766 terras
680 729 722 766 in
758 728 948 767 comitatu
972 728 1223 768 Suffolkiensi
1246 730 1374 767 tenuit
1400 742 1470 782 per
1494 730 1722 767 serienciam
1733 758 1751 775 ,

312 794 392 834 pro
419 796 495 836 qua
517 782 648 821 debuit
659 784 803 835 facere
829 784 989 836 singulis
1013 785 1127 822 annis
1159 784 1224 822 die
1250 784 1377 822 natali
1414 782 1584 821 Domini
1619 797 1754 822 coram

319 835 477 878 domino
501 851 588 889 rege
616 852 735 876 unum
767 839 907 876 saltum
923 869 932 886 ‚
968 853 1084 877 unum
1105 839 1294 890 suffletum
1324 847 1362 876 et
1379 852 1495 876 unum
1525 837 1757 876 bombulum.

322 889 370 929 Id
409 898 475 928 est»
516 892 655 931 debuit
703 894 744 931 in
784 892 925 932 tributi
958 895 1089 932 vicem
1135 907 1269 932 eoram
1300 907 1393 946 rege
1423 893 1648 931 Britanniae
1693 893 1758 932 die

322 945 447 983 natali
475 946 638 986 Domini
658 947 845 986 choream
868 947 1093 998 desultare,
1125 945 1298 987 σάσσειν
1315 977 1326 999 ,
1365 946 1510 986 buccas
1537 946 1676 986 inflare
1706 947 1758 986 ad

321 1001 596 1053 excipiendum
641 1002 855 1054 colaphum
898 1011 937 1042 et
966 1005 1159 1055 crepitum
1181 1003 1330 1041 ventris
1362 1003 1564 1051 emittere,
1596 1009 1641 1041 ut
1673 1009 1757 1041 tam

323 1057 526 1108 superiore
541 1086 553 1107 ,
579 1071 697 1110 quam
729 1057 914 1096 inferiore
935 1065 1112 1111 strepens
1140 1071 1208 1097 ore
1231 1059 1354 1096 risum
1373 1058 1568 1097 excitaret.
1625 1057 1759 1110 Digna

326 1109 397 1149 illo
421 1124 520 1151 aevo
541 1119 580 1150 et
606 1111 787 1151 barbaris
807 1112 883 1151 illis
896 1113 1123 1151 oblectatio.

409 1179 502 1204 222.
527 1165 581 1205 A.
602 1166 643 1218 4.
670 1166 783 1222 [581‚
803 1166 865 1219 4.]
895 1165 1231 1221 δωδεκαημὲρου.
1263 1168 1405 1206 Graeci
1431 1164 1640 1205 duodecim
1670 1165 1758 1205 illos

327 1219 440 1270 dies,
468 1222 537 1274 qui
567 1221 709 1262 festum
735 1221 962 1262 Nativitatis
986 1222 1133 1261 Christi
1162 1230 1202 1261 et
1230 1222 1479 1275 Epiphaniae
1509 1221 1761 1260 intercedunt

327 1274 672 1316 Dodecahemeron
704 1277 904 1329 appellant
922 1307 934 1327 ,
965 1285 1161 1317 nostrates
1189 1277 1391 1316 duodecim
1415 1285 1540 1316 noctes
1557 1306 1567 1324 ‚
1605 1276 1762 1328 vulgari

328 1327 467 1382 lingua
499 1331 564 1370 die
598 1346 642 1370 12
665 1331 829 1371 thclzce.
883 1332 1043 1371 Solebat
1067 1347 1138 1387 per
1171 1332 1259 1371 illos
1285 1332 1368 1371 dies
1392 1332 1614 1383 Imperator
1631 1330 1760 1370 CPta-

329 1398 407 1423 nus
440 1385 602 1424 cletoria
631 1401 700 1426 seu
736 1387 918 1427 solennes
961 1387 1096 1440 epulas
1133 1388 1337 1426 instituere
1353 1416 1364 1437 ,
1400 1384 1546 1440 quibus
1582 1399 1764 1440 proceres

330 1452 425 1478 suos
443 1441 687 1494 excipiebat,
722 1442 860 1481 diebus
885 1442 1049 1495 singulis
1070 1442 1191 1493 alios,
1223 1449 1268 1481 ut
1319 1448 1398 1480 atet
1417 1441 1600 1480 distincte
1627 1455 1648 1480 e
1673 1440 1765 1479 Cle-

330 1493 539 1547 torologio.
600 1497 708 1536 Haec
734 1505 827 1536 sunt
850 1497 919 1536 illa
940 1497 982 1545 ἐξ
1009 1493 1134 1544 ἔθους
1163 1498 1373 1549 κλητωρια
1401 1494 1475 1548 τῆς
1503 1494 1767 1547 δωδεκαημέ-

333 1561 436 1601 ρου,
484 1565 586 1602 quae
616 1552 823 1591 cedrenus
857 1554 913 1591 ait
953 1553 1160 1591 Iustinian.
1197 1552 1251 1591 ob
1285 1565 1445 1590 eversae
1468 1550 1579 1589 urbis
1613 1548 1767 1588 luctum

332 1617 415 1643 non
441 1604 594 1644 secisse.
653 1607 809 1647 Similes
835 1607 986 1661 epulas,
1026 1608 1094 1646 sed
1119 1621 1189 1659 per
1218 1620 1365 1646 novem
1407 1613 1477 1644 aut
1511 1606 1647 1644 decem
1681 1604 1765 1643 dies

333 1661 614 1699 tantummodo
636 1664 903 1712 continuatas,
931 1663 1146 1714 praebebat
1170 1663 1389 1715 Imperator
1413 1661 1509 1699 festo
1531 1659 1734 1698 Paschatis
1754 1673 1766 1709 3

335 1713 421 1751 vid.
444 1728 486 1767 p.
517 1715 605 1766 ¹41.
625 1716 672 1756 C.
693 1732 731 1772 9.
755 1748 767 1769 ,
796 1718 865 1757 ubi
886 1712 911 1770 ἦ
931 1715 1158 1770 ἐξαήμερος
1184 1717 1256 1769 τῆς
1286 1712 1604 1766 διακαινησίμου
1633 1714 1767 1766 appel-

336 1766 444 1807 latur
485 1769 677 1811 festivitas
708 1787 773 1811 sex
808 1773 996 1826 proximis
1025 1787 1049 1811 a
1091 1771 1298 1810 Paschatis
1330 1770 1393 1808 die
1425 1769 1565 1807 diebus
1592 1775 1766 1821 peracta.

336 1822 415 1862 Sed
443 1823 519 1863 hac
546 1826 595 1864 de
614 1840 658 1865 re
681 1841 754 1866 suo
775 1827 862 1867 loco
883 1828 1002 1866 latius
1021 1842 1032 1878 3
1060 1841 1103 1866 v.
1125 1827 1192 1864 Du
1223 1826 1356 1878 Gange
1374 1839 1413 1863 v.
1437 1820 1769 1875 δωδεκαήμερον.

370 1889 374 1892 ’
449 1878 500 1921 A.
521 1879 557 1921 5.
576 1879 770 1936 [381,5.]
797 1877 1055 1937 τρυγητικὸν.
1110 1881 1247 1931 Quare
1277 1888 1398 1918 coena
1426 1878 1522 1917 haec
1547 1879 1769 1916 vindemia-

340 1931 390 1970 lis
427 1933 668 1988 appelletur,
718 1938 849 1976 media
879 1937 1035 1986 hieme,
1067 1935 1166 1975 mihi
1209 1934 1370 1988 quidem
1405 1932 1524 1985 latet3
1566 1931 1632 1972 alii
1674 1946 1770 1972 con-

341 1987 501 2027 iectent.

451 2042 502 2084 A.
519 2042 559 2083 8.
579 2043 696 2099 [581‚
717 2044 775 2099 7.]
805 2045 940 2094 πέξαι.
971 2044 1035 2084 Sic
1061 2044 1189 2084 solent
1215 2043 1368 2082 librarii
1395 2043 1535 2081 Graeci
1570 2055 1642 2096 pro
1675 2044 1772 2080 nat·-

341 2094 425 2143 ξαι.
482 2098 717 2151 Inspiciatur
736 2103 866 2153 imago
887 2099 987 2139 alvei
1014 2099 1151 2138 lusorii
1182 2113 1273 2138 cum
1287 2097 1609 2137 Graecobarbara
1635 2097 1774 2135 inscri-

342 2151 478 2203 ptione
506 2154 612 2206 apud
634 2154 801 2194 Salmas.
819 2155 869 2193 ad
889 2155 1034 2207 Script.
1049 2155 1150 2193 Hist.
1173 2155 1279 2207 Aug.
1298 2154 1350 2192 T.
1374 2155 1431 2191 ΙΙ.
1459 2168 1501 2205 p.
1523 2151 1616 2206 751.
1674 2150 1772 2188 Inde

342 2209 522 2246 manavit
557 2208 726 2248 verbum
767 2211 1051 2261 τροχοπεκτεῖν
1077 2223 1151 2262 pro
1180 2210 1488 2260 τροχοπαικτεῖν
1520 2206 1626 2260 apud
1654 2204 1773 2243 Arte-

344 2261 545 2300 midorum
569 2277 610 2315 p.
640 2263 707 2304 65.
749 2264 817 2304 25.
849 2271 888 2302 et
915 2266 1194 2316 ψηφοπεκτεῖν
1222 2263 1328 2316 apud
1354 2262 1524 2301 eundern
1550 2276 1592 2315 p.
1620 2259 1710 2310 164.
1733 2273 1772 2298 2.

345 2313 410 2353 Sic
439 2317 540 2356 infra
569 2319 675 2371 apud
704 2319 897 2358 Nostrum
923 2333 964 2371 p.
986 2317 1080 2357 252.
1102 2318 1150 2357 C.
1170 2317 1243 2356 ult.
1266 2317 1465 2366 ἐξαιαῖσαι
1480 2330 1553 2370 pro
1572 2314 1743 2362 ἕξεῶσαι
1758 2344 1768 2361 ,

347 2382 390 2420 p.
411 2370 506 2421 411.
529 2373 576 2411 C.
594 2387 635 2426 9.
655 2371 832 2419 πλάκαις
858 2387 931 2427 pro
943 2368 1109 2424 πλάκες,
1134 2387 1174 2426 p.
1194 2371 1288 2423 434.
1308 2373 1354 2410 C.
1375 2371 1448 2410 ult.
1480 2363 1776 2421 παιζοὸρόμιον

351 2437 425 2474 pro
453 2424 722 2478 πεζοδρὸμιον
749 2436 788 2467 et
813 2443 904 2482 pag.
929 2427 1022 2466 282.
1041 2428 1112 2468 ult.
1128 2426 1194 2466 ἐπ’
1221 2421 1428 2477 αἰσχάτων
1456 2438 1528 2478 pro
1556 2422 1617 2461 ἐπ’
1647 2420 1777 2484 ε’σζά-

354 2491 457 2527 των,
497 2483 537 2519 in
561 2483 666 2534 fine,
708 2484 888 2532 tandem,
920 2497 959 2535 p.
996 2496 1089 2536 292.
1121 2483 1173 2520 D.
1195 2496 1234 2535 7.
1267 2479 1457 2532 δωραιῶν
1481 2491 1555 2532 pro
1584 2476 1777 2529 δωρεων;

351 2545 393 2583 p.
416 2533 508 2586 587.
532 2537 576 2574 B.
601 2552 639 2588 7.
657 2537 864 2588 χαιλῶναι
893 2537 1052 2590 legitur.
1113 2536 1236 2589 Apud
1263 2533 1444 2586 Theoph.
1483 2548 1524 2585 p.
1550 2546 1639 2585 172.
1660 2532 1711 2570 A.
1734 2547 1775 2585 7.

354 2593 393 2623 et
422 2588 515 2626 alibi
545 2584 727 2643 dvrs'pstv
757 2607 829 2644 pro
861 2591 1078 2644 ἀνταίρειν.
1136 2592 1302 2630 Possent
1329 2586 1470 2627 similia
1509 2586 1683 2639 exempla
1718 2587 1779 2624 in-

349 2643 469 2690 tegris
513 2645 697 2695 plaustris
734 2649 891 2700 congeri
933 2655 972 2685 et
1003 2653 1234 2685 sexcentena
1271 2643 1356 2681 loca
1390 2649 1598 2680 auctorum
1626 2656 1671 2680 ex
1703 2641 1779 2679 hoc

353 2695 570 2737 modic-inae
593 2700 702 2739 fonte
727 2703 955 2740 restaurari.
1016 2702 1093 2740 Sed
1120 2700 1184 2739 hic
1209 2698 1317 2738 loms
1347 2711 1426 2735 non
1447 2705 1528 2746 est,
1559 2704 1596 2736 et
1623 2699 1715 2736 satis
1739 2696 1782 2733 in
