1832 3126
327 144 432 198 126
591 163 663 204 ιο.
708 163 814 205 1Ac.
853 165 1049 205 masml
1097 166 1478 212 coiiiMEN‘rARn

430 266 478 304 C.
499 278 538 303 α.
579 264 671 318 [πῃ
706 264 791 320 14.]
838 263 1213 320 αὐωφιλλικήσιμε.
1271 272 1330 309 Μ.
1373 264 1460 311 ἅνω
1501 271 1771 328 φιλλικὴσιμε

319 321 476 360 duabus
503 321 685 359 vocibus·
746 322 809 360 Dc
849 322 994 375 quibus
1034 324 1132 376 quid
1171 329 1355 366 statuerit
1385 328 1504 368 Doet.
1535 330 1735 384 Interprcs
1756 361 1769 382 ‚

314 384 430 429 ,patet
458 391 504 415 ex
533 378 618 415 eius
648 378 991 431 interpretatione.
1051 380 1163 429 Quid
1205 382 1238 420 si
1281 375 1368 421 ἄνω
1407 384 1515 423 idem
1545 384 1611 425 hic
1638 387 1771 426 valeat

318 438 442 485 atque
469 432 716 472 nostratibus
745 440 888 472 notum
917 434 1019 473 illud
1046 435 1144 474 hoc-lc
1160 465 1171 486 ,
1212 438 1254 475 in
1284 438 1570 480 acclamatione
1594 449 1635 481 et
1661 441 1770 481 iubi-

315 486 382 526 lo:
418 487 545 526 Vivat
561 489 688 528 lcoclz?
727 488 789 527 Ut
815 489 912 542 titff
930 490 972 528 in
1001 491 1185 543 opposita
1214 492 1270 531 illi
1297 493 1598 536 acclamatione:
1628 506 1771 554 pereat

317 542 433 596 tieff,
481 551 595 583 notat
635 544 898 584 deiectionem
933 560 957 584 e
986 545 1144 599 fastigio
1174 547 1325 599 gloriae
1342 579 1353 599 ‚
1390 546 1683 604 κατάπτωσιν,
1724 560 1772 592 ut

317 599 460 638 Noster
487 598 691 653 loquitur,
726 602 782 639 ita
811 594 911 649 ἄνω,
943 602 1056 652 bocla,
1086 598 1281 656 significat
1307 598 1503 657 ὕψωσιν,
1533 600 1767 659 ἇνύψωσιν,

317 654 583 695 elevationem
624 656 666 694 iu
703 655 917 696 sublimem
955 657 1121 696 honoris
1160 666 1199 698 et
1238 660 1423 700 fortunae
1491 661 1648 702 radum.
1707 663 1770 704 Ut

312 703 407 749 ,ἅνω
437 706 709 764 φιλλικήσιμε
734 711 790 751 ,ad
818 713 927 752 hunc
956 713 1124 752 modum
1152 715 1367 767 significet:
1397 677 1610 758 sublimem
1636 726 1679 758 te
1695 733 1770 773 po-

315 772 389 805 nat
412 765 534 815 deus,
568 781 728 806 sursum
756 782 822 807 eas
844 798 855 818 ,
886 770 1060 808 emineas
1088 783 1210 822 super
1236 770 1371 810 hostes
1397 778 1490 811 tuos
1518 781 1557 812 et
1585 776 1768 815 omnium

317 835 407 875 spes
435 829 555 875 atque
582 831 679 862 vota
697 853 709 874 ,
746 838 771 862 o
799 823 1039 863 felicissime.
1098 824 1199 864 Erat
1220 833 1358 866 autem
1388 827 1631 869 Felicissime
1657 844 1768 870 com-

314 876 480 931 pellatio
510 879 671 918 Caesari
698 882 887 932 propria,
916 887 962 918 ut
990 879 1042 918 ad
1069 894 1112 933 p.
1132 881 1226 922 256,
1257 882 1311 920 D.
1334 883 1374 921 3.

429 934 477 972 C.
501 933 541 986 4.
565 934 659 989 [21,
683 934 769 990 15.]
800 930 1016 991 dmoyo'vcp.
1073 937 1152 984 Μ.,
1183 935 1334 991 ubique
1357 936 1456 976 haec
1482 951 1561 978 vox
1588 952 1769 979 oecurre-

315 1013 402 1059 ret,
433 1005 674 1045 exhibebant
701 1021 776 1060 pro
803 1014 910 1047 sexta
937 1007 1053 1047 litera
1076 996 1140 1047 ’ὧ-

428 1061 475 1100 C.
498 1061 650 1116 8,[21‚
677 1062 762 1118 18.]
805 1062 1066 1117 διβητησιόυ.
1122 1065 1180 1103 Μ.
1215 1062 1465 1117 διβητησάυ,
1495 1064 1538 1104 id
1567 1072 1627 1106 est
1653 1064 1768 1120 διβη-

313 1112 481 1169 τησίων.
535 1117 709 1158 Solenne
749 1121 857 1158 enim
886 1119 943 1158 illi
970 1119 1136 1159 librario
1166 1127 1225 1159 est
1254 1134 1276 1159 ν
1302 1119 1422 1159 finale
1446 1121 1632 1161 omittere
1650 1153 1660 1170 ‚
1707 1122 1766 1161 le·-

315 1174 417 1211 ctori
457 1174 741 1227 supplendum.
798 1175 861 1214 De
899 1175 1076 1215 dibitisio
1103 1175 1265 1229 profero
1293 1177 1544 1216 coniecturas
1571 1178 1767 1233 quasdam

315 1228 367 1268 ad
393 1243 436 1282 p.
461 1229 554 1281 240.
587 1231 635 1270 C.
655 1231 730 1270 ult.

426 1285 481 1324 D.
506 1300 539 1324 1.
577 1285 668 1340 [21,
691 1285 780 1341 23.]
827 1285 888 1326 ἐπ’
926 1278 1063 1339 εὖρος.
1119 1287 1212 1326 Non
1250 1287 1293 1325 in
1334 1286 1656 1341 longitudinem,
1697 1285 1769 1328 ἐπὶ

313 1339 470 1391 μῆκος,
499 1341 569 1380 sed
596 1344 638 1382 in
670 1343 932 1383 latz‘tzaiz'nem.
989 1344 1176 1382 Recurrit
1194 1342 1292 1382 haec
1310 1342 1432 1382 dictio
1447 1343 1556 1397 apud
1574 1344 1767 1386 Nostrum

315 1394 550 1450 aliquoties.⁴
1462 1424 1483 1444 ς

426 1453 480 1491 D.
503 1467 542 1491 2.
563 1451 655 1508 [2l,
676 1452 774 1508 24]
798 1451 1034 1507 ἐπεύχεται.
1094 1454 1356 1494 Membranae
1383 1452 1514 1501 ἕπευ,
1552 1454 1661 1496 unde
1688 1453 1768 1495 effi-

314 1508 378 1547 cio
405 1502 676 1560 ἔπεύχοπαι..

379 1562 500 1614 14,Α.
525 1563 680 1620 3.[22,
706 1563 794 1633 πμ]
851 1565 928 1604 τοῦ
968 1566 1204 1620 uuachun.
1254 1566 1316 1605 M.
1353 1564 1432 1605 τοῦ
1467 1563 1617 1620 κυρίου
1645 1561 1767 1619 ἡμῶν

315 1615 390 1658 καί
415 1617 522 1658 θεοῦ
547 1614 691 1673 ἑορτὴ,
720 1634 791 1659 και
819 1618 845 1672 ἦ
875 1619 989 1672 ἁγία.

428 1675 483 1714 A.
509 1689 546 1726 7.
584 1675 675 1730 [22,
700 1674 784 1730 14.]
828 1671 1138 1722 ἀλλασσόντων,
1194 1677 1287 1717 Νοῐι
1330 1678 1417 1718 sine
1454 1675 1588 1717 taedio
1630 1675 1766 1730 legens

311 1731 434 1770 toties
462 1731 610 1770 factam
647 1734 1067 1773 commemorationem
1104 1735 1276 1773 vestium
1313 1740 1560 1774 mutatarum
1575 1761 1586 1783 ‚
1627 1733 1766 1771 mirari

314 1787 428 1840 coepi
458 1802 620 1826 causam
648 1788 770 1827 moris
786 1795 870 1826 tam
892 1789 1060 1828 taediosi
1089 1797 1128 1828 et
1146 1789 1418 1840 incommodi3
1453 1788 1644 1840 visusque
1663 1787 1766 1830 mihi

317 1857 408 1881 sum
439 1857 527 1882 eam
566 1845 609 1882 in
637 1843 884 1883 absurditate
910 1852 953 1883 et
980 1846 1264 1898 superstitione
1290 1843 1445 1883 creduli
1483 1842 1590 1882 illius
1619 1842 1766 1885 saeculi

315 1899 526 1951 reperisse,
560 1900 625 1938 cui
653 1899 768 1940 facile
793 1899 1026 1954 persuaderi
1055 1907 1228 1953 poterat,
1256 1914 1400 1954 magna
1428 1898 1562 1938 latere
1576 1900 1767 1953 mysteria

317 1955 362 1994 in
390 1955 517 2005 tiara,
545 1954 701 2007 pallave
729 1955 805 1996 hoc
835 1956 876 1994 in
903 1955 992 1995 loco
1019 1959 1147 2009 posita
1166 1985 1178 2007 ,
1208 1956 1251 1994 in
1278 1955 1357 1995 alio
1382 1955 1587 2008 deposita,
1617 1955 1659 1993 in
1678 1953 1767 1994 aliis

316 2009 467 2050 talibus
513 2011 659 2050 mimis.
719 2010 970 2060 Accedebat,
1019 2011 1130 2064 quod
1172 2025 1328 2051 morem
1369 2010 1484 2050 illum
1528 2010 1599 2051 diu
1635 2009 1735 2049 aluit
1751 2039 1764 2061 ,

318 2079 450 2119 neque
477 2068 558 2106 cito
595 2066 805 2120 depone-:15¹
837 2067 951 2106 iussit
985 2067 1097 2120 quod
1124 2074 1253 2106 vestes
1281 2074 1439 2106 tantum
1468 2066 1681 2105 exteriores
1707 2067 1765 2104 in,

317 2120 490 2161 duerent
521 2130 560 2161 et
587 2119 801 2172 exuerent,
837 2121 988 2176 amplas
1017 2121 1103 2161 illas
1130 2130 1170 2161 et
1201 2121 1307 2161 facili
1335 2123 1498 2176 negotio
1525 2119 1764 2172 mutabiles3

318 2177 431 2233 quod
456 2178 596 2231 nequit
637 2179 679 2220 in
706 2179 854 2218 strictis
891 2179 1040 2217 nostris
1065 2178 1244 2218 vestibus
1269 2192 1399 2231 aeque
1423 2176 1636 2217 commode
1661 2176 1762 2221 fieri,

431 2231 485 2274 A,
517 2234 559 2274 8.
592 2233 683 2288 [22‚
725 2233 810 2287 15.]
868 2232 1211 2284 ἄποσυναχθιόσι,
1267 2234 1418 2278 Rursus,
1463 2240 1762 2285 congregentur,

320 2301 465 2341 nempe
493 2289 545 2327 ad
571 2289 865 2342 processionem
901 2289 1242 2342 pomeridianam,
1284 2291 1357 2343 qui
1393 2291 1475 2333 iam
1514 2294 1631 2329 antea
1658 2289 1765 2325 eius-

318 2342 414 2381 dem
438 2344 521 2383 *diei
549 2359 666 2384 mane
694 2346 921 2398 congregati
949 2344 1125 2383 fuerant.
1182 2346 1236 2384 V.
1269 2345 1319 2388 de
1346 2345 1424 2384 hoe
1452 2358 1528 2383 usu
1545 2341 1765 2396 particulae

318 2394 404 2437 dni)
431 2401 473 2440 in
501 2402 753 2454 compositis,
787 2415 890 2454 quae
917 2400 969 2439 ad
996 2415 1089 2454 pag.
1114 2401 1209 2439 δοῖ.
1242 2401 1290 2439 C.
1321 2399 1475 2454 penult.
1504 2398 1692 2437 diximus.

433 2455 479 2492 B.
501 2470 541 2494 2..
563 2455 651 2510 [22‚
680 2455 765 2510 19.]
793 2451 1024 2505 τζιτζάκια.
1081 2455 1211 2506 Quale
1239 2456 1360 2495 fuerit
1377 2457 1663 2495 vestimentum
1679 2453 1765 2494 Tzi÷

321 2510 520 2560 tzacium,
552 2511 635 2550 non
663 2514 788 2564 magis
817 2512 938 2561 novi,
968 2525 1090 2565 quam
1117 2512 1215 2564 quid
1241 2512 1480 2550 dibetesium
1508 2509 1640 2548 fuerit.
1685 2508 1765 2548 Pe-

319 2565 526 2616 regrinum
558 2581 642 2606 esse
669 2581 790 2606 sonus
817 2568 902 2620 ipse
930 2567 1081 2621 prodit,
1111 2574 1151 2606 et
1179 2567 1368 2607 Scholion
1394 2566 1460 2605 hie
1478 2564 1556 2604 loci
1585 2563 1767 2605 additum

318 2620 472 2659 indicat
501 2635 584 2660 esse
613 2622 889 2666 Chazaricum,
951 2624 1000 2662 In
1027 2621 1178 2662 scholio
1206 2623 1291 2675 ipso
1327 2635 1402 2676 pro
1447 2618 1652 2674 φορέουσι
1681 2625 1767 2661 erat

320 2683 479 2746 φορεᾶἷ
512 2694 554 2731 in
582 2694 826 2734 membranis
843 2724 854 2744 ‚
903 2694 1013 2748 quod
1052 2693 1150 2746 quid
1190 2695 1240 2732 sit
1270 2709 1353 2734 non
1381 2691 1560 2745 expedio.
1619 2688 1765 2729 Paullo

320 2750 662 2806 post‘restituatur
683 2764 729 2789 ex
760 2749 901 2791 iisdem
927 2748 1115 2802 βασιλίδι
1143 2748 1216 2791 καί
1241 2745 1525 2806 θεοφυλάκτφ.
1582 2745 1767 2800 Augusta
1803 2794 1806 2795 ⁷
