1826 3126
279 161 353 217 36
540 178 613 220 10.
653 176 758 219 1Ac.
796 177 990 218 Rsslsxu
1027 175 1406 219 comnmmu

276 282 372 322 alias
390 290 483 321 sunt
501 284 670 334 σπεῖραι
704 279 889 319 cohortes
914 278 1120 320 militares.
1157 280 1253 320 Vid.
1273 279 1410 320 Vales.
1430 279 1482 320 ad
1511 281 1717 323 Ammian.

274 337 457 376 Marcell.
486 352 528 390 p.
550 336 618 388 42.
637 336 680 375 6.
697 343 780 388 etp
785 335 913 376 ..255
949 337 1073 377 Goar.
1106 335 1158 375 ad
1188 336 1718 400 Τ110οΡΙιε1ἠ.Ρ.45.Β.5.

274 400 315 431 et
333 392 400 446 89.
423 392 470 431 C.
486 393 529 432 6.
570 391 814 445 *[Fauchet.
838 405 880 444 p.
898 390 978 445 479
983 390 1040 445 .]*
1098 391 1239 430 Graeci
1263 406 1334 444 per
1363 385 1549 444 ἀριθμὸν
1562 394 1725 460 passim

274 448 464 486 reddunt.
522 446 642 497 Quod
658 446 895 511 Theophan.
910 460 952 500 p.
952 405 1069 486 9185.
1088 447 1143 486 D.
1164 446 1286 485 habet
1312 445 1527 499 νουμέριοι
1545 445 1725 511 α’ριξὶμοὶ

272 510 368 541 sunt
383 503 487 541 idem
502 502 611 556 quod
631 497 828 565 νούμεροι
855 495 882 554 ἢ
911 499 1102 554 α’ριθμοί.
1159 501 1394 567 Corrigatur
1411 501 1487 540 hac
1513 503 1721 542 occasione

273 557 398 596 latina
422 559 506 597 eius
525 558 798 622 interpretatio
814 571 855 610 p.
876 556 945 608 45.
963 557 1010 595 Β.
1031 558 1073 597 5.
1102 556 1321 610 τριβοῦνος
1347 554 1442 596 τότε
1472 548 1532 595 ὧν
1558 554 1722 609 τάγμα-

271 627 342 659 τος
369 609 630 666 κωρωνάτων
662 611 896 663 λεγομένων
923 612 1157 666 νουμέρου,
1204 612 1377 652 tribunus
1415 612 1579 664 legionis
1611 627 1723 652 coro—

271 678 477 716 natorum,
513 669 649 723 quibus
681 682 861 706 numerus
890 667 1165 706 nomen.1ta
1192 668 1378 707 vertitur.
1436 665 1620 706 Debebat
1648 682 1720 722 po-

271 724 379 763 tius:
421 724 592 762 tribunus
623 723 789 762 cohor-tls
802 752 814 772 ,
862 723 928 761 cui
956 737 1096 761 nomen
1121 731 1209 762 erat
1236 737 1416 762 tuamet-us
1448 732 1723 763 coronator-um

271 780 326 817 sic
358 779 565 818 dictorum.
624 778 799 828 Quando
818 785 953 816 autem
984 792 1162 817 numerus
1190 777 1391 831 peculiare
1415 791 1540 831 genus
1556 777 1722 819 militiae

272 834 478 888 designat,
513 841 558 872 ut
574 833 614 871 in
634 841 771 872 nostio
786 832 874 872 loco
890 840 930 872 et
944 834 1121 887 passim,
1156 833 1275 872 credo
1293 847 1361 872 eos
1376 831 1521 872 milites
1537 833 1724 888 designa-

270 890 334 939 ri,
369 891 437 943 qui
458 888 553 928 CPli
570 889 752 939 moenia,
786 896 826 928 et
841 889 1024 938 Circum,
1058 895 1099 927 et
1117 902 1323 942 camel-,es
1356 895 1397 927 et
1419 887 1580 942 publica
1596 902 1720 942 quae-

271 945 332 983 vis
347 945 497 983 aedis
465 960 524 982 cia
543 944 846 995 custodiebant,
885 951 924 983 et
938 943 1093 998 vigilias
1109 943 1292 984 obibant.
1349 943 1501 983 Videor
1521 943 1628 983 enim
1642 945 1718 984 mi-

270 999 314 1037 hi
332 1014 378 1039 ex
404 999 493 1038 loco
513 999 619 1052 apud
637 1000 782 1054 Script.
801 1007 889 1054 post
903 999 1143 1053 Theophan.
1160 1014 1202 1063 p.
1221 999 1316 1054 267.
1335 999 1384 1038 B.
1404 998 1590 1053 colligere
1608 1013 1721 1053 posse

269 1051 323 1093 τὰ
356 1053 559 1108 Νούμερα
591 1070 784 1094 carcerem
821 1056 968 1108 fuisse,
1010 1056 1193 1109 quamvis
1219 1056 1288 1094 Du
1316 1054 1490 1108 Cangius
1523 1054 1576 1095 ad
1599 1054 1719 1096 Alex.

269 1125 312 1163 p.
343 1110 440 1161 423.
466 1118 506 1149 et
533 1110 628 1149 CPli
655 1111 749 1149 Clu
740 1111 871 1150 istian
900 1126 941 1165 Ρ.
965 1113 1056 1151 125.
1087 1110 1246 1161 tradat,
1276 1110 1396 1150 fuisse
1422 1111 1628 1164 porticus,
1677 1112 1720 1151 in

270 1165 416 1218 quibus
434 1165 576 1204 milites
593 1167 832 1219 praetoriani
857 1165 1123 1206 excubabant.
1181 1165 1400 1205 Confirmat
1417 1179 1481 1205 me
1508 1166 1550 1205 in
1566 1173 1720 1206 senten-

269 1221 323 1259 tia
341 1235 445 1272 mea,
476 1221 1259 1275 9110111οσ01).416.]).1111;.1)011105ῒί00
1277 1227 1538 1260 numerorum
1559 1221 1720 1262 subesse

262 1286 408 1329 portat
407 1291 463 1315 zos
478 1307 489 1328 ,
536 1277 605 1330 qui
643 1291 737 1316 sane
765 1277 831 1316 alii
860 1292 942 1317 esse
963 1291 1090 1340 quam
1121 1279 1305 1316 ianitores
1338 1291 1537 1316 carcerum
1568 1290 1719 1331 neque-

268 1339 370 1370 unt:
398 1332 493 1370 item
510 1347 556 1371 ex
572 1347 635 1382 eo,
663 1333 773 1386 quod
798 1328 1011 1385 Ἀριθμὸς,
1041 1347 1160 1386 quem
1177 1347 1269 1371 cum
1287 1331 1447 1371 Nume1
1427 1347 1468 1371 15
1481 1331 1587 1370 idem
1601 1339 1718 1386 puto,

267 1386 369 1425 mihi
398 1387 583 1426 videatux
617 1387 722 1426 idem
746 1402 906 1442 quoque
925 1402 1006 1428 esse
1036 1403 1128 1427 cum
1151 1386 1204 1443 τῇ
1230 1385 1365 1443 Βίγλῃ
1393 1388 1562 1440 vigzlizls,
1596 1401 1719 1427 excu-

267 1441 370 1492 hiis,
405 1442 597 1482 militibus
623 1443 912 1483 excubialibus.
969 1430 1186 1483 Concludo
1203 1442 1244 1482 id
1270 1457 1316 1482 ex
1332 1456 1407 1493 eo,
1437 1442 1547 1496 quod
1562 1441 1716 1482 Aeolu-

266 1496 362 1536 thus
377 1527 389 1547 ,
433 1513 481 1551 pl
483 1513 615 1551 inceps
643 1499 941 1562 Barangorum,
982 1499 1103 1539 modo
1136 1499 1283 1537 dicitur
1305 1497 1536 1552 Drungario
1560 1497 1720 1551 vigiliae

264 1552 449 1602 subesse,
491 1554 611 1593 modo
626 1555 868 1608 D1ungario·
872 1554 1066 1594 Arithmi.
1124 1554 1409 1593 Constantinus
1437 1567 1598 1606 quoque
1613 1553 1716 1592 Por-

269 1607 390 1660 phyr.
420 1584 524 1648 libro
549 1610 599 1648 de
615 1609 839 1649 administr.
869 1610 1033 1663 imperio
1062 1624 1104 1664 Ρ.
1129 1609 1220 1661 140.
1245 1610 1294 1648 Β.
1323 1609 1379 1648 ait
1406 1610 1718 1675 1410110111,Ρᾶ-

265 1669 369 1701 trem
402 1678 520 1703 51111111
539 1695 552 1716 ,
597 1665 629 1704 si
656 1665 698 1704 in
730 1667 996 1719 processiones
1026 1666 1119 1705 urbi
1155 1665 1307 1706 vicinas
1334 1664 1435 1714 iret,
1465 1664 1718 1703 consuevisse

264 1713 340 1770 τήν
367 1716 468 1768 μίαν
497 1717 644 1759 ουσίαν
679 1735 796 1760 unum
832 1721 1078 1760 dromonizmz
1106 1720 1156 1759 de
1184 1720 1353 1770 duobus,
1397 1733 1500 1773 quae
1527 1719 1602 1758 sibi
1629 1719 1717 1758 fleri

265 1787 435 1812 culave1
436 1782 476 1814 at
504 1772 826 1827 καταλιμπάνειν
852 1789 913 1823 εις
938 1773 1012 1816 τὸν
1039 1772 1300 1826 ἱππόδρομον
1329 1775 1548 1838 relmqueoe
1570 1776 1614 1813 in
1631 1774 1717 1813 Cu·-

263 1842 309 1866 co
321 1831 464 1891 (ergo
494 1830 632 1869 Circus
655 1831 707 1870 ad
734 1845 843 1870 mare
871 1845 996 1885 usque
1024 1829 1364 1894 piotendebatur)
1399 1823 1506 1882 πρὸς
1534 1824 1716 1883 φυλαξιν

265 1883 341 1921 τοῦ
369 1885 590 1935 παλατιόυ,
619 1893 666 1924 ut
682 1887 802 1925 etiam
820 1900 844 1925 a
860 1894 972 1940 parte
993 1887 1114 1925 maris
1138 1885 1250 1924 obire
1271 1883 1464 1948 palatium
1478 1890 1518 1923 et
1547 1883 1719 1924 lustrare

262 1947 422 1990 possent
451 1942 655 1980 constituti
681 1941 818 2009 vigiles
843 1941 893 1980 de
925 1941 1140 2006 Arithmo,
1186 1936 1257 1979 διὰ
1300 1935 1347 1979 τὸ
1393 1935 1440 1978 τὸ
1467 1935 1608 2004 τάγμα
1637 1939 1715 1979 τοῦ

259 1992 482 2046 Ἀριθιιοῦ
518 1993 620 2035 κατὰ
651 1992 723 2036 τὸν
748 1992 1086 2061 ἐπικρατήσαντα
1121 1991 1302 2035 παλαιὸν
1343 1989 1477 2034 τύπον
1500 1989 1612 2046 μετὰ
1637 1994 1716 2034 ποῦ’

263 2047 521 2098 Λομεστύιου
563 2065 648 2091 των
688 2052 852 2102 σχολῶν
888 2048 1167 2115 ταξειδειξειν,
1210 2063 1305 2105 qma
1334 2059 1489 2103 tagma‚
1539 2048 1713 2100 cohors,

263 2103 441 2143 Aritlzmi
467 2106 675 2145 secundum
689 2109 900 2171 sormam,
936 2122 1036 2162 quae
1063 2121 1144 2145 lam
1179 2120 1206 2144 a
1231 2107 1348 2159 longo
1381 2114 1552 2159 tempore
1581 2106 1708 2172 viget,

255 2160 502 2211 praesulium
526 2163 611 2229 agf't
632 2162 701 2200 sub
727 2163 962 2227 uzspectione
988 2161 1206 2201 Domesticz
1233 2161 1487 2209 Scholarum,
1527 2159 1602 2199 και
1625 2158 1714 2199 ἐνα-

262 2212 508 2263 πομένοντες
549 2230 609 2263 εις
650 2213 725 2256 τὸν
765 2214 1025 2281 ἱππόδρομον
1068 2215 1120 2255 οὕ
1155 2215 1392 2265 συνεξιοῦσι
1430 2210 1538 2254 κατὰ
1581 2227 1712 2254 τυπον

260 2271 348 2316 τοῖς
376 2270 622 2320 βασιλεῦσιν
651 2271 711 2319 εις
738 2268 790 2312 τοὶ
818 2266 1050 2323 πρόκενσα,
1081 2273 1165 2321 (ita
1182 2270 1371 2325 legendus
1387 2277 1446 2310 est
1463 2268 1530 2309 ille
1550 2268 1708 2320 locus‚)

263 2331 325 2370 et,
363 2327 677 2382 qnandoquidem
709 2337 812 2366 retro
848 2336 978 2365 manet
1004 2341 1046 2365 ιη
1074 2327 1210 2376 Circo,
1261 2341 1316 2366 ex
1347 2326 1594 2388 praescripta
1609 2325 1712 2377 fin·-

261 2379 369 2416 mula
408 2395 493 2418 cum
536 2382 841 2437 Imperator-ibus
879 2383 922 2421 in
955 2396 1217 2448 processzones
1276 2383 1374 2433 (seu
1408 2380 1710 2431 rusticationes)

261 2445 340 2471 non
364 2436 464 2473 exit.
522 2437 646 2476 Notat
672 2439 713 2477 in
743 2437 820 2478 hoc
849 2435 937 2476 loco
966 2451 1043 2476 vox
1074 2434 1199 2475 ουσία
1238 2436 1494 2476 dromonium
1521 2433 1709 2475 vehendo

260 2500 373 2526 sacro
408 2503 476 2528 001
477 2505 563 2542 pori
590 2493 763 2547 Augusti
801 2493 1068 2545 destinatum,
1109 2505 1191 2531 una
1220 2506 1313 2532 cum
1349 2485 1599 2544 πληρώματι
1626 2489 1712 2530 ταῖν

260 2540 428 2594 ἐρετῶν.
455 2547 580 2585 Vid.
599 2548 707 2601 adp.
729 2547 824 2600 554.
841 2548 896 2586 D.
921 2563 957 2587 1.

371 2599 418 2638 Β
439 2598 480 2638 8.
513 2600 650 2656 [6‚7.]
708 2601 856 2656 κόμη-ει
892 2602 973 2643 τῶν
1013 2600 1201 2654 τειχέων.
1259 2603 1393 2643 Comes
1418 2614 1616 2640 murorum
1642 2599 1709 2640 vel

259 2655 453 2693 moenium
496 2664 581 2694 erat
604 2658 673 2710 qui
696 2658 925 2712 reparandis
939 2658 1172 2708 moenibus,
1200 2658 1295 2699 item
1312 2656 1504 2697 militibus
1518 2669 1590 2710 per
1605 2669 1711 2694 moe-

256 2707 324 2746 nia
358 2710 648 2750 excubantibus
666 2742 678 2763 ,
729 2727 815 2761 τοις
842 2709 1103 2777 τειχειώταις
1137 2720 1348 2766 praeerat,
1380 2711 1467 2752 vid.
1502 2712 1625 2751 Goar.
1656 2709 1707 2750 ad

257 2761 403 2804 Godin.
419 2779 462 2820 p.
485 2765 552 2807 33.
571 2781 614 2806 n.
633 2768 702 2822 59.
734 2776 773 2808 et
790 2768 878 2808 DC.
897 2783 938 2810 v.
963 2760 1146 2823 '‘Aqxwv
1174 2782 1258 2807 των
1284 2765 1468 2819 τειχέων.
