1884 3132
186 171 261 214 An
302 167 600 212 cons-rm.
639 165 836 209 Pomm.
875 165 947 206 m:
984 163 1165 206 cmm.
1193 162 1290 202 Lm.
1331 161 1385 233 .¹¹·
1434 137 1548 195 813

141 275 362 329 rincipibus
384 270 543 313 saeculo
566 270 722 311 decimo
753 270 1016 319 concessisse,
1046 267 1115 307 sed
1142 269 1223 305 iam
1254 262 1413 305 saeculo
1441 269 1551 302 sexto

113 291 267 385 lbgatos
305 327 517 369 Iustiniani
551 327 609 368 Μ.
645 328 835 372 metam,
877 324 1004 362 filium
1029 321 1241 372 Giabalae,
1283 318 1551 373 phylarchum

44 399 58 418 ἱ
113 385 313 432 Arabum,
344 381 485 423 Basilei
504 383 665 421 nomine
684 379 952 434 compellasse,
984 384 1084 418 teste
1099 377 1297 429 Procopio
1317 389 1357 427 p.
1383 373 1451 416 28.
1482 373 1553 412 cd.

117 438 330 481 Hoescbel.
357 437 428 480 lin.
461 435 553 488 34„
580 437 648 489 qui
677 436 782 474 idem
812 435 1032 486 Procopius
1059 440 1193 471 tamen
1223 429 1382 470 saeculo
1398 429 1450 470 V.
1468 428 1556 467 dis-

114 508 266 535 cnmen
295 507 320 533 a
356 493 518 531 Graecis
547 492 651 530 inter
676 491 876 530 Bas-ileum
912 496 953 527 et
989 489 1131 540 Regem
1162 487 1281 525 fuisse
1312 484 1460 523 factum
1486 485 1552 522 in-

113 549 223 589 dioet
247 547 453 588 Gothicor.
481 546 514 588 1.
541 561 582 598 p.
612 545 699 587 166.
717 545 779 584 ed.
804 543 979 584 Hoeseh.
1010 556 1178 581 narrans
1198 541 1250 580 de
1269 539 1552 579 Theodorico:

113 599 243 650 αὖτὸς
279 599 378 654 ἔσχε
420 597 467 641 τὸ
494 601 577 640 τῶν
604 600 645 640 Γ
643 595 782 639 ότθων
811 597 883 638 καὶ
903 593 1159 639 Ἰταλιωτῶν
1185 592 1345 649 κράτος,
1376 593 1449 632 καὶ
1469 594 1555 659 βαε-

114 657 265 705 σιλὲως
287 656 367 708 μὲν
392 655 475 696 τῶν
495 653 716 706 Ῥωμαίων
746 647 841 693 οὔτε
870 652 946 693 τοῦ
974 649 1187 704 σχήματος
1215 649 1313 689 ου’δὲ
1355 648 1431 688 τοῦ
1459 645 1558 686 omi-

113 725 246 764 ματος
272 710 544 762 ἑπιβατεῦσαι
571 709 771 763 η’ξάοσεν,
801 704 907 747 ἀλλὰ
928 704 1009 759 ῥηξ
1036 703 1179 757 διεβάο
1197 701 1461 754 καλούμενος.
1480 698 1555 741 οὗ·

111 781 174 807 τω
199 763 283 819 γὰρ
323 766 444 820 σφῶν
471 760 570 811 τούς
597 763 796 815 βασιλέας
825 759 862 801 οἱ
889 761 1096 813 βάρβαροι
1127 762 1268 799 καλεῖν
1294 755 1552 807 νενομίκασι.

115 822 235 862 Esset
272 821 340 860 hic
370 820 479 860 locus
516 819 567 858 de
596 818 860 872 legationibus
895 817 1149 855 CPtanorum
1180 816 1470 867 Imperatorum
1500 812 1554 852 ad
1628 850 1637 865 ,

115 875 379 916 occidentales
406 874 573 928 agendi,
596 874 736 918 ‚saltim
766 886 869 927 quae
907 879 1076 911 aetatem
1111 869 1362 910 Constantini
1393 875 1556 907 antec&
1632 885 1638 890 ·

116 931 233 974 dunt.
287 930 367 970 Sed
395 943 503 969 nunc
527 943 608 969 non
636 935 766 970 vacat.
822 928 979 966 Interea
1007 925 1137 965 saltim
1157 923 1328 979 paucula
1355 923 1454 962 haec
1480 922 1554 962 ad-

258 999 313 1028 m.
382 982 566 1024 Leichius
604 983 865 1028 observavit,
915 982 966 1021 ad
994 980 1185 1021 carolum
1217 981 1278 1021 M.
1310 980 1464 1017 venisse
1501 977 1557 1016 ab

120 1041 225 1094 Imp.
254 1041 419 1079 CPtano
444 1039 617 1093 legatos,
656 1038 707 1077 de
733 1037 878 1091 quibus
910 1043 1103 1075 memoret
1130 1034 1335 1074 Eccardus
1363 1034 1414 1072 de
1441 1031 1554 1071 Salz-

119 1093 249 1150 burgo
282 1110 322 1149 p.
356 1095 422 1143 34.
452 1101 492 1132 et
526 1092 699 1132 Annales
730 1093 976 1132 Bertinianos
1008 1091 1059 1129 ad
1093 1090 1143 1132 A.
1176 1091 1224 1131 C.
1259 1088 1354 1142 839.
1390 1102 1556 1127 narrare

114 1149 355 1204 >legationem
380 1149 586 1188 CPtanam
606 1149 657 1187 ad
684 1148 934 1187 Ludovicum
959 1146 1080 1185 Pium
1106 1161 1146 1198 p.
1179 1143 1273 1186 525.
1304 1144 1372 1182 ed.
1402 1145 1556 1186 Murat.

45 1243 55 1248 ,
117 1205 376 1259 Legationem
406 1205 540 1243 lrenoe
578 1204 629 1242 ad
669 1202 862 1242 carolum
898 1203 955 1244 M.
991 1201 1269 1254 Sorbigenses,
1306 1199 1411 1238 cives
1446 1199 1554 1249 mei,

118 1260 340 1306 celebrant,
378 1266 560 1312 putantes
600 1272 687 1297 eam
731 1257 836 1311 apud
870 1256 1078 1307 Sorbigam
1115 1270 1138 1294 a
1173 1253 1319 1293 Carolo
1353 1261 1556 1305 exceptam

120 1328 206 1354 mse
245 1327 351 1353 anno
383 1314 476 1354 801.
505 1313 698 1366 Sigebert.
726 1312 931 1353 Gemblac.
963 1312 1013 1349 ad
1047 1312 1101 1352 A.
1131 1309 1225 1351 805.
1254 1310 1323 1363 ait,
1369 1309 1556 1347 CPtanos

119 1369 271 1408 crebris
290 1368 551 1422 legationibus
575 1367 768 1407 carolum
788 1367 861 1405 sibi
884 1367 1107 1404 firmissimo
1128 1365 1286 1403 foedere
1310 1362 1556 1405 conciliasse.

114 1424 230 1474 -Quia
263 1421 536 1462 memorabilia
561 1429 654 1461 sunt
679 1421 818 1473 verba,
850 1421 1072 1460 adscribam
1104 1434 1165 1461 ea.
1217 1418 1295 1457 Sed
1321 1419 1432 1470 prius
1456 1432 1555 1456 con-

119 1478 300 1517 nexionis
317 1479 443 1530 gratia
466 1491 568 1530 quae
594 1477 646 1515 ad
670 1478 720 1518 A.
741 1478 833 1518 80¹.
855 1476 976 1515 habet
1004 1475 1193 1524 afferam3
1223 1473 1424 1511 illustrant
1445 1473 1556 1511 enim

119 1540 367 1586 praesentem
404 1546 502 1573 rem.
571 1533 742 1571 Romani
755 1562 766 1579 ,
812 1532 867 1569 ait
882 1561 894 1581 ,
935 1533 1005 1585 qui
1029 1531 1080 1568 ab
1112 1530 1354 1583 Imperatore
1391 1527 1558 1566 CPtano

111 1589 210 1626 -iam
223 1588 305 1627 diu
328 1589 460 1626 animo
473 1588 742 1637 desciverant,
774 1600 874 1624 nunc
902 1594 1058 1640 accepta
1076 1585 1289 1623 occasionis
1320 1583 1558 1637 opportuni-

121 1651 201 1681 tate
214 1672 225 1690 ,
254 1644 348 1697 quia
375 1643 516 1681 nudier
540 1651 744 1681 excoecato
774 1641 1018 1694 Imperatore
1054 1640 1320 1689 Constantino,
1330 1638 1432 1693 filio
1470 1651 1556 1686 suo,

111 1698 178 1735 -eis
206 1697 448 1751 imperabat,
496 1711 570 1736 uno
607 1697 779 1735 omnium
806 1709 988 1734 consensu
1018 1695 1160 1733 Carolo
1181 1695 1266 1745 regi
1284 1694 1557 1747 imperatorias

120 1751 259 1791 laudes
274 1753 508 1802 acclamant,
538 1751 600 1806 [id
623 1758 681 1790 est
703 1759 789 1789 acta
803 1779 815 1801 ,
842 1751 977 1805 qualia
1003 1750 1254 1804 Imperatori,
1282 1749 1459 1798 βασιλεῖ’,
1487 1761 1558 1785 ac-

111 1807 295 1845 -claman‘
318 1808 399 1857 fas
423 1816 497 1854 est,
544 1814 766 1860 nuncupant
805 1819 890 1843 eum
936 1805 1219 1858 Imperatorem
1227 1802 1260 1856 ,]
1289 1813 1454 1857 eumque
1478 1815 1564 1855 per

123 1875 288 1900 manum
303 1861 447 1915 Papae]
461 1870 662 1910 coronant,
680 1861 882 1899 Caesarem
902 1868 940 1898 et
961 1860 1173 1911 Augustum
1192 1857 1419 1912 appellant,-
1441 1856 1559 1911 Pipi-

124 1929 217 1954 num
227 1929 335 1964 vero,
336 1916 479 1970 filium
491 1917 586 1966 eius,
597 1930 721 1969 regem
732 1916 877 1954 Italiae
885 1915 1106 1953 ordinatum
1119 1910 1396 1968 [θεὸστεπτόν]
1408 1912 1562 1950 collau«

122 1970 222 2008 dant
238 1967 539 2023 [ssswqpmfiacm
570 1969 870 2022 ἅκτολογοῦσι].
927 1970 1029 2008 Dein
1055 1970 1183 2022 pergit
1199 1968 1249 2006 ad
1269 1967 1320 2009 A.
1342 1966 1452 2008 805.:
1478 1966 1557 2004 Ca-

114 2025 230 2063 rolus
249 2025 472 2078 Imperator
503 2025 791 2078 indignantibus
812 2033 946 2063 contra
971 2039 1012 2062 se
1031 2022 1336 2077 Imperaton'bus
1368 2019 1561 2060 &dasena-1

124 2080 390 2134 linopolt'tanis
410 2089 576 2134 propter
606 2080 801 2118 invidiam
830 2080 1077 2132 imperatorii
1111 2079 1276 2117 nominis
1308 2091 1335 2115 a
1366 2074 1563 2115 Romanis«

112 2134 202 2171 -sibi
219 2134 387 2187 depositi
410 2134 471 2188 [id
495 2142 552 2173 est
583 2133 792 2189 impositi]‚
814 2149 957 2186 magna
964 2134 1158 2188 patientia
1179 2141 1219 2171 et
1233 2133 1557 2184 magnanimitate

124 2203 189 2226 eos
215 2190 319 2238 tzdit,
345 2198 383 2227 et
421 2191 514 2244 quia
550 2199 761 2243 suspectam
785 2190 976 2227 habebant
1012 2202 1119 2227 suam
1150 2188 1378 2241 potentiam,
1414 2187 1558 2225 crebris

123 2243 379 2295 legationibus
412 2245 487 2282 sibi
507 2259 592 2283 eum
601 2245 839 2299 firmissimo
854 2243 1028 2294 foedere
1046 2243 1318 2282 conciliabant.
1374 2241 1557 2295 Rhegino

33 2346 40 2352 ·
112 2297 370 2337 -Prumiensis
400 2298 452 2336 ad
485 2299 536 2339 A.
575 2299 621 2340 C.
657 2298 750 2341 812.
790 2298 886 2336 haec
920 2304 1078 2337 narrat:
1125 2297 1344 2351 Nic-ephoro
1370 2297 1562 2335 Gener-ali

116 2362 277 2391 -mortuo
307 2353 483 2391 Michael
513 2352 720 2406 [Balbus],
752 2368 871 2406 gener
892 2354 987 2403 eim,
1011 2352 1234 2407 Imperator
1249 2351 1390 2403 factus
1414 2352 1558 2404 legatos

115 2407 278 2446 -domini
302 2407 555 2461 Imperatoris
586 2407 773 2462 [Caroli],
803 2408 873 2461 qui
898 2408 955 2445 ad
984 2407 1247 2461 Nicephomm
1273 2407 1558 2461 Imperatorem

114 2463 236 2500 -missi
249 2463 441 2514 fuerant,
469 2464 632 2517 suscepit
649 2464 691 2501 in
716 2463 844 2501 CPlin
876 2471 916 2501 et
934 2463 1100 2501 absolvit
1119 2461 1308 2515 [expediit
1321 2491 1333 2511 ,
1358 2460 1555 2516 dimisit];

116 2530 212 2554 -cum
239 2517 376 2570 qulbus
406 2526 444 2555 et
473 2532 558 2556 suos
587 2518 729 2569 legatos
754 2517 904 2556 direxit
920 2545 931 2564 ‚
967 2516 1203 2555 Michae‘lem
1234 2517 1379 2556 scilicet
1410 2518 1557 2571 episco-

116 2583 223 2623 -pum
259 2580 298 2610 et
338 2571 543 2610 Arsacium
574 2571 659 2626 [aut
700 2570 927 2624 Arsenimn]
961 2581 1075 2626 atqzoe
1113 2571 1154 2611 T
1148 2573 1395 2623 heognostum
1417 2581 1556 2625 proto-

121 2626 364 2677 spatharium
379 2656 390 2678 ‚
426 2635 465 2665 et
485 2641 563 2690 per
593 2641 655 2665 eos
677 2639 817 2680 pacem
845 2640 871 2664 a
907 2626 1127 2680 Nic-ephoro
1155 2635 1327 2681 coeptam
1349 2627 1557 2681 confirma-

120 2679 199 2716 vit.
244 2680 352 2719 Nam
384 2681 636 2737 Aquis-grani,
668 2681 735 2719 ubi
761 2681 818 2718 ad
846 2681 1130 2734 Imperatorem
1150 2690 1355 2729 venenmt,
1385 2684 1557 2722 conscri-

120 2740 233 2786 ptum
265 2744 428 2788 pactam
467 2735 643 2791 [tabulas
671 2734 855 2789 foederis]
889 2737 938 2774 ab
970 2750 1014 2775 eo
1048 2738 1089 2776 in
1125 2737 1283 2785 ecclesia
1317 2735 1560 2792 sztsoeperaemt
