1884 3132
176 156 251 200 An
288 157 582 201 CONSTANT.
603 158 798 201 ponpa.
826 160 900 200 DE
922 158 1102 202 cmm.
1139 162 1234 202 mn.
1277 163 1330 202 11.
1418 143 1541 217 871,

103 259 231 299 lamus
251 260 382 316 palmi
399 259 630 308 altitudine,
672 274 786 314 super
824 272 899 314 quo
937 274 1068 299 mensa
1105 269 1274 315 paratur
1307 261 1523 315 pontificis.

107 312 239 368 [Haec
261 322 320 353 est
346 313 415 354 illa
437 310 692 366 a'noxomq'.]
749 314 873 368 Apud
887 316 1078 368 parietem
1106 317 1181 354 erit
1205 316 1311 355 sedes
1342 307 1528 371 papalis,

106 367 166 407 ad
187 382 308 420 quam
334 382 491 423 parvo,
545 378 582 407 et
608 368 749 408 deinde
776 382 916 421 magno
945 370 1111 409 scabello
1138 369 1383 420 ascendetur,
1411 385 1531 410 orna-

106 421 283 476 hiem-que
302 423 411 462 sedes
435 436 525 461 cum
546 437 681 477 panno
703 437 820 462 aureo
850 422 1047 477 pendente
1066 438 1185 478 supra
1205 433 1333 479 caput.
1391 424 1534 464 Mensa

105 477 180 515 eric
208 477 291 515 alta
313 477 371 516 ad
390 479 528 516 iustam
558 479 850 532 proportionem
877 491 999 532 supra
1035 488 1258 532 suggestum.
1312 478 1354 518 A
1377 481 1534 519 sinistra

99 531 315 585 parabitur
346 532 430 570 alia
450 546 581 571 mensa
601 547 679 587 pro
708 532 905 571 credentia
932 530 1069 586 Papae
1099 548 1184 572 cum
1207 535 1315 573 vasis
1346 536 1474 573 aureis
1497 543 1536 573 et

106 587 319 637 argenteis,
346 587 440 624 vino
470 594 509 624 et
547 601 653 641 aqua
689 596 727 625 et
762 588 854 625 aliis
881 589 1080 626 consuetis.
1111 611 1158 619 -
1181 587 1224 628 A
1251 588 1395 627 dextra
1416 598 1533 643 parte

104 640 220 678 aulae
237 640 345 692 infra
363 649 574 692 suggesth
589 642 834 696 parabuntur
859 655 1012 679 mensae
1041 656 1119 696 pro
1141 644 1326 697 episcopis
1370 652 1407 680 et
1438 658 1532 697 pre-

105 694 267 745 sbyteris
303 695 566 734 cardinalibus
609 706 647 735 et
685 697 807 750 paulo
839 696 999 745 inferius
1027 711 1104 750 pro
1129 699 1219 734 aliis
1244 698 1450 751 praelatis.
1486 720 1528 728 -

106 747 149 787 A
172 749 328 788 sim'stra
361 764 383 787 e
402 751 555 800 regione
582 764 733 789 mensae
755 750 1014 788 cardinalium
1045 752 1259 804 parabitur
1291 766 1422 790 mensa
1455 765 1531 806 pro

106 802 282 841 diaconis
316 804 603 853 cardinalibus,
643 813 681 843 et
706 806 865 855 inferius
902 805 1007 843 aliae
1035 819 1187 844 mensae
1213 819 1290 859 pro
1319 808 1532 845 oratoribus

106 856 295 895 nobilibus
321 867 359 896 et
383 855 626 909 officialibus.
678 859 835 898 Pariter
882 857 932 896 de
968 859 1130 898 Othone
1161 860 1235 899 111.
1267 861 1371 912 Imp.
1397 868 1533 900 narrat

107 909 341 950 Dithmarus
369 913 415 951 L.
435 914 507 951 IV.
525 942 538 962 ‚
554 928 645 952 eum
666 913 810 952 sedisse
840 911 928 951 loco
960 915 1233 953 eminentiore.
1290 914 1425 953 Verba
1450 917 1533 955 eius

106 972 200 1004 sunt
219 980 232 1005 ε
294 969 518 1021 Imperator
562 969 762 1022 antiquam
801 967 955 1020 cupiens
998 969 1301 1007 consuetudinem
1352 984 1534 1008 revocare

106 1033 250 1072 magna
282 1034 336 1059 ex
374 1029 489 1075 parte
512 1022 592 1060 iam
619 1023 697 1060 suis
724 1022 891 1060 deletam
919 1023 1154 1078 temporibus
1187 1023 1309 1061 multa
1326 1025 1529 1076 faciebat,

106 1088 207 1127 quae
226 1073 376 1112 diversi
405 1075 559 1115 diverse
589 1077 844 1130 accipiebant.
903 1076 1016 1115 Solus
1040 1077 1096 1115 ad
1128 1091 1299 1115 mensam
1332 1079 1445 1132 quasi
1474 1092 1534 1117 se-

107 1129 345 1167 micirculum
356 1131 516 1182 sactwn
537 1131 620 1170 loco
646 1132 806 1170 caeteris
829 1133 1075 1170 eminentiore
1098 1131 1262 1169 sedebat.

215 1182 267 1222 A.
287 1185 438 1235 penult.
458 1184 573 1239 [742,
599 1184 679 1236 14]
707 1181 840 1239 κύκλῳ
868 1184 941 1237 τῆς
972 1184 1111 1234 τιμίας
1137 1185 1353 1237 τραπέζης.
1395 1185 1535 1226 Posset

107 1249 154 1281 ex
175 1234 251 1275 hoc
279 1236 366 1276 loco
401 1239 694 1291 quodammodo
721 1240 928 1287 concludi,
966 1254 1141 1278 mensam
1170 1247 1387 1292 separatam
1415 1240 1535 1280 fuisse

108 1290 342 1330 circularem
358 1321 370 1342 ‚
393 1300 463 1331 aut
488 1293 626 1332 saltem
655 1294 964 1332 semirotundam
984 1322 996 1341 ‚
1028 1301 1073 1331 ut
1098 1295 1228 1346 Sigma
1248 1295 1443 1333 Graecum
1462 1309 1532 1334 seu

108 1343 142 1382 C
177 1343 380 1384 Latinum.
435 1347 537 1386 Sane
561 1347 612 1386 ad
637 1349 809 1398 Sigmata
829 1378 842 1397 ,
870 1349 925 1386 sic
949 1347 1200 1400 appellabant
1228 1347 1325 1386 tales
1363 1363 1533 1399 mensas,

109 1397 299 1438 sedebant
329 1407 479 1440 veteres
522 1409 562 1440 et
596 1403 713 1439 medii
744 1403 831 1440 aevi
868 1402 1058 1440 homines.
1114 1401 1232 1439 Conf.
1267 1401 1375 1440 loeus
1412 1403 1532 1442 Dith-

109 1453 211 1492 mari
246 1455 364 1493 modo
409 1457 566 1494 citatus.
625 1456 711 1494 Non
749 1463 879 1494 tamen
923 1456 1079 1507 stringit
1113 1455 1212 1493 illud
1245 1463 1533 1508 argumentum.

109 1507 212 1546 Nam
244 1511 337 1547 satis
364 1517 469 1548 recte
502 1510 580 1548 dici
615 1517 779 1563 possunt
808 1511 911 1549 circa
952 1523 1126 1548 mensam
1147 1511 1297 1549 etiamsi
1321 1508 1534 1564 oblongam

108 1559 295 1601 collocari
317 1562 510 1602 homines.

218 1617 266 1655 C.
284 1617 326 1657 6.
366 1617 458 1671 745,
480 1615 540 1670 6.]
567 1617 775 1656 κατέναντι
813 1618 886 1668 τῆς
914 1608 1050 1664 ὅψεως
1075 1616 1156 1654 τῶν
1182 1616 1399 1664 βασιλέων.
1430 1618 1531 1656 Per-

109 1669 301 1709 obscurus
376 1674 412 1710 ic
449 1680 508 1711 est
532 1671 655 1710 locus.
712 1673 814 1710 Nam
847 1674 878 1710 si
919 1672 1138 1722 liuperator
1174 1672 1214 1709 in
1247 1671 1377 1709 medio
1402 1673 1530 1721 sedit,

109 1732 218 1764 recta
251 1727 450 1778 prospexit
486 1725 537 1764 ad
566 1726 773 1765 introitum
808 1725 996 1773 triclinii,
1038 1724 1104 1762 ubi
1145 1724 1254 1763 nulla
1302 1739 1458 1775 mensa,
1494 1733 1532 1764 et

111 1792 229 1818 nemo
247 1780 434 1830 sedehat3
475 1781 526 1818 ad
552 1780 728 1819 dextram
764 1793 861 1819 vero
894 1793 976 1818 non
1006 1779 1126 1830 magis
1154 1780 1373 1826 commode,
1412 1794 1533 1832 quam

113 1832 165 1873 ad
196 1834 414 1883 sinistram,
443 1842 597 1887 poterat
635 1836 873 1887 prospicere.
928 1833 1088 1884 Ergone
1131 1833 1172 1871 in
1202 1833 1346 1886 angulo
1378 1848 1532 1872 summo

110 1888 258 1927 sinistri
291 1887 425 1926 lateris
458 1888 646 1928 sedebat?
698 1889 872 1927 Suadere
896 1887 1054 1926 videtur
1082 1885 1147 1925 hic
1176 1886 1284 1926 locus
1314 1895 1352 1925 et
1383 1903 1420 1940 p.
1438 1887 1532 1938 431.

111 1941 161 1980 Β.
181 1940 247 1992 4.,
293 1942 362 1980 ubi
403 1940 426 1993 ἢ
459 1938 542 1981 ἄνω
571 1939 806 1993 προσωπικὴ
838 1939 977 1988 ἔξοδος
1002 1948 1270 1991 memoratur,
1301 1943 1440 1989 exitus,
1466 1944 1534 1996 qui

115 1996 159 2034 in
180 2010 333 2034 summa
353 1997 516 2035 triclinii
533 2007 648 2050 parte
678 2012 699 2035 e
727 1998 879 2049 regione
905 1995 1160 2049 Imperatoris
1186 2005 1251 2034 est.
1303 1995 1417 2033 Sexta
1438 2010 1532 2034 vero

115 2056 156 2088 et
177 2051 342 2103 septIma
366 2064 521 2100 mensa,
567 2051 619 2089 ad
649 2065 768 2104 quam
796 2048 1080 2089 accumbebant
1110 2049 1318 2095 Saraceni,
1361 2057 1448 2088 erat
1481 2049 1534 2088 ad

115 2104 320 2155 dextram5
359 2111 405 2142 ut
439 2112 545 2157 patet
579 2119 601 2143 e
646 2105 777 2144 verbis
802 2106 977 2158 proxime
995 2103 1179 2142 subiectis
1205 2102 1275 2155 τῆς
1302 2101 1431 2154 αὐτῆς
1458 2116 1531 2142 πε-

115 2155 276 2207 ριόδου.
332 2159 531 2199 Dicuntur
553 2158 710 2211 Bulgari
742 2173 886 2198 nonam
913 2171 1087 2196 mensam
1112 2156 1286 2196 eiusdem
1309 2157 1430 2195 obitus
1462 2170 1532 2196 seu

115 2210 249 2251 lateris
271 2226 463 2265 occupare
493 2228 583 2252 cum
613 2215 841 2263 Saracenis3
870 2220 909 2251 et
950 2225 1138 2264 pauperes
1174 2225 1320 2250 nonam
1356 2224 1534 2249 mensam

117 2265 299 2304 sinistrae
329 2267 534 2319 positionis
572 2281 641 2306 seu
676 2267 828 2320 plagae.
890 2267 998 2318 Ergo
1038 2265 1195 2318 Bulgari
1231 2278 1378 2303 nonam
1422 2278 1534 2303 men-

116 2332 203 2358 sam
240 2320 366 2359 dextri
411 2321 568 2372 lateris,
614 2329 653 2360 et
696 2321 880 2361 Saraceni
924 2320 1022 2359 duas
1063 2319 1159 2358 alias
1185 2318 1361 2359 eiusdem
1402 2318 1534 2358 lateris

117 2374 378 2426 occupabant.

227 2428 276 2466 C.
295 2442 336 2482 9.
361 2426 478 2482 [743³
498 2427 563 2482 9.]
594 2425 806 2481 περιόδου.
859 2427 1025 2467 Liberae
1051 2439 1193 2480 nempe
1228 2433 1342 2464 erant
1373 2439 1532 2465 mensae

116 2490 159 2521 et
173 2495 197 2520 a
213 2482 429 2534 parietibus
439 2482 684 2535 aliquantum
704 2488 891 2531 remotae,
907 2488 953 2520 ut
973 2488 1126 2534 praeter
1143 2494 1208 2519 eas
1223 2486 1305 2518 tam
1318 2479 1369 2518 ab
1384 2481 1528 2526 antica,

118 2550 239 2590 quam
267 2551 291 2574 a
318 2537 469 2589 postica
498 2537 599 2575 obiri
638 2544 793 2590 posset,
829 2543 868 2575 et
897 2534 1247 2575 introducebantur
1282 2536 1475 2573 convivae
1509 2548 1534 2573 a

120 2590 270 2642 postica
286 2619 298 2640 ,
327 2591 596 2629 educebantur
614 2598 744 2629 autem
761 2589 812 2628 ab
835 2591 979 2628 antica.

229 2645 283 2682 D.
306 2645 343 2683 5.
365 2643 480 2697 [742
508 2643 588 2699 ι6.]
616 2639 812 2692 ἆζώνους.
850 2643 1014 2696 Absque
1041 2643 1147 2681 zonis
1173 2641 1373 2681 intrabant
1396 2641 1436 2679 hi
1462 2641 1533 2679 Sa-

124 2699 276 2748 raceni,
307 2698 411 2738 sorte
439 2700 555 2752 quia,
607 2706 652 2738 ut
678 2701 780 2752 capti
807 2697 934 2748 bello,
968 2697 1145 2737 discineti
1161 2725 1175 2749 ‚
1202 2695 1385 2751 cingu10,
1415 2695 1456 2734 id
1477 2702 1536 2734 est
