1826 3126
206 187 281 228 An
319 182 616 226 consum.
660 179 856 221 Pomm.
896 179 967 220 m:
1003 177 1182 220 cmm.
1223 180 1318 219 Lm.
1363 182 1393 220 ι.
1486 162 1549 216 13

109 291 176 342 gia
206 287 258 326 de
287 300 405 326 cruce
443 286 487 324 in
519 284 667 324 litaniis
706 281 924 336 praelata]*
988 282 1071 321 Pro
1101 282 1350 336 impetranda
1383 283 1552 321 victoria

111 342 296 398 perhibet
335 340 525 395 Scylitzes
575 354 615 393 p.
641 337 734 379 816.
762 339 807 378 B.
836 337 874 377 8.
918 338 1019 391 Imp.
1057 338 1364 376 Constantinum
1395 338 1553 377 Ducam

111 397 324 438 λιτανείαν
369 395 515 447 ἐκτενῆ
557 391 938 448 supplicabundam
966 394 1275 446 processionem
1304 391 1434 432 valde
1464 393 1556 433 lon-

111 467 213 506 gam
241 459 283 491 et
302 449 558 506 productam
590 449 830 487 instituisse.
895 447 1088 499 νηστείαν
1110 446 1394 499 παραγγείλας
1426 447 1484 502 τῷ
1510 461 1554 486 τε

113 502 267 560 πλήθει
295 504 372 545 καί
403 499 568 559 ἑαυτῷ,
601 501 814 542 λιτανείαν
843 501 986 554 ἐκτενῆ
1006 497 1259 554 ἐποιήσατο,
1283 499 1410 548 αὐτὸς
1431 500 1556 552 πεζὸς

114 555 479 612 συμπορεοόμενος
518 553 628 608 μετὰ
669 553 901 609 δακρύων,
920 554 1083 596 indicto
1119 557 1279 597 ieiunio
1315 558 1557 612 populoque

113 625 156 657 et
189 615 272 655 sibi
294 614 540 654 instituebat
570 613 920 667 supplicationem
945 608 1307 666 processionalem
1336 620 1559 652 extensam

115 670 176 726 [id
194 676 254 709 est
278 669 468 721 longam3
498 669 700 720 Interpres
734 667 800 707 hic
830 678 912 706 non
947 674 1054 705 recte
1082 669 1260 720 percepit
1288 667 1459 706 reddens
1489 681 1559 707 as-

112 724 265 766 siduas
291 721 635 779 supplicationes]
664 723 752 776 ipse
770 721 900 776 pedes
931 735 1019 761 una
1045 735 1138 761 cum
1176 723 1303 762 turba
1325 722 1560 774 procedens

113 781 160 820 in
193 779 395 830 lacrymis
422 786 501 818 etc.
578 778 671 817 Non
708 778 872 816 memini
902 776 1018 816 aliter
1047 790 1169 830 quam
1204 792 1228 816 a
1262 777 1394 830 pedite
1424 778 1558 830 Impe-

115 841 250 874 ratore
274 841 479 888 peractam
510 833 634 873 talem
663 834 970 887 processionem.
1026 832 1217 885 Antiquis
1243 839 1380 871 tamen
1409 839 1560 885 tempo·

116 890 228 929 ribus
255 896 414 942 oportet
445 891 569 931 moris
598 888 720 928 fuisse
739 918 752 938 .,
781 895 826 926 ut
847 889 1071 941 Imperator
1101 887 1240 926 lectica
1269 887 1455 926 serretur.
1485 889 1559 927 Pa·
1605 912 1610 915 ⁴

116 951 175 984 tet
202 958 228 984 e
253 944 386 984 verbis
418 943 678 998 Theophanis
721 958 764 996 p.
796 942 867 998 94.
897 944 946 982 C.
980 942 1031 981 de
1060 944 1266 982 Marciano
1297 943 1401 996 Imp.
1446 938 1560 982 πάνυ

116 999 166 1040 δὲ
193 992 246 1052 ἦν
272 995 456 1051 εὕλαβὴς
485 998 560 1038 καί
585 995 846 1053 φοβούμενος
879 994 952 1037 τὸν
993 993 1101 1037 Θεὸν
1130 994 1407 1049 ῙὙΙαρκιανὸς,
1449 992 1562 1044 ὅστις

116 1054 165 1096 ἐν
188 1056 281 1101 ταῖς
319 1056 453 1101 λιταῖς
489 1051 565 1094 τοῦ
596 1049 786 1104 Κάμπου
826 1049 951 1101 πεζὸς
989 1049 1127 1104 ἔξήει,
1168 1049 1300 1092 πολλὰ
1342 1056 1428 1100 τοῖς
1468 1052 1561 1092 δεο-

116 1108 258 1161 μένοις
292 1108 487 1149 ειῖποιῶν.
531 1103 660 1150 Ὅθεν
695 1108 841 1148 τοῦτον
875 1106 985 1160 ὁρῶν
1022 1093 1048 1146 ὅ
1093 1102 1359 1161 πατριάρχης
1386 1103 1561 1148 ‘Arnd-

117 1165 206 1211 λιος
241 1162 317 1204 καί
349 1160 478 1212 αὐτὸς
512 1162 650 1204 ου’κέτι
681 1161 837 1219 φορείῳ
872 1159 1103 1217 φερόμενος
1138 1159 1243 1202 κατὰ
1272 1160 1319 1202 τὸ
1348 1159 1447 1211 ἔθος
1474 1162 1562 1202 ἐλι-

115 1214 290 1258 τάνευεν
306 1249 319 1269 ,
357 1212 464 1257 ἀλλά
494 1214 619 1268 πεζός
637 1249 648 1270 ,
689 1219 944 1259 stlat-cianus
957 1232 1087 1271 porro
1107 1217 1244 1257 valde
1268 1219 1367 1271 pius
1392 1218 1559 1271 religio-

115 1287 164 1313 so
201 1274 351 1314 timore
381 1275 518 1314 Deum
546 1274 734 1320 colebat,
764 1282 805 1313 et
833 1276 878 1314 in
893 1274 1234 1329 processionibus
1265 1273 1331 1312 ad
1356 1273 1562 1328 Campum

117 1326 341 1368 celebratis
379 1328 512 1382 pedes
553 1328 802 1376 incedebat,
846 1339 887 1369 et
919 1329 1060 1368 multis
1090 1328 1306 1383 beneficiis
1338 1326 1563 1380 afficiebat

116 1391 295 1435 egentes.
367 1384 539 1437 Quare,
576 1384 642 1423 his
670 1385 929 1437 conspectis,
966 1397 1052 1424 non
1080 1384 1264 1438 amplius
1301 1384 1347 1423 in
1388 1384 1561 1430 lectica,

115 1445 163 1477 ut
193 1451 284 1477 mos
317 1448 418 1477 cunc
446 1439 651 1492 ferebat,
694 1438 774 1478 sed
813 1439 994 1494 pedibus
1030 1440 1114 1478 iter
1159 1452 1290 1490 agens
1334 1438 1562 1478 Anatolius

114 1492 375 1544 patriarcha
413 1495 728 1546 processionum
766 1494 1096 1547 supplicationes
1134 1494 1295 1534 obibat.
1365 1495 1561 1532 Marciani

119 1559 215 1598 ergo
247 1554 429 1599 tempore
466 1550 612 1586 summi
646 1550 724 1587 viri
762 1547 912 1587 lecticis
950 1548 1147 1587 sublevati
1185 1548 1429 1601 peragebant
1465 1548 1561 1586 reli-

120 1601 249 1653 giosas
276 1601 349 1640 has
376 1605 665 1654 processiones.
722 1602 867 1641 Paullo
896 1610 988 1654 post
1017 1603 1126 1654 apud
1158 1603 1331 1641 eundem
1351 1603 1562 1656 Theopha-

119 1668 213 1695 nem
245 1670 290 1708 p.
327 1655 418 1707 104.
450 1657 498 1695 Β.
528 1656 571 1696 6.
607 1656 801 1696 habemus
835 1656 1059 1709 exemplum
1094 1657 1345 1710 patriarchae
1384 1657 1561 1696 Alexan-

117 1709 254 1760 drini,
282 1712 351 1763 qui
386 1710 485 1749 CPli
513 1726 634 1764 agens
663 1726 756 1750 cum
783 1711 1043 1765 popularibus
1071 1714 1152 1751 suis
1179 1710 1226 1751 ἐκ
1252 1711 1331 1751 τοῦ
1357 1710 1561 1752 παλατίου

118 1759 344 1803 uranum»
371 1759 503 1818 ἦλθεν
532 1765 593 1812 εἰς
623 1762 698 1818 τήν
715 1766 935 1819 ἐκκλησίαν
970 1761 1198 1818 ὀχούμενος
1228 1761 1336 1821 ὄνῳ,
1377 1781 1399 1806 e
1427 1767 1562 1822 pala-

117 1819 178 1859 tio
216 1820 525 1872 supplicatione
560 1821 692 1860 ducta
719 1822 841 1861 asino
879 1830 1019 1860 vectus
1048 1821 1113 1860 ad
1146 1822 1363 1861 ecclesiam
1391 1836 1562 1877 proces·

119 1874 190 1912 sit.
247 1874 369 1925 Quod
407 1874 559 1914 factum
589 1883 723 1916 tamen
765 1876 876 1915 velut
906 1877 1117 1930 impudens
1148 1877 1414 1929 improbatur.
1471 1878 1561 1916 Me-

119 1935 250 1967 morat
285 1929 471 1982 Sigonius
509 1945 671 1984 quoque
711 1933 758 1970 L.
791 1932 847 1970 11.
880 1931 931 1970 de
969 1946 1092 1985 regno
1125 1931 1262 1970 Italiae
1297 1947 1341 1984 p.
1364 1931 1434 1983 48.
1456 1932 1560 1987 (39.)

115 1981 269 2036 legatos
309 1984 605 2038 Episcoporum
635 1986 687 2025 ad
713 1987 927 2026 concilium
956 1989 998 2025 in
1031 1986 1174 2025 Trullo
1205 1987 1389 2033 habitum
1420 1988 1562 2027 missos

118 2037 184 2076 ad
219 2052 392 2078 sacram
418 2054 619 2095 pompam
658 2040 844 2095 Spiritus
874 2042 918 2083 S.
950 2041 1180 2081 invocandi
1212 2042 1361 2094 gratia
1386 2055 1467 2095 per
1495 2056 1561 2081 ur-

118 2092 212 2132 bem
248 2092 490 2134 ducendam
515 2097 652 2134 missis
678 2098 793 2150 equis
823 2097 974 2136 stratis
1005 2098 1119 2135 mira
1153 2097 1408 2148 benignitate
1434 2096 1563 2136 Prin-

118 2147 225 2200 cipis
259 2147 526 2201 [Constantini
564 2151 760 2204 Pogonati
794 2150 907 2204 puta]
941 2153 1142 2191 invitatos
1168 2150 1324 2202 fuisse.
1380 2151 1562 2191 Praeser-

117 2201 193 2239 tim
206 2230 219 2250 ‚
249 2204 282 2240 si
313 2203 478 2243 ecclesia
509 2206 704 2258 quaedam
726 2207 1028 2260 inauguranda,
1058 2214 1098 2245 et
1117 2212 1343 2245 sanctorum
1369 2206 1561 2259 reliquiae

118 2257 160 2297 in
189 2270 236 2294 ea
266 2256 524 2310 deponendae
563 2269 692 2300 essent
707 2291 719 2311 ‚
758 2261 983 2301 habebatur
1019 2260 1262 2300 Patriarchis
1296 2260 1365 2300 ille
1401 2261 1532 2301 honor
1545 2292 1559 2313 ‚

118 2317 188 2359 ut,
219 2311 462 2364 Imperatore
489 2318 674 2368 quamvis
701 2319 788 2370 ipso
814 2317 984 2370 pedibus
1005 2331 1096 2355 cum
1124 2315 1414 2369 processionale
1442 2318 1561 2357 turba

118 2364 349 2406 ambulante
363 2397 376 2417 ‚
406 2370 480 2421 ipsi
522 2377 656 2409 tamen
688 2372 884 2424 imperiali
920 2386 1042 2411 curru
1082 2371 1324 2410 veherentur
1337 2401 1350 2422 ‚
1378 2378 1560 2412 tenentes

124 2434 242 2472 super
264 2423 444 2474 genubus
471 2425 719 2466 venerabiles
746 2426 948 2481 reliquias.
1007 2425 1105 2466 Vid.
1126 2426 1365 2480 Theophan.
1395 2442 1439 2480 p.
1468 2427 1559 2479 184.

118 2474 168 2512 B.
206 2489 296 2528 192.
327 2477 374 2519 C.
409 2479 495 2532 193.
524 2481 571 2519 B.
601 2487 694 2520 20'2.

228 2531 447 2571 Videamus
482 2549 591 2573 nune
623 2535 770 2575 harum
796 2538 1095 2591 processionum
1126 2538 1417 2590 antiquitatem.
1474 2535 1559 2574 Va-

119 2581 326 2624 lentiniani
359 2588 440 2626 iam
468 2595 649 2642 tempore
677 2591 750 2631 has
784 2607 950 2645 pompas
984 2595 1025 2630 in
1058 2591 1230 2631 ecclesiis
1268 2591 1415 2631 Italicis
1441 2590 1560 2630 fuisse

119 2639 285 2678 usitatas
312 2649 468 2681 constat
498 2657 520 2682 e
548 2644 638 2683 loco
664 2645 823 2698 Agnelli
839 2677 851 2698 ‚
881 2646 1106 2686 Pontifical.
1138 2648 1180 2685 in
1210 2648 1293 2685 vita
1322 2647 1560 2699 Exuperan-

121 2693 167 2730 tii
201 2693 254 2733 T.
288 2695 344 2734 11.
383 2697 531 2751 Script.
566 2700 663 2739 Rer.
706 2701 835 2741 Italic.
872 2717 915 2754 p.
947 2702 1014 2744 65.
1055 2701 1107 2741 ad
1135 2716 1255 2755 quem
1295 2701 1428 2740 locum
1461 2714 1559 2739 con-

123 2745 218 2786 ferri
260 2759 462 2791 mex-entur
477 2783 490 2805 ,
528 2767 630 2807 quae
671 2756 804 2798 attulit
848 2757 1050 2799 Benedict.
1098 2757 1347 2800 Bacchinius.
1421 2756 1559 2814 Quum
