1832 3126
169 206 243 251 Μ)
280 207 579 251 CONSTANT.
617 205 815 248 PORPH.
854 207 927 246 DE
964 204 1148 248 cmm.
1184 205 1286 245 ΠΒ.
1317 206 1352 244 1.
1412 203 1509 239 121

82 310 283 352 lai-intem
316 324 441 365 panes
476 310 518 349 in
545 307 694 348 circelli
725 308 890 347 modum
924 310 1048 361 pistos
1068 310 1173 347 inter
1201 308 1350 346 aulicos
1384 305 1520 346 distri-

83 366 218 406 buisse
246 367 342 406 satis
373 372 530 404 constat
552 378 575 404 e
598 363 744 403 Codini
776 363 828 402 de
848 362 987 403 officiis
1014 378 1057 416 p.
1085 377 1155 418 9⁰·
1173 377 1234 411 m,
1261 363 1332 401 ubi
1364 362 1421 400 ait
1439 362 1523 400 Im·

83 429 311 476 peratorem
343 421 555 460 CPtanum
569 419 775 458 Potesmto
796 419 984 457 lannensi
1005 418 1058 457 ad
1078 433 1120 457 se
1145 418 1290 457 festum
1307 417 1414 456 diem
1437 431 1522 470 gra·

88 477 263 516 tutatum
290 476 467 516 venienti
498 475 541 514 in
561 488 703 514 manus
724 473 821 512 dare
845 473 1039 520 κυλίκιον,
1070 474 1261 512 bucellam
1277 473 1522 521 cimam-em,

82 541 242 572 tortam.
270 532 326 571 V.
357 531 427 570 Du
466 530 600 583 Gange
630 543 673 568 v.
714 529 856 568 Olewn
889 528 1144 568 bem-dicam.
1214 529 1322 579 Quia
1346 526 1526 581 eulogiae

85 585 270 628 solebant
292 585 532 626 abeuntibus
553 583 671 632 addi,
713 598 759 623 ex
786 597 834 623 eo
868 583 1044 632 factum,
1088 590 1136 622 ut
1179 579 1409 633 λαμβάνειν
1451 578 1527 635 τήν

83 639 280 693 εὖλογίαν
316 641 423 680 idem
456 639 673 694 significet,
726 647 847 692 atque
879 640 1040 678 veniam
1083 638 1258 678 abeundi
1295 638 1523 691 impetrare.

85 696 209 736 Liber
236 696 320 735 τῶν
348 693 585 745 ἐπιτιμίων,
613 694 722 747 apud
748 696 816 733 Du
838 694 975 748 Cange
995 709 1037 734 v.
1071 693 1236 732 Oratio.-
1266 690 1311 732 εἴ
1330 706 1394 739 τις
1415 691 1528 741 ἐξέλ-

88 749 260 791 amm?
282 746 565 802 μοναστηρίου
599 747 659 801 μὴ
692 746 835 801 λαβών
867 745 943 800 τὴν
973 747 1192 800 ειῖλογάιν,
1233 741 1263 800 ἦ
1297 744 1527 794 ἀπολυθείς

28 819 33 822 ·
84 800 169 845 ὕπὸ
210 804 288 844 τοῦ
330 803 666 857 ἅρχιμανδρίτου
704 801 812 855 μετὰ
860 802 1018 857 εὐχῆς,
1073 800 1183 844 ἔστω
1235 798 1524 855 ἀκοινώνητος.

84 859 321 914 Antequam
348 859 402 899 ab
435 859 513 899 hoc
535 868 769 914 argumento
791 859 982 899 decedam
997 889 1010 910 ,
1035 859 1208 898 monebo
1229 858 1271 897 id
1298 872 1427 897 unum
1453 857 1526 897 ad-

82 915 166 955 huc
177 945 191 967 ‚
219 929 374 955 morem
399 913 515 954 illum
527 929 674 968 panem
690 923 730 955 et
748 916 888 955 vinum
903 929 1039 954 secum
1054 916 1096 954 in
1113 913 1318 954 ecclesiam
1334 913 1529 952 afferendi

85 969 221 1010 adhuc
241 969 426 1010 obtinere
454 971 497 1010 in
534 970 699 1010 ecclesia
718 970 1009 1010 Mediolanensi
1040 977 1223 1010 veterum
1245 970 1400 1008 rituum
1432 970 1528 1008 reti-

85 1025 322 1066 acutissima
335 1055 348 1074 ‚
378 1031 427 1064 ut
454 1025 644 1079 perhibet
678 1025 858 1080 Angelus
902 1040 927 1066 a
951 1026 1066 1065 Nuce
1098 1026 1150 1064 ad
1187 1024 1376 1064 Chronic.
1417 1025 1529 1063 Casi-

85 1094 200 1120 nens.
230 1095 271 1135 p.
288 1081 383 1135 573.
406 1079 503 1120 edit.
523 1082 823 1132 Murat.‚cuius
851 1081 950 1120 haec
972 1088 1068 1121 sunt
1088 1080 1212 1120 verba
1232 1080 1314 1119 huc
1332 1094 1526 1133 congrua:

91 1136 173 1187 „In
203 1134 373 1190 publica
393 1136 512 1175 missa
532 1136 655 1176 fiebat
680 1136 778 1177 olim
803 1151 827 1176 a
856 1135 1006 1191 populo
1043 1137 1159 1190 panis
1194 1143 1235 1175 et
1264 1137 1348 1174 vini
1378 1134 1530 1175 oblatio

114 1205 161 1231 ro
205 1191 399 1230 sacrificio
431 1191 484 1230 ad
519 1192 730 1232 arbitrium
774 1193 1080 1232 conferentium.
1166 1191 1253 1230 Non
1283 1191 1389 1230 enim
1413 1205 1530 1244 coge-

139 1252 252 1285 ntur.
318 1246 356 1286 E
398 1246 548 1299 quibus
576 1247 848 1288 oblationibus
880 1248 1064 1288 sacerdos
1086 1253 1240 1301 partem
1264 1246 1442 1300 aliquam
1466 1261 1529 1286 se-

84 1299 236 1354 ligabat
262 1301 575 1342 consecrandam
594 1333 606 1351 ‚
657 1303 832 1358 reliquas
854 1318 878 1343 a
900 1303 1105 1342 sacerdote
1124 1302 1353 1341 benedictas
1382 1309 1421 1341 et
1442 1316 1531 1354 pro-

115 1363 226 1396 terea
268 1355 446 1410 eulogias
491 1357 712 1411 appellatas
730 1390 742 1408 ‚
782 1357 914 1398 clerici
945 1359 1047 1398 inter
1071 1372 1114 1398 sc
1141 1365 1182 1397 et
1214 1357 1350 1396 fideles
1375 1357 1530 1396 divide-

170 1418 212 1460 t,
266 1425 350 1451 non
382 1426 480 1452 vero
520 1414 843 1454 catechumenos.
911 1413 1052 1467 Usque
1098 1413 1199 1453 adeo
1234 1420 1370 1452 autem
1404 1413 1531 1452 crevit

87 1465 346 1506 offerentium
378 1467 568 1516 ambitio,
610 1476 657 1508 ut
685 1469 902 1522 aliquando
922 1470 1087 1508 nomina
1113 1482 1277 1515 eorum,
1311 1469 1382 1522 qui
1408 1468 1530 1506 obtu-

90 1519 240 1570 lerant,
280 1519 440 1574 publice
483 1523 790 1563 recitarentur.”
855 1524 1024 1563 Invenio
1054 1537 1218 1576 quoque
1244 1523 1358 1563 datas
1391 1523 1434 1561 in
1465 1522 1531 1561 die

91 1575 302 1616 Paschatis
328 1590 353 1614 a
374 1577 562 1629 pontifice
591 1578 777 1618 fidelibus
804 1586 963 1631 praeter
989 1579 1173 1618 osculum
1199 1579 1306 1631 pacis
1338 1584 1378 1616 et
1408 1577 1533 1616 bene-

89 1630 284 1670 dictiones
302 1644 373 1669 seu
401 1630 578 1671 bucellas
603 1632 834 1672 benedictas
847 1663 858 1681 ,
901 1633 1134 1686 τρικέφαλα
1147 1663 1158 1679 ,
1190 1647 1260 1672 seu
1291 1646 1436 1671 numos
1458 1633 1533 1671 tri·

94 1699 166 1724 um
200 1686 494 1739 Imperatorum
528 1687 709 1728 vultibus
741 1689 930 1742 signatos.
961 1688 1058 1727 Vid.
1094 1687 1321 1727 Balsamon.
1361 1687 1474 1727 locus
1508 1701 1534 1727 a

89 1741 161 1779 Du
188 1740 325 1794 Gange
355 1755 397 1779 v.
427 1738 685 1794 Ἀσπασμὸς
714 1744 875 1783 citatus.
944 1743 1007 1783 Ea
1043 1742 1282 1782 liberalitate
1320 1757 1422 1796 opus
1449 1757 1534 1782 non

88 1794 296 1835 habebant
318 1795 576 1836 Patriarchae
613 1798 722 1852 apud
743 1800 1031 1852 Imperatorem
1044 1829 1055 1846 ‚
1086 1799 1250 1851 quicum
1274 1796 1415 1837 Glauci
1441 1813 1535 1852 per-

20 1866 23 1867 ’
82 1851 355 1893 >mutationem
384 1850 584 1892 faciebant
597 1883 609 1902 ,
640 1868 784 1894 aureos
803 1868 950 1893 numos
979 1854 1053 1906 ipsi
1084 1854 1320 1906 accipientes
1336 1883 1347 1900 ‚
1388 1861 1428 1893 et
1466 1858 1606 1894 eo-Ed.
1616 1859 1654 1894 1..
1669 1860 1717 1907 39

93 1919 188 1945 rum
212 1906 256 1945 in
285 1906 415 1945 vicem
435 1906 612 1948 bucellas
635 1910 750 1962 panis
778 1910 1010 1957 reddentes,
1057 1917 1097 1949 et
1122 1910 1275 1948 minuta
1304 1908 1454 1959 thura,
1494 1915 1536 1949 et
1611 1906 1614 1907 ⁷

89 1961 255 2015 pyxides
280 1962 516 2002 aromaticas
545 1970 586 2002 et
610 1979 744 2004 cereos
758 1995 770 2012 ‚
801 1972 840 2004 et
867 1963 965 2004 alias
986 1964 1180 2003 eiusmodi
1202 1963 1372 2004 reculas.

83 2058 86 2059 ⁷
151 2030 216 2055 ιι.
244 2016 299 2054 D.
320 2015 362 2055 6.
387 2016 478 2070 [18‚
500 2017 588 2072 23.]
652 2013 930 2059 ἅντιδιδοῦσι.
1000 2020 1060 2058 Μ.
1118 2015 1391 2059 α’ντιδίδουσι.
1478 2019 1535 2058 Et

91 2068 193 2109 haee
219 2070 350 2110 forma
382 2070 486 2111 δι’δω
501 2104 515 2122 ‚
542 2072 649 2113 δι’δει
662 2104 675 2125 ,
703 2071 835 2114 δι’ὃειν
855 2082 932 2113 etc.
961 2075 1004 2113 in
1027 2074 1105 2114 illis
1133 2082 1192 2113 est
1213 2081 1442 2113 constanter
1468 2074 1535 2114 ob-

92 2132 274 2165 servata:
304 2125 471 2165 alteram
493 2127 660 2168 διδοῦσι
692 2129 758 2169 vel
793 2128 961 2169 διδόασι
995 2144 1078 2168 non
1106 2131 1269 2168 memini
1300 2129 1356 2168 ibi
1379 2129 1529 2168 videre.

202 2181 257 2218 Ι).
284 2181 439 2233 penult.
472 2182 557 2237 [=8,
586 2183 678 2238 25.]
734 2181 785 2224 τά
811 2180 1017 2235 ἆλειπτιὶ;
1065 2184 1271 2237 Unguenta
1304 2182 1382 2235 vel?
1402 2185 1532 2238 maz-i-

91 2233 164 2273 des
183 2238 471 2288 tmgzoentarias,
492 2239 691 2278 odoratas.
749 2241 839 2279 Mos
857 2247 915 2279 est
940 2239 1193 2279 orientalium
1219 2241 1260 2278 in
1281 2238 1537 2279 refectionem

95 2289 236 2328 amicis
267 2290 510 2331 abeuntibus
531 2294 679 2333 addere
709 2302 750 2334 et
777 2295 1032 2334 venientibus
1046 2294 1190 2334 offerre
1218 2293 1478 2335 odoramenta
1495 2301 1536 2334 et

92 2352 314 2398 unguenta.
383 2345 523 2386 Solent
555 2363 717 2403 quoque
751 2365 887 2389 seeum
921 2358 1074 2404 gestare
1106 2349 1279 2403 pyxides·
1310 2349 1451 2389 ambra
1495 2357 1538 2389 et

94 2412 235 2438 museo
264 2399 418 2453 plenas.
496 2403 558 2442 lta
596 2405 715 2444 Iosua
753 2405 915 2460 Stylites
943 2406 984 2444 in
1012 2405 1211 2443 Chronico
1236 2403 1400 2457 Syriaco
1426 2405 1536 2458 apud

93 2453 303 2493 Asseman.
332 2456 384 2494 T.
412 2456 445 2494 Ι.
485 2457 590 2496 Bibl.
628 2460 704 2499 Or.
742 2475 783 2514 p.
827 2460 922 2500 268.
954 2475 1011 2498 a.:
1045 2459 1158 2498 Cives
1174 2472 1253 2513 per
1284 2467 1426 2514 septem
1453 2460 1539 2499 dies

93 2516 216 2548 totam
246 2519 395 2549 noctem
425 2525 503 2566 per·
528 2513 660 2552 urbem
682 2516 930 2563 discut-mut,
946 2515 1117 2567 fimalia
1143 2523 1182 2552 et
1206 2513 1391 2553 odoratas
1406 2517 1537 2570 pyxi-

95 2562 165 2602 des
188 2578 307 2604 manu
336 2576 508 2618 get-entes
520 2597 534 2616 ,
579 2577 617 2607 et
637 2572 816 2608 carmina
840 2570 1096 2608 nmdzelantes.
1154 2569 1249 2607 Vid.
1283 2568 1336 2608 ad
1363 2584 1405 2622 p.
1439 2584 1534 2623 270.

96 2617 143 2655 G.
179 2631 241 2657 io.
277 2627 318 2658 et
342 2619 441 2659 382.
475 2621 528 2660 A.
562 2623 636 2662 ult.
673 2626 807 2675 Quam
832 2625 997 2663 studiosi
1016 2631 1170 2663 veteres
1193 2624 1351 2663 narium
1370 2625 1535 2672 fuerint,

98 2678 139 2710 et
161 2681 332 2725 quantos
365 2675 530 2716 fecerint
550 2686 706 2718 sumtus
732 2681 775 2718 in
796 2693 906 2717 rosas
931 2679 970 2717 in
993 2679 1188 2718 conviviis
1202 2709 1212 2723 ,
1243 2679 1336 2719 item
1360 2680 1401 2718 in
1423 2679 1537 2730 thus,

100 2733 141 2764 et
153 2723 251 2821 uagi}
283 2729 507 2770 suffimenta
547 2733 588 2772 in
631 2735 831 2773 sacrificiis
868 2734 948 2772 suis
972 2765 982 2782 ‚
1028 2748 1074 2774 ex
1127 2734 1334 2774 Athenaeo
1371 2742 1411 2774 et
1451 2734 1539 2774 ali1s

103 2793 152 2818 00
241 2790 272 2821 t.
