1884 3132
301 157 376 202 AD
413 155 750 200 Arrmicm
789 157 888 197 Lm.
928 157 961 195 1.
1002 155 1073 196 DE
1110 149 1366 195 mammos.
1494 128 1602 198 543

180 270 334 305 veleroe
360 263 503 301 Graeci
547 261 701 300 tunicas
740 257 988 311 iun-aperies
1015 263 1170 310 apertas
1183 285 1195 302 ‚
1224 262 1270 293 ut
1305 259 1463 293 nostrae
1489 258 1603 303 sunt,

179 317 388 374 gradiendi
418 316 638 356 libertatem
665 314 936 353 concedentis.
994 311 1082 351 Non
1121 317 1258 364 putem
1282 309 1483 348 habuisse.
1512 307 1604 346 Du-

181 373 302 413 bitari
329 385 489 426 quoque
515 370 660 424 possit,
691 383 742 407 an
769 383 849 407 non
877 363 928 417 ui
959 362 1114 416 σχιστᾶ
1143 365 1273 404 saltim
1302 364 1450 403 fuerint
1475 370 1603 402 voetcs

180 429 363 468 concisae
379 456 392 478 ‚
420 425 556 480 quales
583 423 739 464 saeculo
766 424 865 461 XV.
895 429 934 461 et
951 421 1065 459 XVI.
1098 420 1300 472 gestabant
1326 419 1452 458 nostri
1479 419 1605 457 maio-

180 497 245 524 res
265 513 275 532 ,
322 489 368 520 ut
401 495 446 520 ex
486 479 658 532 antiquis
684 479 847 532 picturis
875 475 1119 529 intelligitur.
1179 475 1257 514 Sed
1284 488 1412 528 neque
1441 474 1603 513 Graecis

180 538 225 578 in
260 552 337 577 usu
365 536 529 575 fuerunt
567 541 695 573 vestes
733 541 814 572 tam
850 538 1068 572 monstrose
1095 531 1322 569 artificiosae
1339 560 1350 576 ‚
1379 541 1510 582 neque
1525 558 1538 579 ‚
1568 530 1602 567 si

178 591 244 632 vel
280 606 346 632 eas
382 593 424 630 in
451 605 527 629 usu
570 588 799 628 habuissent
813 618 823 634 ‚
870 585 1001 626 saltim
1046 583 1239 636 δι’σχιστα
1277 585 1478 624 diversum
1506 583 1603 637 quid

176 661 264 687 esse
279 677 293 697 ‚
320 659 466 686 nomen
492 647 623 698 ipsum
650 643 841 696 loquitur.
894 641 990 679 Vid.
1021 654 1124 693 quae
1157 640 1259 678 infra
1287 639 1336 678 de
1366 638 1604 684 διακοπτοῖς

174 702 308 743 dicam
332 701 383 740 ad
409 715 450 754 p.
463 699 557 739 356.
581 699 634 737 D.
659 711 699 736 2.
732 697 860 749 Quale
887 709 1010 750 genus
1037 696 1155 734 vestis
1181 694 1458 748 significaverit
1474 692 1604 732 Adal-

178 756 277 796 bero
303 754 579 795 Laudunensis
604 753 824 806 Episcopus
850 754 892 791 in
919 752 1094 790 carmine
1121 749 1172 789 ad
1190 750 1411 789 Robertum
1426 777 1439 801 ‚
1467 748 1602 788 Fran-

172 812 261 851 ciae
286 824 420 864 regem
438 839 450 860 ,
470 809 548 847 illis
575 808 706 847 verbis
724 822 735 846 :

370 864 429 904 Et
449 865 564 902 vestis
594 876 750 901 oncrum
778 870 883 901 tenus
915 869 971 900 est
999 868 1150 899 curtata
1176 859 1314 898 talaris

368 919 413 957 F
410 919 561 958 inditur
580 919 771 965 anteritas,
798 931 867 955 nec
886 917 1022 971 parcit
1047 916 1279 970 posteriori,

175 987 259 1014 non
286 974 423 1028 liquet.
478 973 651 1012 Possunt
678 974 783 1011 enim
809 985 934 1025 aeque
961 971 1062 1010 bene
1096 970 1147 1009 de
1173 970 1310 1009 tunica
1338 969 1389 1008 ad
1417 969 1599 1024 iugulum

174 1037 216 1069 et
242 1031 345 1069 inter
370 1027 550 1081 scapulas
578 1029 717 1076 scissa,
748 1041 867 1081 quam
892 1026 942 1066 de
967 1032 1076 1065 veste
1102 1026 1207 1065 inter
1233 1039 1350 1064 crura
1380 1032 1419 1065 et
1445 1026 1497 1064 ab
1524 1040 1598 1065 an-

172 1087 254 1124 tica
283 1092 322 1124 et
346 1098 371 1123 a
401 1085 552 1137 postica
579 1083 696 1122 scissa
723 1081 989 1135 interpretari.

283 1138 395 1179 856.
420 1137 547 1192 [469,
586 1136 666 1190 15.]
707 1132 960 1188 μανιακάτα.
1014 1136 1126 1176 Verti
1160 1144 1338 1191 torquata
1365 1149 1431 1174 seu
1463 1139 1598 1176 assuas

173 1194 303 1233 aureis
317 1194 510 1249 torquibus
532 1194 730 1231 instmcta.
781 1191 860 1231 Sed
887 1190 1045 1230 mallem
1075 1206 1182 1230 nunc
1210 1205 1296 1230 cum
1328 1190 1459 1228 limbis
1500 1193 1599 1230 seri-

174 1249 230 1287 cis
245 1278 256 1297 ‚
305 1249 376 1287 mit
413 1257 608 1287 samtenen
638 1248 799 1300 Kragen
835 1247 932 1286 oder
959 1246 1218 1299 Atysclzliigen
1253 1260 1318 1284 um
1359 1246 1437 1284 den
1474 1245 1595 1286 Hals.

173 1303 277 1342 Vid.
307 1303 375 1341 Du
402 1303 534 1355 Cange
562 1302 692 1341 Gloss.
722 1303 796 1341 Gr.
825 1316 867 1340 v.
898 1299 1150 1353 ΙΗανιὰκης,
1179 1302 1247 1340 ubi
1277 1303 1370 1339 citat
1398 1314 1420 1339 e
1449 1300 1597 1341 Glossis

173 1354 410 1409 smmum,
443 1353 489 1395 τὸ
518 1355 594 1396 τοῦ
621 1352 789 1407 ἱματίου
822 1351 1085 1405 περιστόμιον
1103 1386 1113 1403 ,
1143 1356 1207 1403 id,
1255 1355 1362 1410 quod
1385 1355 1507 1393 ambit
1527 1371 1597 1394 ve-

172 1413 242 1450 stis
264 1425 307 1450 os
331 1412 399 1450 vel
425 1413 586 1450 hiatum.
646 1411 695 1449 In
714 1410 851 1464 figuris
868 1409 947 1448 illis
967 1410 1153 1449 Basiliani
1171 1409 1383 1462 Menologii
1402 1438 1414 1458 ‚
1445 1410 1484 1447 in
1505 1411 1598 1463 qui-

173 1465 251 1505 bus
277 1467 447 1506 vestium
474 1466 686 1505 scissarum
704 1466 916 1518 imaginem
936 1463 1115 1503 exhiberi
1143 1465 1256 1513 dixi,
1290 1466 1466 1503 occurrit
1493 1479 1595 1518 quo-

173 1535 254 1574 que
277 1522 408 1575 imago
435 1521 574 1560 talium
601 1519 842 1570 limborum,
881 1519 1024 1572 quihus
1061 1520 1256 1573 praetensi
1293 1525 1385 1557 sunt
1409 1526 1448 1557 et
1476 1521 1596 1559 cincti

172 1575 233 1614 illi
259 1574 392 1615 hiatus
418 1590 487 1614 seu
514 1576 676 1614 fissurae
692 1606 704 1627 ‚
747 1575 858 1615 velut
895 1582 1095 1628 segmento
1128 1575 1300 1627 quodam
1339 1574 1488 1625 serico,
1526 1581 1598 1614 aut

170 1643 292 1683 opere
321 1631 619 1684 Phrygionico;
647 1630 732 1670 vid.
760 1645 797 1669 e.
827 1645 864 1669 c.
894 1630 945 1668 T.
978 1630 1012 1668 1.
1045 1645 1086 1683 p.
1125 1629 1213 1669 105.
1249 1629 1338 1667 113.
1378 1628 1468 1668 161.
1503 1628 1593 1668 162.

172 1691 214 1724 et
240 1684 359 1734 alibi,
390 1687 485 1724 item
512 1685 678 1724 Salmas.
709 1685 760 1724 T.
793 1686 846 1727 11.
875 1685 1019 1738 Script.
1052 1685 1155 1724 Hist.
1187 1684 1295 1737 Aug.
1320 1698 1362 1736 p.
1401 1682 1495 1736 569.
1515 1683 1560 1723 Β.
1582 1715 1595 1736 ,

169 1739 240 1778 ubi
270 1739 322 1779 de
348 1742 558 1794 segmentis
579 1771 589 1788 ‚
636 1754 739 1794 quae
777 1747 915 1793 guttur
943 1739 1163 1787 ornabant,
1194 1741 1288 1793 agit.
1347 1738 1482 1777 Vestes
1511 1753 1595 1778 mu-

166 1794 305 1832 liebres
323 1824 334 1842 ,
377 1797 455 1844 ait,
487 1797 684 1848 segmentis
715 1795 772 1833 ad
796 1804 927 1847 guttur
960 1795 1220 1842 ornabantur,
1275 1794 1346 1832 hoc
1384 1802 1440 1831 est
1465 1795 1594 1833 aur-etis

149 1849 312 1898 fasciis·-
342 1849 429 1888 Non
457 1865 610 1903 negem,
642 1864 780 1889 aureas
808 1850 946 1889 fascias
974 1850 1091 1888 fuisse
1109 1856 1277 1898 assutas,
1307 1847 1373 1887 sed
1394 1856 1595 1900 segmenta

167 1905 328 1955 proprie
355 1912 447 1943 sunt
475 1905 616 1944 fasciae
652 1904 715 1944 vel
745 1906 900 1944 taeniae
925 1918 1150 1958 purpureae
1175 1905 1372 1943 sericaeve
1398 1902 1487 1955 plus
1516 1905 1595 1942 mi-

167 1970 294 1996 nusve
318 1957 422 1998 latae
437 1989 448 2010 ,
477 1974 570 1998 orae
597 1961 716 1999 vestis
735 1959 882 1998 collum
902 1960 1091 1998 ambienti
1118 1966 1286 1998 assutae.
1342 1958 1479 2010 Pergit
1504 1957 1593 1996 Sal-

164 2012 312 2050 masius
338 2026 350 2050 :
392 2023 504 2069 atque
546 2015 639 2054 inde
674 2024 907 2067 segmentum
936 2027 1016 2068 pro
1055 2015 1221 2067 gutturis
1260 2021 1490 2052 ornamento
1525 2013 1595 2051 vel

167 2067 310 2105 monili
324 2069 509 2120 positum.
541 2069 725 2109 Servius:
751 2070 982 2124 „Cblloque9
1005 2070 1150 2108 monile
1170 2076 1440 2107 ornamentum
1461 2075 1593 2119 guttu-

162 2121 220 2159 ris
233 2150 246 2171 ,
274 2122 381 2175 quod
397 2131 435 2160 et
453 2132 680 2176 segmentum
709 2123 879 2163 dicunt-'⁹
932 2123 1046 2163 Idem
1068 2123 1181 2162 habet
1200 2122 1376 2161 Isidorus
1390 2151 1402 2169 ‚
1432 2128 1471 2160 et
1497 2121 1591 2160 reli—

163 2187 259 2225 qua.
314 2176 490 2216 Bandur.
521 2178 572 2216 ad
603 2179 852 2217 Constantin.
888 2193 979 2231 pag.
999 2178 1064 2220 35.
1090 2178 1222 2217 locum
1250 2176 1400 2215 Valerii
1427 2176 1591 2215 Maximi

162 2228 259 2266 citat
283 2226 338 2265 V.
366 2242 405 2266 2.
421 2259 434 2278 ‚
475 2232 546 2271 ubi
587 2241 832 2285 segmentum
861 2232 1007 2271 dicitur
1033 2241 1299 2271 ornamentum
1326 2232 1446 2278 colli,
1487 2231 1596 2284 quod

165 2282 310 2344 mon{le
338 2294 511 2324 vocatur.
570 2287 672 2326 Sunt
699 2301 791 2340 ergo
818 2289 983 2325 monilia
1012 2294 1051 2326 et
1078 2288 1282 2326 mam'acae
1323 2299 1404 2324 non
1432 2292 1591 2325 tantum

167 2348 277 2375 aurei
296 2343 458 2389 torques
476 2348 544 2375 aut
563 2343 868 2389 margaritarum
894 2341 960 2380 fila
981 2370 992 2390 ‚
1023 2341 1091 2380 sed
1113 2342 1231 2379 etiam
1259 2347 1388 2378 assuta
1413 2339 1590 2377 vestibus

162 2398 360 2442 segmenta
389 2392 511 2429 serica
541 2399 610 2429 aut
638 2398 882 2440 exametina3
909 2395 1041 2443 qualia
1069 2394 1134 2433 hic
1154 2394 1230 2433 loci
1257 2401 1355 2443 puto
1374 2393 1587 2445 designari.

161 2443 271 2483 Talis
298 2446 451 2496 torquis
473 2453 541 2484 aut
558 2445 714 2484 collaris
742 2445 950 2497 imaginem
973 2445 1111 2483 videre
1140 2451 1199 2483 est
1226 2446 1267 2483 in
1294 2443 1377 2493 illa,
1395 2459 1517 2498 quam
1537 2445 1588 2485 li-

161 2495 319 2538 brarius
339 2528 351 2549 ‚
380 2501 447 2551 qui
477 2500 651 2539 codicem
662 2500 843 2552 Dionysii
862 2499 1150 2538 Halicarnassei
1166 2498 1403 2552 Chigianum
1430 2500 1587 2540 saeculo

164 2550 236 2590 lx.
251 2555 440 2604 exaravit,
459 2555 584 2593 codici
611 2568 682 2594 suo
713 2555 952 2606 praeposuit,
973 2561 1013 2591 et
1038 2567 1159 2606 quam
1187 2553 1507 2594 Montfauconius
1543 2556 1586 2594 in

162 2603 470 2660 Palaeographia
483 2611 632 2648 Graeca
655 2615 693 2647 et
707 2610 757 2647 Τ.
771 2609 846 2646 111.
865 2609 1035 2661 Antiqu.
1067 2608 1260 2661 Explicat.
1290 2607 1373 2648 tab.
1388 2608 1428 2660 4.
1458 2609 1524 2663 fig.
1540 2611 1580 2650 5.

163 2658 361 2711 exhibuit,
391 2664 554 2702 credens
587 2664 772 2702 vestitum
793 2692 806 2711 ,
836 2664 906 2716 qui
920 2662 1111 2716 Dionysio
1137 2677 1161 2701 a
1188 2661 1351 2702 librario
1377 2663 1428 2702 ad
1459 2665 1584 2704 instar

163 2713 309 2753 saeculi
333 2717 393 2754 sui
424 2719 724 2772 circumpositus
750 2717 824 2758 fuit
836 2747 849 2769 ,
895 2716 955 2757 illi
983 2731 1140 2772 quoque
1168 2719 1291 2760 veteri
1317 2720 1434 2775 aetati
1447 2746 1461 2772 ,
1501 2733 1580 2772 qua
