1884 3132
371 155 482 221 842
560 184 562 186 v
684 173 756 215 10.
797 172 901 215 me.
945 175 1139 216 mnsKu
1178 174 1556 218 COMMENTARu

372 280 425 318 sis
450 277 628 317 Nomieis
654 276 824 330 legitur:
863 273 1045 329 ἐπόπτης
1084 276 1248 329 λέγεται
1289 276 1311 318 ὅ
1352 277 1576 333 ἐξισωτήςς
1614 279 1700 319 vid.
1745 279 1813 319 Du

375 334 510 387 Cange
538 348 579 372 v.
610 333 823 387 Inspector.
884 334 989 383 Quia
1027 340 1161 373 tamen
1198 337 1431 390 inspectores
1458 344 1498 375 et
1517 344 1822 391 peraequatores

369 389 414 428 fin
444 391 505 428 tit.
537 387 602 428 58.
636 389 682 427 L.
707 388 761 426 11.
795 387 894 426 Cod.
947 389 1088 427 lustin.
1129 390 1179 428 de
1215 392 1385 429 censibus
1423 400 1461 430 et
1497 391 1748 430 censitoribus
1781 400 1819 429 et

367 444 721 499 peraequatoribas
762 452 799 482 et
835 445 1112 498 inspectoribus
1129 474 1140 495 ,
1184 452 1222 484 et
1261 460 1284 485 a
1324 446 1465 485 Nostro
1502 441 1540 485 οἱ
1570 443 1749 486 ἐπόπται
1777 452 1818 484 et

375 495 411 539 οἱ
442 497 640 548 ἐξισωταί
665 499 994 552 distinguuntur,
1039 499 1187 539 debent
1214 500 1361 540 diversi
1389 515 1472 541 esse
1489 530 1501 550 ,
1542 501 1727 554 quamvis
1755 500 1818 539 vi-

374 555 550 594 deantur
592 553 728 594 affines
768 554 902 593 fuisse.
957 554 1081 593 Forte
1122 556 1242 608 igitur
1279 556 1438 596 discreti
1469 557 1524 595 sic
1552 556 1744 604 suerunt,
1773 562 1820 594 ut

375 607 413 648 οἱ
443 608 742 661 ἐπισκεπτῆται
759 638 770 659 ,
805 610 1022 648 visitatores
1045 640 1055 657 ,
1091 611 1320 664 inspectores
1335 641 1346 662 ,
1389 613 1611 666 opinatores
1649 610 1818 662 inspice-

375 672 470 704 rent
489 695 501 716 ,
541 665 826 718 opinarentur,
872 664 1165 704 arbitrarentur
1211 680 1280 705 seu
1324 668 1579 706 aestimarent
1623 665 1787 720 praedia
1805 694 1821 716 ‚

375 720 540 768 domos,
573 719 778 758 facultates
809 721 984 770 civium3
1027 716 1065 759 οἱ
1096 721 1290 769 ἐξισωταί
1316 736 1414 761 vero
1451 722 1698 762 tributorum
1724 734 1819 772 par-

374 777 558 814 titionem
586 776 627 813 in
657 775 786 828 capita
816 774 972 828 singula
999 789 1045 814 ex
1077 790 1204 829 aequo
1233 783 1272 815 et
1297 778 1402 817 iusto
1430 777 1632 825 facerent,
1675 774 1822 814 fundo-

377 845 469 871 rum
497 831 750 884 pereuntium
787 845 856 869 seu
884 830 1023 869 talium
1045 861 1056 878 ‚
1103 846 1277 884 quorum
1313 832 1465 872 domini
1501 833 1710 886 periissent
1750 836 1821 869 aut

375 886 568 926 solvendo
599 893 727 924 essent
755 885 950 925 inhabiles
985 886 1078 924 facti
1098 916 1109 936 ,
1149 887 1300 926 tributa
1329 889 1370 926 in
1399 887 1551 928 vicinos
1579 886 1823 940 repartiren-

377 950 470 993 tur,
519 956 644 994 eaque
673 943 715 979 in
755 941 913 979 tabulas
952 941 1145 980 referrent
1173 949 1212 981 et
1244 943 1458 996 exigerent.
1515 940 1689 993 ’Eampt‘a
1716 947 1825 979 certe

378 1005 437 1036 cst
463 998 648 1051 inspectio
676 1005 715 1036 et
739 997 955 1035 aestimatio
965 998 1212 1048 facultatum
1242 997 1479 1051 Theophani
1505 1012 1547 1051 p.
1569 996 1666 1049 411.
1685 996 1739 1034 D.
1760 995 1824 1044 6.,

378 1052 565 1092 cedreno
594 1066 636 1104 p.
657 1051 754 1100 480.
774 1052 819 1089 Β.
846 1050 906 1101 5.,
929 1051 1021 1104 590.
1045 1053 1091 1090 Β.
1113 1051 1152 1103 4.
1186 1051 1395 1099 Ἐςῗσωσιν
1421 1060 1558 1092 autem
1588 1066 1657 1091 seu
1680 1064 1826 1105 perae-

374 1109 600 1162 quationem
643 1105 740 1144 olim
786 1106 906 1145 fuisse
942 1106 1095 1145 dictum
1120 1107 1338 1157 tributum,
1377 1108 1487 1161 quod
1526 1121 1601 1160 pro
1629 1107 1759 1159 capite
1785 1111 1827 1143 et

378 1163 547 1201 fortunis
574 1161 785 1215 penditur,
815 1175 860 1200 ex
881 1175 927 1199 eo
945 1169 1065 1215 patet,
1101 1162 1212 1215 quod
1241 1161 1420 1213 Arabes,
1449 1177 1473 1201 a
1495 1163 1658 1202 Graecis
1683 1161 1824 1214 procul

378 1229 503 1268 dubio
531 1226 709 1281 exemplo
738 1234 869 1266 sumto
886 1257 898 1277 ,
928 1227 1008 1267 tale
1034 1229 1232 1268 tributum
1271 1219 1448 1272 &qs-kazi„
1475 1229 1828 1284 peraequationem

379 1285 596 1338 appellant.
651 1284 842 1323 Boivinus
861 1284 901 1321 in
931 1285 1034 1323 notis
1062 1284 1112 1322 ad
1143 1282 1412 1337 Nicephorum
1441 1285 1659 1338 Gregoram
1689 1297 1731 1336 p.
1756 1283 1826 1335 57.

382 1341 447 1380 ed.
474 1341 646 1388 Venet.,
681 1339 750 1392 qui
789 1337 935 1391 regalia
976 1346 1015 1378 et
1053 1339 1152 1378 alios
1181 1340 1409 1392 principum
1435 1340 1586 1378 reditus
1617 1336 1832 1391 exigendos

381 1402 490 1434 certo
536 1395 753 1433 constituto
791 1395 920 1446 pretio
956 1394 1232 1444 redimebant,
1277 1408 1343 1433 eos
1383 1408 1411 1447 a·
1444 1394 1600 1434 Latinis
1641 1393 1762 1432 medii
1790 1397 1832 1430 et

382 1451 509 1489 infimi
529 1450 616 1488 aevi
633 1449 894 1502 scriptoribus
899 1459 1213 1504 peraequatores,
1237 1447 1550 1503 recuperatores,
1568 1457 1690 1502 atque
1709 1449 1830 1486 etiam

382 1507 637 1559 descriptores
655 1534 667 1553 ‚
709 1519 732 1543 a
749 1505 912 1544 Graecis
939 1502 1138 1552 ἐξισωτὰς
1159 1535 1169 1553 ,
1211 1504 1392 1550 ἐπόπτας
1420 1511 1459 1543 et
1485 1502 1742 1557 α’ναγραφεῖς
1769 1500 1835 1540 fu·

386 1562 462 1601 isse
499 1561 625 1599 dictos
665 1559 863 1613 perhibet.
920 1560 1093 1599 Eosdem
1135 1562 1257 1614 igitur
1300 1559 1538 1598 existimant
1575 1560 1628 1599 V.
1667 1559 1721 1596 D.
1758 1556 1837 1596 hos

384 1630 526 1655 omnes
555 1616 688 1654 fuisse.
743 1614 819 1653 Sed
850 1629 991 1654 vereor
1010 1645 1020 1662 ‚
1052 1629 1103 1654 ne
1131 1623 1294 1669 epoptas
1321 1628 1413 1653 cum
1442 1609 1640 1660 τελώναις
1658 1611 1831 1652 confun-

385 1672 468 1714 dat.
535 1671 638 1709 Mihi
686 1669 850 1723 quidem
877 1670 1066 1709 videntur
1095 1669 1273 1711 ἐπόπται
1315 1670 1437 1709 iidem
1471 1683 1558 1708 esse
1594 1682 1687 1708 cum
1725 1666 1830 1713 illis,

390 1741 491 1779 quos
521 1726 601 1764 Dio
630 1726 789 1764 Cassius
816 1721 914 1771 τοιῖς
941 1722 1014 1772 τὰς
1039 1722 1230 1777 τιμήσεις
1273 1723 1655 1778 ἐγκεχειρισμένους
1691 1720 1834 1776 appel·

390 1782 447 1822 lat
476 1782 582 1832 apud
601 1780 839 1819 Salmasium
867 1781 918 1818 T.
949 1781 980 1818 Ι.
1008 1781 1318 1834 Scriptor.Hist.
1339 1780 1443 1834 Aug.
1474 1794 1515 1832 p.
1544 1777 1727 1828 105.A.;
1764 1775 1836 1815 sed

390 1838 447 1876 ibi
487 1837 562 1875 Vir
614 1850 792 1875 summus
837 1835 1045 1874 confundit
1084 1838 1236 1889 gerticos
1283 1842 1323 1874 et
1364 1844 1535 1890 epoptas,
1598 1834 1685 1872 Non
1729 1830 1837 1870 mul-

393 1900 481 1931 tum
509 1891 716 1931 dissimiles
744 1898 862 1941 sunt,
895 1892 962 1943 qui
994 1892 1202 1930 Iustiniani
1236 1905 1335 1930 aevo
1360 1899 1608 1939 tractatores,
1638 1899 1837 1939 τρακτευ-

396 1947 483 1997 ταί,
513 1955 552 1986 et
579 1947 754 1986 vindices
782 1945 1113 1998 appellabantur,
1146 1947 1186 1985 hi
1215 1947 1323 2000 quod
1352 1959 1490 1984 census
1508 1952 1548 1983 et
1573 1943 1727 1982 tributa
1746 1942 1839 1980 vin-

393 2004 574 2041 dicarent
597 2031 608 2051 ,
638 2003 679 2040 vi
707 2002 930 2054 exigerent,
978 2009 1184 2055 cogerent,
1214 2002 1280 2050 hi,
1324 2000 1433 2054 quod
1461 2006 1670 2053 computos
1696 2010 1838 2036 census

394 2057 547 2111 publici
573 2066 804 2105 tractarent,
833 2057 1086 2104 chartularii,
1127 2059 1196 2111 qui
1225 2070 1366 2095 census
1394 2055 1535 2108 cuique
1563 2054 1767 2107 impositos
1793 2052 1837 2089 in

399 2115 543 2165 scripta
573 2113 780 2151 referrent.
838 2112 901 2150 De
928 2113 1074 2164 quibus
1103 2113 1267 2165 insignis
1295 2111 1405 2150 locus
1426 2118 1485 2149 est
1506 2109 1646 2164 cyrilli
1667 2106 1838 2160 Scytho—

395 2168 561 2221 politani
590 2168 695 2220 apud
723 2167 991 2206 Alemannum
1030 2168 1080 2206 ad
1096 2166 1335 2220 Procopium
1366 2181 1406 2218 p.
1435 2179 1535 2211 100„
1566 2164 1710 2217 passim
1735 2174 1837 2214 quo-

397 2238 477 2276 que
505 2238 527 2262 a
562 2224 627 2261 Du
657 2224 811 2275 Cangio
835 2222 966 2261 Gloss.
997 2230 1169 2276 utroque
1198 2224 1237 2260 in
1260 2217 1640 2272 περισσοπρακτία,
1668 2220 1710 2256 in
1737 2217 1840 2255 Tra-

394 2288 558 2317 ctatores
590 2286 627 2317 et
659 2278 848 2317 Vindices
885 2276 1082 2317 laudatus.
1143 2278 1324 2316 Tandem
1356 2289 1518 2329 quoque
1552 2270 1729 2324 ἐπόπτης
1767 2284 1843 2324 pro

395 2335 582 2386 carnifice
611 2334 826 2372 invenitur.
882 2333 970 2371 Hoc
1004 2335 1113 2372 venit
1154 2347 1176 2371 a
1206 2332 1350 2371 Latino
1374 2331 1592 2386 speculator
1617 2327 1682 2366 vel
1710 2327 1843 2379 spicu-

395 2387 526 2436 lator,
558 2389 666 2442 quod
697 2388 843 2427 Graeci*
868 2388 1043 2427 reddunt
1071 2384 1271 2439 ἐπόπτης,
1303 2381 1646 2438 ἀποκεφαλίζων,
1676 2377 1839 2432 δήμιος·

505 2445 558 2483 D.
585 2452 718 2496 antep.
743 2443 859 2497 [7¹7⁹
883 2441 961 2495 10.]
1002 2439 1188 2494 ἔξαρχοι.
1234 2436 1438 2494 ’Έξαρχος
1465 2446 1523 2478 est
1553 2438 1613 2477 vel
1644 2437 1838 2497 princeps,

395 2500 635 2553 principium
665 2499 810 2538 faciens
842 2499 883 2536 in
912 2498 1045 2551 aliqua
1075 2513 1118 2537 re
1145 2505 1183 2536 et
1210 2496 1322 2536 velut
1353 2496 1521 2534 chorum
1548 2494 1695 2531 ducens
1710 2519 1742 2551 ‚u
1763 2503 1838 2527 nn-

394 2562 584 2608 perator3
625 2554 687 2593 vel
717 2561 775 2592 est
805 2555 999 2600 vicarius,
1041 2553 1361 2602 counnissarius,
1411 2549 1454 2597 ἐξ
1483 2543 1681 2596 ὀνόματος
1712 2545 1845 2582 αλλου

395 2606 506 2656 τινὸς
537 2604 698 2661 ἅρχων.
759 2609 901 2648 Priore
933 2610 1154 2661 significatu
1181 2606 1356 2660 appellat
1389 2604 1656 2656 Theophanes
1684 2613 1722 2652 p.
1746 2598 1840 2651 557.

394 2664 443 2702 B.
467 2664 507 2714 4.
556 2664 862 2703 Abulabbasum
909 2659 980 2701 τόν
1025 2660 1192 2702 πάντων
1232 2659 1463 2711 ἐξάρχοντα
1497 2664 1537 2696 et
1561 2670 1600 2708 p.
1631 2654 1776 2717 99··D-
1798 2666 1842 2706 9·

395 2717 568 2770 aliquem
607 2714 835 2772 στρατηγὸν
861 2718 933 2757 καί
960 2712 1137 2770 ἔξαρχον
1156 2716 1229 2756 τοῦ
1249 2714 1425 2762 στόλους
1457 2711 1640 2764 quamvis
1669 2709 1849 2772 ibi-quo-

401 2787 478 2826 que
507 2775 595 2825 pari
624 2777 710 2814 iure
737 2775 860 2827 possit
886 2773 999 2812 reddi
1049 2775 1117 2827 qai
1155 2774 1237 2811 loco
1270 2768 1530 2824 Imperatoris
1565 2766 1681 2804 classi
1720 2776 1845 2818 tmpe-
