1884 3132
219 159 293 202 An
335 160 628 202 CONSTANT.
668 163 863 203 Pomm.
904 158 986 200 DE·
1017 158 1198 201 emim.
1239 158 1339 199 Lm.
1365 159 1417 198 11.
1459 137 1562 208 8.ίί

120 261 324 304 dicuntur.
395 264 542 304 Procul
595 265 722 304 dubio
763 264 815 303 ad
853 263 999 303 horum
1037 264 1290 303 visitatorum
1337 262 1565 316 exemplum

119 319 375 368 appellarunt
402 321 554 359 Arabes
586 318 831 358 Andaluseni
861 318 950 358 illos
979 332 1071 358 suos
1090 319 1351 371 magistratus
1381 318 1560 358 urbanos

122 371 378 429 Mittasepleos
420 375 483 414 vel
515 375 814 427 Almutascphos
828 404 839 421 ‚
879 388 1052 426 quorum
1095 380 1180 412 erat
1216 373 1333 419 ,furia
1364 374 1569 425 requirere

119 433 159 464 et
205 443 401 475 assei-ere,
441 430 661 482 ponderare
704 443 825 482 panes
857 436 896 467 et
925 443 1157 467 mensurare
1194 430 1361 477 vinumr,
1391 428 1473 466 vid.
1500 429 1570 467 Du

122 480 255 536 Gange
280 498 320 523 v.
357 485 679 538 Almmidacaphi
709 485 805 536 (qua
843 483 881 522 in
908 486 1120 537 scriptione
1143 498 1164 522 c
1199 490 1245 521 u‘.
1270 498 1288 521 s
1321 482 1453 522 efferri
1495 483 1567 522 de-

123 547 210 597 bet)
242 556 282 587 et
317 549 611 603 Almumzaplii.
675 549 877 602 Significat
926 550 1033 588 enim
1063 539 1239 586 ..b-⁴22&
1270 547 1333 587 vel
1363 538 1567 598 uxo-³24„

120 603 438 656 exploratorem,
481 618 588 653 eum,
624 605 692 656 qui
733 606 774 642 in
802 611 949 642 statum
990 604 1049 643 rei
1080 603 1244 642 alicuius
1274 605 1454 656 inquirit.
1513 603 1563 644 Si

124 659 213 709 quis
242 665 374 696 antem
415 666 546 711 putet,
575 658 675 704 τοὺς
707 656 1002 711 ἒπισκεπτήτας
1038 659 1159 697 fuisse
1184 658 1342 696 eosdem
1371 673 1462 697 cum
1490 672 1567 697 no-

123 712 216 750 stris
261 713 535 752 visitatoribus
570 715 625 752 sic
655 713 795 762 dictis,
840 716 908 766 qui
948 713 1128 752 collocati
1169 714 1208 751 in
1238 714 1363 766 portis
1402 713 1567 752 urbium

123 765 371 806 lustrant-et
406 769 543 807 corbes
577 769 781 820 speciebus
819 768 1026 807 venalibus
1053 775 1216 806 onustas
1244 775 1282 806 et
1313 782 1424 806 arcas
1457 783 1563 807 mer—

123 822 260 871 cium,
304 836 406 875 quae
449 823 488 861 in
525 823 706 862 curribus
746 825 938 862 onerariis
972 823 1232 873 deferuntur,
1281 823 1494 876 omniaque
1519 825 1563 862 in

122 875 281 914 tabulas
313 877 487 916 referunt
506 907 516 925 ,
546 892 626 916 non
655 877 803 926 habeo,
843 892 925 930 quo
952 892 1043 916 eum
1072 876 1263 916 refellam.
1323 878 1370 916 ln
1399 879 1561 917 univer-

123 943 210 968 sum
261 931 344 970 fieri
395 934 556 986 nequit,
603 939 648 970 ut
685 934 987 986 magistratuum
1024 933 1252 971 nominibus
1292 932 1397 970 idem
1436 947 1563 985 paene

120 984 430 1036 significantibus
457 987 674 1036 dictorum,
706 994 744 1025 et
771 987 917 1040 quibus
945 986 1046 1026 nihil
1067 989 1168 1025 inest
1185 1017 1196 1037 ‚
1225 987 1334 1039 quod
1362 988 1560 1040 cuiusque

123 1051 271 1078 munus
309 1049 347 1079 et
384 1042 696 1081 iurisdictionem
731 1042 957 1081 distinctive
986 1042 1205 1094 exprimat,
1229 1041 1473 1081 differentiae
1499 1050 1562 1081 at-

121 1107 201 1146 que
241 1097 414 1134 rationes
448 1098 652 1149 perspicue
689 1111 861 1149 vereque
895 1097 1150 1136 definiantur.
1210 1096 1284 1134 Illa
1323 1104 1450 1136 aetate
1491 1098 1556 1136 vi-

118 1149 326 1197 ventibus,
372 1165 453 1203 qua
497 1150 597 1189 liber
630 1151 695 1190 hic
724 1152 982 1200 exarabatur,
1026 1166 1071 1190 ex
1100 1166 1175 1190 usu
1196 1151 1430 1204 quotidiano
1458 1160 1554 1192 nota

120 1202 189 1241 illa
210 1212 324 1243 eraut
338 1207 627 1258 omnia,neque
644 1208 883 1258 expositione
905 1206 1071 1246 sollicita
1085 1207 1257 1245 ambitus
1277 1207 1559 1246 iurisdictionis

122 1259 313 1311 cuiusque
357 1261 606 1312 magistratus
631 1275 730 1313 opus
749 1261 978 1310 habebant3
1016 1261 1130 1300 nobis
1153 1268 1287 1299 autem
1307 1291 1318 1311 ‚
1350 1261 1556 1301 deficiente

122 1325 198 1350 usu
218 1321 257 1352 et
275 1317 482 1367 magistra,
509 1329 588 1353 non
619 1323 747 1367 potest
774 1316 850 1354 hoc
879 1317 1084 1368 negotium
1111 1315 1328 1354 obscurum
1349 1330 1430 1354 non
1460 1331 1559 1356 esse.

231 1368 286 1406 D.
308 1383 346 1421 9.
370 1368 484 1422 [7¹7²
505 1369 566 1422 9.]
597 1367 1037 1422 πρωτοκαγκελλάριοι.
1092 1370 1294 1408 Videntur
1321 1371 1442 1409 fuisse
1470 1373 1556 1424 pri-

125 1421 277 1460 micerii
307 1413 631 1462 cancellariorum
658 1438 727 1462 sen
758 1426 971 1463 ianitorum
998 1425 1186 1476 praefecti
1226 1425 1343 1471 urbi,
1390 1427 1459 1478 qui
1483 1426 1558 1464 ad·

125 1478 327 1515 mitterent
370 1484 410 1516 et
450 1479 674 1517 emitterent
718 1479 873 1518 foribus
913 1481 1058 1531 apertis
1095 1493 1189 1527 eos,
1234 1479 1379 1531 quibus
1422 1494 1557 1518 coram

123 1531 325 1582 praefecto
361 1533 545 1571 standum
585 1540 699 1572 esset.
758 1534 948 1572 Centurio
988 1534 1146 1571 videtur
1190 1533 1308 1572 fuisse
1335 1535 1557 1586 praefectus

124 1591 306 1637 tagmatis
344 1587 551 1636 militaris,
590 1588 698 1641 qnod
755 1588 954 1627 custodiae
998 1589 1175 1640 corporis
1209 1602 1326 1627 causa
1364 1589 1467 1626 circa
1514 1603 1558 1628 se

123 1640 345 1692 praefectus
380 1641 550 1680 habebat
567 1672 579 1691 ,
622 1657 700 1694 qua
738 1643 788 1681 de
812 1658 856 1681 re
882 1642 1015 1682 nullus
1042 1643 1199 1682 dubito.
1255 1643 1427 1682 Exarchi
1455 1644 1556 1682 forte

125 1702 264 1743 erant,
307 1697 376 1747 qni
417 1699 576 1735 nomine
619 1705 658 1735 et
697 1711 741 1735 ex
779 1712 947 1750 persona
996 1698 1182 1750 praefecti
1222 1698 1332 1736 urbis
1370 1698 1558 1737 mandata

126 1751 211 1787 eius
237 1749 523 1789 denuntiabant
551 1753 623 1800 iis,
653 1752 703 1790 ad
729 1767 829 1805 quos
855 1753 1121 1805 pertinebant,
1155 1759 1194 1792 et
1224 1753 1552 1805 exsequebantur.

124 1802 296 1842 Reddidi
325 1807 493 1853 vz'caric'5
534 1802 631 1851 τούς
656 1807 869 1858 βικαρίους
896 1807 970 1846 τοῦ
1009 1803 1194 1857 ἐπάρχου
1229 1815 1334 1846 certe
1349 1807 1553 1860 xhabemus

126 1857 230 1896 infra
255 1858 392 1910 p.446.
410 1861 462 1898 D.
479 1860 549 1898 ult.
566 1890 577 1910 ,
619 1861 686 1899 ubi
732 1863 851 1900 etiam
893 1862 1161 1914 gitoniarchae
1189 1877 1258 1900 seu
1284 1863 1460 1913 magistri
1489 1863 1553 1902 vi-

55 1921 58 1923 ’
123 1925 261 1950 corum
291 1914 387 1951 ΧΠ.
417 1923 679 1954 numerantur
706 1924 744 1955 et
772 1917 852 1954 duo
893 1915 1235 1968 protocancellarii
1272 1924 1311 1955 et
1340 1917 1414 1955 lv.
1456 1931 1554 1969 epo-

124 1973 231 2018 ptae.
289 1967 443 2007 Nomici
472 1977 582 2008 erant
613 1971 794 2020 iuridici,
834 1972 902 2023 qui
941 1971 1138 2023 praefecto
1181 1973 1242 2010 ius
1284 1972 1428 2010 dicenti
1457 1973 1569 2022 assi·-

123 2021 279 2060 stebant
305 2030 343 2061 et
370 2025 466 2061 iuris
493 2027 664 2063 rationes
691 2027 964 2078 suggerebant.
1021 2025 1199 2064 Bullotae
1237 2025 1300 2065 vel
1338 2026 1555 2066 bullatores

123 2075 310 2114 videntur
338 2078 456 2116 iidem
477 2093 565 2117 cum
587 2081 749 2118 notariis
779 2080 947 2132 publicis
968 2081 1155 2119 caesareis
1183 2081 1327 2129 fuisse,
1357 2082 1425 2134 qui
1456 2096 1553 2120 con-

123 2135 273 2169 tractus
303 2138 342 2169 et
368 2140 600 2172 testamenta
630 2135 803 2173 facerent
829 2143 866 2173 et
907 2134 1016 2172 bulla
1043 2134 1238 2187 imperiali
1267 2135 1548 2188 obsignarent,

125 2185 194 2237 qui
223 2185 418 2225 mandatis
455 2189 639 2239 praefecti
684 2190 775 2228 urbi
812 2188 972 2242 publice
1013 2191 1279 2241 proponendis
1315 2190 1445 2228 bullas
1474 2193 1550 2229 im-

124 2241 370 2291 primm-ent,
409 2244 478 2293 qui
513 2243 677 2282 aedibus
714 2252 752 2282 et
783 2244 897 2282 bouis
934 2244 1027 2282 fisco
1061 2244 1226 2283 addictis
1261 2244 1390 2284 bullas
1417 2244 1550 2298 affige-

124 2301 231 2331 rent.
286 2295 492 2334 Prostatae
529 2312 650 2350 penes
687 2313 751 2337 me
786 2299 945 2351 quidem
981 2306 1072 2336 sunt
1122 2299 1332 2347 causidici,
1392 2302 1551 2352 patroni

123 2361 355 2396 causarum,
386 2357 539 2390 tuentes
568 2366 634 2390 eos
651 2383 662 2398 ‚
694 2356 763 2405 qui
792 2368 881 2392 suas
910 2352 982 2403 ipsi
1011 2367 1146 2391 causas
1174 2353 1304 2392 dicere
1331 2363 1548 2407 nequeunt.

118 2396 164 2441 Ὁ
190 2404 560 2457 παραθαλασσίτης
588 2414 673 2445 erat
703 2409 871 2446 curiosus
898 2408 1038 2445 littoris
1067 2409 1107 2445 in
1128 2408 1295 2447 Novella
1334 2409 1550 2448 Theodosii

122 2462 164 2495 et
190 2456 350 2495 Valent.
382 2459 432 2496 de
458 2461 598 2498 tribut.
628 2461 750 2500 fiscal.
780 2468 1047 2510 memoratus,
1082 2464 1151 2515 qui
1181 2462 1374 2502 lustrabat
1400 2477 1554 2503 merces

125 2511 302 2550 invectas
340 2514 511 2552 navibus
547 2522 587 2553 et
622 2516 866 2566 evehendas‚
904 2515 1071 2568 vectigal
1114 2518 1277 2570 cogebat
1297 2548 1307 2565 ,
1352 2532 1473 2557 naves
1497 2526 1550 2557 ‘et

124 2577 275 2604 merces
312 2567 540 2607 confiscatas
568 2570 773 2609 coe’rcebat
788 2601 798 2618 ‚
838 2583 985 2610 merces
1011 2571 1147 2610 inferri
1187 2573 1227 2611 in
1256 2573 1444 2612 horreum
1472 2587 1547 2626 pu-

124 2617 276 2658 blicum
306 2621 486 2661 curabat.

235 2674 288 2713 D.
312 2683 445 2728 antep.
471 2677 587 2731 [7¹7⁹
613 2677 691 2731 10.]
726 2676 914 2718 ἐπόπται.
971 2680 1056 2720 Hos
1084 2695 1178 2719 cum
1205 2684 1291 2728 τοῖς
1318 2678 1551 2731 ἑξισωταῖςξ

124 2732 485 2784 peraequatoribas,
506 2732 663 2772 eosdem
690 2733 783 2772 facit
809 2733 1044 2776 Pancirolus
1057 2735 1087 2775 1.
1108 2751 1144 2775 c.
1158 2767 1171 2790 ‚
1197 2743 1236 2776 et
1258 2750 1351 2776 sane
1369 2738 1411 2776 in
1430 2737 1550 2776 Glos-
