1884 3132
212 130 288 173 An
333 130 630 175 CONSTANT.
676 132 872 175 roam.
911 136 983 175 DE
1018 133 1198 176 cmm.
1234 138 1332 176 Lm.
1372 138 1425 177 11.
1468 115 1582 184 645

139 247 282 284 neum,
303 229 458 285 θρόνος
484 234 698 288 χρυσοῦς,
728 234 1005 288 τετράγωνος,
1046 233 1156 288 ἔχων
1183 233 1455 290 τραγελάφων
1481 250 1585 290 προ-

137 283 269 338 τομὰς
295 284 497 336 ἐκτύπους
516 318 529 339 ,
575 289 619 338 ἐξ
647 289 705 330 ὡν
732 285 906 343 ἤρτηντο
944 289 1082 343 κρίκοι
1106 297 1278 344 χρυσοῖ.
1364 291 1585 345 Aliquanto

137 350 229 396 post
250 343 363 382 addit
379 359 391 383 ε
421 340 538 392 παρὰ
566 340 640 396 τήν
668 342 727 390 εἰς
754 341 829 397 τὴν
854 342 1049 396 καμάραν
1065 342 1226 385 εἴσοδον
1254 343 1442 398 ὑπῆρχον
1468 346 1586 385 λεόν-

135 410 202 444 τες
224 402 393 449 χρυσοῖ,
423 395 665 452 δεδορκότες
690 395 796 450 πρὸς
819 396 917 446 τούς
942 400 1325 452 εἰσπορευομένους.
1384 402 1583 453 Tandem,

138 451 225 490 τῶν
263 450 301 490 δ’
338 446 523 504 ἀξόνων,
560 455 640 500 ait,
683 452 737 492 τὰ
784 453 1015 504 προέχοντα
1059 455 1205 506 χρυσᾶ
1246 453 1546 495 κατεσκεύαστο
1568 485 1582 507 ,

139 503 352 557 προτομὰς
368 503 518 558 ἔχοντα
532 506 724 558 λεόντων,
745 502 918 560 σιβύνην
931 502 1035 555 ὅδ’ἁξ
1062 506 1336 560 κατεχούσας.
1368 509 1584 550 Thi-onum

139 559 320 600 Iulianae
362 562 471 615 apud
510 562 769 602 Lambecium
813 569 853 601 et
889 563 958 600 Du
977 563 1181 616 *Cangium
1210 564 1301 604 diss
1330 564 1381 603 de
1407 566 1583 605 nummis

140 616 230 654 aevi
258 615 378 655 medii
423 617 476 655 Τ.
498 617 550 656 ΙΙ.
591 619 788 657 sustinent
827 617 986 670 aquilae
1011 617 1117 669 duo,
1174 619 1312 658 sellam
1341 620 1514 659 consulis
1540 622 1582 659 in

139 668 334 724 diptycho
361 670 461 711 ibid.
495 672 548 711 T.
573 673 607 711 1.
635 674 758 712 rictus
789 671 965 712 leonum.

223 736 322 790 329.
344 737 399 776 A.
421 751 462 776 2.
492 736 603 792 [569‚
634 736 720 792 11.]
765 731 1014 790 ἀποκινῆσαι
1042 734 1236 785 ἐξελθεῖν.
1291 738 1430 779 Viden-i
1458 742 1583 793 possit

137 793 337 843 posterius
373 791 554 831 scholion
591 807 676 832 esse
705 793 851 845 prioris
878 793 1008 831 verbi.
1064 792 1142 830 Sed
1171 807 1253 832 non
1282 808 1383 846 opus
1410 809 1456 834 ea
1486 809 1581 849 sup-

138 845 351 897 positione.
409 846 628 886 Comrnode
659 848 765 886 enirn
793 845 1105 900 subintelligitur
1143 842 1247 887 ὥστε
1263 864 1275 887 :
1309 848 1354 887 ἐν
1392 850 1449 904 τῷ
1474 848 1581 891 ἀπο-

137 899 303 951 κινῆσαι
349 897 506 949 αὐτόν,
535 902 629 941 dum
653 902 836 957 procedit
853 917 875 941 e
903 902 988 941 loco
1023 915 1117 950 suo,
1147 898 1255 942 ὥστε
1293 902 1501 955 ἐξελθεῖν,
1530 918 1580 945 ea

138 963 263 994 mente
276 984 288 1003 ‚
323 964 367 994 ut
390 957 548 1010 palatio
574 966 707 996 exeat.

246 1019 303 1059 A.
331 1033 395 1059 ¹2.
429 1020 542 1076 [569‚
566 1019 645 1076 ¹9·]
690 1015 783 1061 ὅσοι
812 1014 865 1061 ἂν
894 1020 1053 1061 θέλωσι
1078 1021 1212 1091 φίλοι.
1268 1023 1354 1062 Aut
1384 1024 1527 1064 excidit
1556 1040 1579 1065 e

136 1073 393 1126 membranis,
421 1083 491 1114 aut
516 1078 636 1116 tacite
662 1076 929 1146 supplendum
955 1083 1015 1116 est
1054 1089 1161 1117 ειναι
1177 1092 1189 1116 ε
1246 1072 1339 1116 ὅσοι
1364 1073 1418 1116 liv
1443 1079 1577 1118 θέλω-

135 1141 205 1167 σιν
245 1128 303 1194 [id
349 1137 409 1169 est
433 1128 659 1185 μέλλωσιν]
688 1145 797 1172 ειναι
825 1131 954 1185 φιλοι.
1012 1132 1075 1171 Βο
1101 1146 1177 1170 usu
1205 1132 1318 1171 verbi
1345 1132 1577 1182 βούλεσθαι

140 1189 181 1221 et
207 1183 347 1223 θελειν
373 1199 446 1239 pro
487 1186 656 1236 μέλλειν
693 1187 775 1226 dixi
802 1187 854 1226 ad
896 1201 940 1240 p.
977 1186 1066 1240 173.
1099 1187 1148 1227 C.
1166 1186 1208 1227 6.
1235 1195 1275 1226 et
1305 1187 1356 1226 dc
1383 1202 1425 1227 v.
1459 1186 1577 1242 φίλοι

137 1251 213 1290 pro
239 1240 405 1294 hospites
428 1254 468 1294 p.
490 1239 558 1280 82.
574 1241 627 1283 A.
649 1255 706 1284 ιο.

247 1303 295 1342 C.
324 1303 363 1355 4.
394 1304 507 1359 [57o,
535 1306 617 1358 12.]
656 1302 728 1345 ἐπὶ
764 1305 1085 1346 Κωνσταντίνου
1114 1313 1191 1346 etc.
1254 1308 1393 1357 Quum
1419 1307 1577 1347 dicatur

136 1356 283 1396 horum
308 1372 353 1397 ex
382 1360 472 1398 aula
501 1360 723 1412 Bagdadica
749 1360 970 1413 legatorum
997 1363 1172 1413 receptio
1200 1362 1412 1414 contigisse
1442 1377 1577 1402 mense

135 1412 245 1450 Maio
287 1413 518 1453 Indictionis
558 1415 631 1454 IV.
650 1444 663 1465 ‚
711 1415 967 1468 regnantibus
1003 1415 1121 1454 simul
1158 1415 1420 1454 Constantino
1462 1425 1576 1469 patre

137 1473 178 1505 et
214 1467 397 1507 Romano
434 1468 539 1515 filio,
580 1469 999 1522 Porphyrogennetis,
1028 1468 1224 1519 efficitur,
1266 1471 1308 1507 id
1366 1473 1576 1525 contigisse

137 1521 194 1560 A.
222 1521 269 1563 C.
296 1521 392 1575 946.
409 1552 421 1569 ,
466 1524 645 1576 adeoque
671 1527 750 1562 iam
788 1531 877 1562 tum
906 1530 1142 1563 coronatum
1171 1524 1289 1562 fuisse
1317 1525 1543 1564 Romanum
1562 1555 1575 1576 ‚

135 1589 258 1629 quem
285 1577 353 1615 Du
382 1577 518 1630 Gange
545 1578 707 1617 demum
746 1592 853 1617 anno
880 1578 977 1632 948.
1009 1578 1200 1631 collegam
1228 1579 1382 1632 imperii
1412 1594 1435 1618 a
1462 1588 1578 1633 patre

137 1631 259 1670 fuisse
278 1634 551 1671 renuntiatum
568 1633 751 1686 perhibet
778 1634 820 1672 in
835 1632 1015 1672 Familiis
1033 1633 1276 1686 ByzantiniS.
1298 1633 1476 1683 Chalifa,
1507 1635 1578 1689 qui

136 1702 236 1736 ωηο
259 1699 450 1751 temporis
477 1699 585 1751 apud
601 1699 831 1753 Bagdadum
843 1698 1021 1750 sedebat,
1050 1706 1135 1738 erat
1161 1687 1323 1756 &tho-ll,
1338 1699 1574 1740 Almotlzius.

135 1761 215 1801 sed
239 1761 384 1816 legatio
422 1764 497 1803 sub
526 1763 580 1803 Al
602 1765 810 1803 Mostacfio
836 1755 1035 1820 &4⁸
1073 1765 1260 1816 Bagdado
1329 1774 1574 1818 excesserat;

137 1817 172 1855 si
197 1817 319 1855 modo
358 1832 536 1872 unquam
562 1819 751 1872 Bagdado
784 1826 824 1858 et
851 1833 933 1858 non
960 1820 1093 1872 potius
1118 1820 1247 1859 Tarso
1275 1827 1381 1862 recta
1401 1834 1577 1860 excesse-

136 1871 205 1909 rit.
262 1871 331 1910 Ad
377 1887 496 1926 quem
532 1882 666 1912 autem
708 1873 912 1927 spectabat
952 1881 1049 1912 tunc
1086 1874 1275 1926 temporis
1312 1875 1462 1914 Tarsus
1504 1890 1575 1915 seu

140 1924 312 1965 Cilicia?
378 1927 714 1982 Quandoquidem
754 1929 965 1968 Tarsenses
1004 1928 1047 1967 hi
1089 1928 1208 1981 legati
1240 1943 1323 1967 non
1367 1943 1391 1968 a
1420 1931 1575 1969 minore

139 1979 315 2032 quodam
353 1980 523 2030 Amiro‚
566 1983 636 2022 sed
682 1986 844 2022 nomine
871 1982 1019 2022 Amiril
1046 1984 1277 2022 Mumenine
1305 1983 1367 2021 vel
1396 1983 1575 2024 Chalifae

137 2035 245 2073 missi
277 2034 487 2088 leguntur,
517 2052 675 2077 necesse
702 2046 761 2077 est
788 2038 961 2077 Tarsum
987 2044 1083 2076 tunc
1120 2039 1309 2091 temporis
1333 2037 1384 2076 ad
1412 2038 1573 2078 Buiidas

139 2096 179 2128 et
205 2089 367 2142 quidem
392 2091 443 2130 ad
480 2092 854 2143 Moezzoddaulam,
887 2091 1107 2131 Chalifatus
1141 2092 1352 2145 Bagdadici
1381 2107 1578 2145 procura-v

136 2150 266 2182 torem
294 2144 358 2183 vel
375 2145 736 2186 Amiralomaraum
751 2177 761 2194 ,
795 2148 1045 2200 pertinuisse.
1097 2146 1262 2201 Absque
1289 2145 1367 2185 hoc
1395 2146 1483 2187 loco
1510 2162 1574 2187 es—

138 2205 223 2248 set,
251 2199 506 2239 credidissem
548 2201 645 2240 alias
662 2203 833 2240 Tarsum
858 2209 955 2240 tunc
973 2203 1161 2254 temporis
1205 2202 1280 2241 sub
1310 2202 1460 2241 ditione
1502 2210 1573 2242 aut

138 2252 483 2293 Hamdanidarum
510 2263 580 2294 aut
606 2255 848 2305 Achschidi,
878 2256 1004 2309 reguli
1036 2256 1240 2309 Aegypti,
1269 2255 1405 2295 fuisse.

249 2318 295 2361 C.
320 2332 382 2358 10.
428 2319 538 2374 [570.
565 2319 650 2374 14]
692 2318 791 2373 περὶ
832 2319 1044 2371 ἅλλαγιόυ.
1110 2321 1401 2374 Negotiandae‚
1442 2321 1483 2360 id
1510 2329 1571 2362 est

137 2371 408 2412 conciliandae
434 2381 475 2413 et
492 2373 718 2414 efficiendae
745 2389 862 2414 causa
876 2376 1178 2428 permutationis
1205 2376 1451 2429 captivorum
1467 2379 1569 2416 utri-

136 2442 264 2481 usque
299 2429 436 2481 partis.
508 2429 570 2468 De
597 2429 673 2467 hoc
709 2437 824 2481 pacto
871 2429 1226 2481 permutandorum
1254 2432 1500 2483 captivorum
1529 2438 1570 2470 et

139 2482 326 2522 colendae
368 2484 476 2536 pacis
517 2483 657 2536 procul
698 2484 821 2522 dubio
848 2491 983 2522 narrat
1011 2484 1275 2522 continuator
1312 2483 1570 2538 Theophanis

139 2536 487 2576 Constantinianus
526 2552 566 2590 p.
599 2537 691 2591 275.
714 2538 785 2585 D.‚
816 2538 977 2586 dicens,
1009 2538 1340 2589 Constantinum,
1378 2539 1568 2580 exstincto

140 2589 321 2630 Romano
358 2593 564 2646 Lecapeno
604 2599 644 2631 et
679 2594 818 2631 amotis
862 2593 1165 2645 usurpatoribus
1180 2622 1193 2643 ‚
1243 2593 1373 2632 solum
1400 2595 1567 2648 imperio

142 2644 376 2695 gaudentem
418 2649 607 2700 cogitasse
643 2646 693 2686 de
743 2646 983 2686 redimendis
1023 2646 1256 2686 Christianis
1293 2662 1340 2687 ex
1366 2652 1566 2688 aerumnis

140 2698 392 2741 vinculorum
418 2702 526 2756 apud
552 2702 782 2742 Saracenos.
835 2701 1054 2755 Propterea
1079 2702 1271 2742 Ioannem
1299 2703 1498 2744 Curc'uam
1526 2711 1582 2751 et,
