1884 3132
222 142 296 185 An
333 142 628 186 CONSTANT.
669 143 864 185 Pomm.
902 144 974 184 DE
1012 142 1193 185 cmuM.
1229 142 1326 183 Lm.
1379 143 1413 183 1.
1458 121 1567 198 377

148 258 246 296 um,
276 245 563 288 habitaculum.
651 246 806 296 Quodsi
844 259 939 285 vero
982 244 1168 298 exemplis
1208 245 1431 293 evincatur,
1462 243 1571 298 quod

149 301 279 340 evinci
306 315 419 354 posse
456 303 520 341 vix
548 301 751 349 dubitem,
792 302 894 341 vivis
922 314 1080 354 quoque
1108 300 1417 353 Imperatoribus
1441 299 1573 338 tribu-

149 361 238 395 tum
266 356 373 395 hunc
409 357 571 396 titulum
608 357 750 402 fuisse,
790 356 1020 394 arcessenda
1054 356 1128 394 erit
1167 357 1250 394 eius
1287 356 1389 394 ratio
1426 369 1471 394 ex
1505 353 1575 392 illo

150 423 263 452 more
294 411 430 450 divina
458 413 592 450 omnia
619 410 872 464 appellandi,
901 424 1003 463 quae
1029 410 1079 448 ad
1107 411 1368 462 Imperatores
1401 410 1575 463 pertine-

151 471 257 504 rent.
310 466 400 505 Erit
427 467 556 520 itaque
583 465 674 513 ille,
705 467 817 504 cuius
844 466 1018 504 conditio
1046 465 1182 503 divina
1209 473 1292 515 est,
1321 467 1434 504 cuius
1462 478 1575 502 man-

151 519 244 558 data
261 549 275 570 ‚
302 521 448 574 scripta
467 551 480 571 ‚
508 522 686 560 instituta
702 551 712 567 ‚
743 534 805 559 res
832 534 969 558 omnes
1027 519 1163 558 divina
1208 520 1411 559 dicuntur.
1467 519 1575 558 Con-

150 573 284 614 firmat
308 575 411 615 banc
454 576 818 629 interpretationem
857 575 979 614 dictio
1021 569 1042 611 ὃ
1071 574 1145 624 τῆς
1172 573 1370 624 εὐσεβοῦς
1397 570 1573 626 λήξεως,

146 629 243 683 piae
284 633 398 670 sortis
426 630 491 670 vel
534 631 791 677 conditionis,
822 644 901 683 qua
929 631 1056 668 utitur
1082 630 1315 668 Eustatliius
1343 629 1451 682 apud
1479 628 1577 668 Ale-

150 697 289 724 mann.
314 685 355 724 iu
383 687 488 724 notis
504 686 554 724 ad
575 687 811 738 Procopium
832 700 871 737 p.
890 684 972 738 87„
1002 687 1080 734 vir,
1108 687 1149 724 in
1168 687 1280 723 cuius
1305 684 1431 722 titulis
1458 685 1578 722 etiam

152 743 211 791 pii
230 739 367 780 titulus
384 748 510 790 esset3
539 742 632 780 item
648 738 669 780 ὃ
685 742 757 795 τῆς
777 737 993 792 ἆοιὸἡμου,
1023 741 1087 778 vir
1111 741 1151 779 in
1179 740 1290 780 cuius
1308 740 1434 778 titulis
1459 739 1579 778 etiam

152 791 221 834 ille
246 795 323 834 ποῦ’
346 792 552 846 αόιδήμου
581 805 703 845 esset,
734 797 840 849 apud
879 796 1058 834 Nicctam
1087 795 1270 835 Choniat.
1295 810 1335 847 p.
1365 795 1428 834 28.
1457 794 1508 836 D.
1537 793 1579 845 4.

167 893 170 896 ‚
264 849 310 892 C.
345 864 404 890 ιο.
425 850 538 904 [39o‚
566 851 651 906 14.]
680 846 963 902 πουνκτάριοι.
1027 850 1214 890 Scholion
1243 848 1458 902 marginale
1486 849 1578 887 red-

153 902 214 943 dit
239 906 524 956 πυγματισταί
537 936 549 957 ,
587 914 783 960 tanquam
828 908 859 944 si
881 907 1082 958 panetarii
1106 913 1144 944 et
1166 907 1357 960 pugnarii
1403 911 1441 944 et
1473 918 1579 959 pun-

151 966 255 997 ctum
299 967 417 1014 atque
439 975 591 1014 pugnas
618 963 724 1010 idem
761 961 1041 1015 significarent.
1069 962 1151 1013 Qui
1175 969 1309 1000 autem
1354 960 1580 1014 punctuarii

154 1011 336 1065 fuerint,
363 1030 388 1054 a
416 1016 518 1054 lCtis
544 1025 715 1069 petatur.

261 1069 316 1108 D.
333 1071 373 1110 3.
405 1070 514 1125 [59⁰³
542 1071 627 1126 18.]
657 1067 738 1111 αἠὁ
769 1065 1082 1123 προσκυνήσεως
1104 1066 1232 1123 μόνης
1248 1063 1343 1123 ἦνῆ
1371 1083 1579 1119 amarem.

155 1121 262 1178 Νοιιι
288 1125 393 1164 enim
420 1125 564 1164 licebat
593 1129 716 1166 cuivis
741 1127 957 1179 principem
987 1126 1162 1166 adorare.
1204 1127 1303 1164 Hinc
1332 1125 1579 1178 intelligitur,

154 1192 278 1232 quare
298 1180 417 1233 paulo
438 1188 527 1233 post
546 1189 746 1234 protector
776 1189 815 1220 et
843 1181 1080 1225 domesticus
1101 1183 1246 1234 pariter
1269 1182 1493 1220 adoratores
1520 1195 1583 1232 ap-

233 1242 370 1286 antur,
400 1237 494 1288 quia
530 1251 674 1291 nempe
698 1237 816 1276 ambo
842 1251 993 1275 sacram
1007 1251 1226 1291 purpuram
1253 1237 1424 1275 adorare
1446 1249 1584 1290 per-ve-

155 1298 316 1339 net-ant,
349 1297 395 1329 ut
421 1291 542 1330 codex
562 1293 862 1332 Theodosianus
892 1291 1086 1344 loquitur,
1114 1291 1155 1330 id
1183 1299 1240 1330 est
1272 1306 1319 1330 co
1343 1291 1472 1329 bonae
1500 1289 1583 1328 for-

156 1350 278 1382 tunae
304 1354 564 1398 pervenerant
580 1377 591 1396 ‚
635 1356 681 1386 ut
709 1347 892 1386 facultate
918 1349 1103 1399 principis
1130 1347 1322 1385 adorandi
1351 1346 1586 1399 gauderent.

157 1397 274 1436 Conf.
293 1400 461 1439 Guther.
486 1415 527 1453 p.
545 1401 642 1452 445
671 1403 805 1442 Valcs.
833 1401 884 1440 ad
905 1403 1040 1440 Amm.
1063 1403 1189 1440 Marc.
1219 1416 1260 1454 p.
1278 1401 1372 1450 346.
1402 1402 1423 1423 *
1439 1400 1585 1454 [Theo-

157 1453 287 1492 doeius
312 1455 500 1494 adorator
537 1459 689 1495 mamerz·
719 1459 760 1495 Τ
755 1457 981 1503 loeodosiae,
1033 1456 1221 1508 Georgius
1265 1456 1405 1509 Optins
1436 1457 1592 1493 numeri

158 1508 323 1548 militum
336 1539 349 1561 ‚
378 1510 626 1563 Epiphanius
654 1513 815 1564 agt‘g‘f'ex
829 1542 839 1559 ‚
884 1511 1106 1549 Theodorus
1133 1510 1348 1560 ΑεοζγιΙιιιε
1371 1509 1415 1547 S.
1437 1510 1484 1547 R.
1507 1509 1591 1547 Ec-

158 1563 314 1603 etesiae.
370 1564 419 1602 In
446 1564 507 1603 his
533 1565 1094 1618 subscriptionibusnumerus
1122 1579 1195 1618 pro
1224 1565 1382 1617 regione
1407 1565 1591 1616 ponitur,

161 1625 283 1671 atque
311 1618 411 1658 adeo
438 1619 628 1659 adorator
651 1621 734 1660 fere
762 1621 866 1659 idem
887 1622 962 1658 erit
988 1627 1105 1672 atque
1119 1620 1303 1659 tribunus
1331 1619 1414 1657 sive
1439 1632 1589 1658 comes.

163 1673 279 1724 Quae
306 1677 533 1713 coniectura
561 1683 619 1714 est
647 1676 845 1714 Ciambini
878 1682 917 1713 et
943 1674 1139 1713 Fabretti.
1195 1673 1402 1712 Mabillon.
1431 1673 1588 1712 Comm.

161 1729 205 1770 in
235 1728 340 1767 Ord.
370 1729 539 1769 Roman.
570 1745 612 1783 p.
643 1730 764 1784 29.]*
820 1731 958 1769 Potest
991 1730 1154 1768 omnino
1181 1729 1368 1767 adorator
1393 1735 1432 1766 et
1461 1728 1592 1766 tribu-

160 1797 238 1823 nus
266 1783 373 1822 idem
400 1798 483 1823 esse
499 1815 510 1832 ‚
542 1786 635 1838 quia
662 1785 848 1824 tribunus
868 1784 1030 1824 ultimus
1059 1792 1143 1823 erat
1174 1798 1311 1823 eorum
1328 1812 1338 1831 ‚
1368 1783 1513 1834 quibus
1540 1783 1591 1822 li-

161 1837 277 1876 cebat
303 1840 520 1892 principem
558 1840 741 1879 adorare.
806 1841 860 1879 Et
898 1839 997 1878 sorte
1034 1846 1275 1892 protectores
1300 1851 1437 1886 omnes
1464 1837 1591 1890 gradu

160 1891 332 1934 tribunis
361 1895 678 1946 aequivalcbant.
737 1895 870 1934 Codex
898 1895 1098 1934 Theodos.
1126 1895 1175 1932 L.
1205 1894 1238 1931 Ι.
1268 1892 1430 1931 comites
1457 1899 1496 1931 et
1516 1893 1591 1931 tri-

161 1946 293 1986 bunos
321 1948 547 1988 scholarum
574 1950 671 1989 tales
699 1950 891 2003 appellat,
931 1951 1001 2004 qai
1036 1959 1074 1988 et
1096 1949 1244 1987 divinis
1264 1948 1387 2002 epulis
1404 1947 1592 1986 adhihen-

160 2010 247 2049 ων,
277 2011 315 2040 et
333 2003 532 2043 adorandi
550 2006 743 2059 principis
757 2007 993 2056 faczdtatem
1027 2005 1180 2042 habent.

169 2100 175 2104 ⁴
247 2069 340 2110 ²²7·
373 2058 428 2096 D.
462 2058 505 2109 4.
537 2059 660 2112 [δρψ
700 2060 785 2114 ι9.]
831 2056 1136 2111 προβατωρίαν.
1203 2056 1462 2095 Probatoriae
1500 2063 1594 2095 sunt

162 2109 317 2149 litterae
359 2112 424 2151 vel
462 2105 702 2166 diplomata,
742 2115 887 2168 quibus
916 2114 1008 2159 illc,
1055 2114 1123 2165 qui
1152 2112 1202 2150 ad
1230 2111 1391 2162 aliquod
1420 2110 1595 2150 officium

163 2165 395 2205 adsciscitur
414 2197 425 2213 ‚
470 2168 635 2207 idoneus
669 2176 708 2208 et
742 2170 934 2222 probatus
961 2169 1227 2206 renuntiatur.
1294 2165 1390 2204 Vid.
1422 2165 1591 2204 Guther.

166 2233 211 2273 p.
241 2222 338 2261 521.
395 2221 495 2260 Nam
527 2223 725 2262 debebant
752 2227 860 2276 prius
890 2223 1051 2275 probari
1095 2237 1164 2261 seu
1204 2222 1373 2268 tentari,
1405 2234 1503 2259 num
1531 2234 1596 2260 se-

165 2287 209 2313 se
243 2275 502 2328 approbaturi
547 2278 809 2329 probantibus
849 2284 991 2317 essent.
1049 2277 1103 2315 V.
1145 2276 1196 2314 ad
1223 2276 1310 2313 Scr.
1353 2275 1458 2313 Hist.
1489 2274 1596 2328 Aug.

167 2328 221 2367 T.
250 2330 284 2368 l.
315 2345 356 2383 p.
381 2345 476 2384 997.
531 2332 591 2371 Ita
637 2333 807 2372 debebat
846 2340 1041 2384 strategus
1068 2345 1184 2380 eum,
1214 2330 1281 2381 qui
1310 2328 1594 2368 scholariatum

166 2383 352 2435 ambiret,
382 2380 627 2436 δοκιμάζειν,
660 2386 700 2425 εἰ
725 2383 915 2438 ἀνδρεῖός
941 2386 1074 2436 ἐστιν,
1111 2393 1157 2424 ut
1186 2386 1240 2423 ait
1268 2386 1349 2423 Leo
1376 2384 1596 2423 Grammat.

157 2449 207 2491 p.
237 2437 333 2490 454.
365 2441 413 2479 C.
445 2441 485 2479 3.
552 2441 673 2491 Quod
719 2441 944 2480 scholiastoe
973 2441 1041 2480 dat
1069 2437 1226 2483 ἔδιτον,
1257 2446 1315 2477 est
1341 2438 1447 2477 idem
1473 2447 1594 2492 atque

164 2492 318 2533 editum
344 2496 567 2548 specimen,
598 2495 746 2534 scilicet
773 2496 979 2548 probitatis
1008 2502 1047 2534 et
1061 2493 1316 2534 fortitudinis.
1373 2493 1593 2533 Testaban-
1605 2502 1669 2537 Ed.
1693 2502 1733 2536 1..
1759 2513 1823 2552 ¹¹9

165 2553 234 2587 tur
261 2561 403 2602 nempe
438 2551 690 2602 probatoriae
727 2565 796 2590 seu
829 2550 1054 2589 testimonia
1096 2548 1191 2598 illa,
1215 2548 1363 2587 editum
1389 2562 1414 2588 a
1437 2556 1596 2603 petente

170 2599 291 2640 fuisse
316 2605 513 2656 specimen
531 2637 544 2655 ,
573 2619 596 2644 e
622 2619 703 2658 quo
734 2606 891 2655 agnitus
918 2604 1037 2643 fuerit
1062 2603 1242 2642 idoneus.

251 2669 343 2710 227.
363 2659 417 2697 D.
433 2674 474 2713 9.
508 2660 625 2716 [591²
644 2658 703 2712 5.]
732 2655 963 2711 α’δοράτωρ.
1021 2658 1142 2709 Quod
1171 2657 1351 2697 scholion
1378 2658 1594 2711 marginale

172 2721 311 2750 vocem
339 2712 527 2754 adorator
560 2729 631 2769 per
673 2712 946 2766 προσευκτέος
971 2720 1010 2753 et
1036 2710 1334 2767 προσκυνητέος
1360 2712 1491 2754 reddit
1512 2743 1525 2766 ,
1552 2713 1596 2753 id
