1884 3132
334 113 443 187 734
611 131 684 173 10.
729 131 836 174 mc,
876 134 1071 176 Rmsxn
1117 128 1499 180 COMMENTARn

329 234 496 286 origine.
543 239 634 300 352⁸>
665 234 837 273 char-aza
864 236 971 274 enim
994 236 1162 276 verbum
1180 245 1294 278 notat
1314 241 1466 280 cerium
1484 241 1540 280 ita
1560 255 1766 295 consuere,

327 306 377 337 ut
407 306 554 351 puncta
582 301 699 339 certis
729 300 950 340 intervallis
977 301 1151 353 distent,
1185 310 1223 342 et
1251 304 1421 344 candida
1440 305 1507 345 fila
1523 309 1771 361 conspician-

328 361 423 405 tur,
465 355 804 408 quemadmodum
832 358 901 409 qui
931 356 1015 396 lora
1045 360 1223 397 coriacea
1251 374 1446 413 equorum
1475 369 1673 402 consuu'nt
1701 378 1771 403 su-

327 417 435 449 tores
463 410 657 452 helciarii.
712 412 804 450 Erit
832 413 967 466 itaque
999 420 1078 481 355>
1114 414 1294 454 Chamon
1320 415 1451 454 lorum
1478 424 1562 456 arte
1588 425 1771 458 sutorum

327 475 566 515 lorariorum
598 477 767 527 (Riemer
801 492 874 517 nos
902 477 1087 531 dicimus)
1118 488 1354 529 consutum,
1390 482 1574 536 qualibus
1601 491 1771 524 utuntur

327 534 481 585 equites
517 531 689 582 milites,
734 534 896 586 quando
937 535 1256 575 commilitonum
1298 538 1473 591 aliquem
1510 541 1704 593 castigant
1731 545 1771 579 et

326 587 502 626 caedunt
530 588 699 627 nudum.
754 589 891 628 Simile
933 591 1157 644 exemplum
1189 593 1299 632 vocis
1331 593 1529 633 Arabicae
1557 608 1581 633 a
1610 595 1772 634 Graecis

327 669 399 708 per
427 651 526 694 άνον
554 658 816 706 terminatae,
847 670 949 710 quae
982 649 1034 713 Ol
1065 657 1172 710 apud
1191 657 1344 699 Arabes
1376 660 1415 698 in
1434 660 1512 699 fine
1529 674 1610 699 non
1631 660 1768 711 habet,

328 711 578 749 occasionem
617 710 675 750 illi
710 713 767 750 rei
808 711 929 751 dante
958 715 1205 752 nunnatione
1242 714 1373 768 (quod
1413 714 1633 768 intelligent
1669 731 1769 769 pau-

327 765 411 804 lum
442 766 614 806 Arabice
643 767 772 816 docti)
801 766 994 807 habemus
1023 770 1065 808 in
1093 783 1191 807 voce
1218 767 1454 824 γαιτάνιον,
1496 771 1546 809 de
1573 785 1653 824 qua
1682 771 1766 811 vid.

326 821 395 859 Du
426 822 559 876 Cange
588 822 657 861 Gl.
686 824 778 861 Lat.
825 837 866 861 v.
895 823 1132 871 Gaffimum,
1180 825 1287 877 quod
1323 826 1607 879 interpretatur
1642 840 1766 874 zona,

325 878 540 930 cingulum.
614 878 692 916 Sed
722 885 781 916 est
808 880 940 931 potius
972 878 1078 934 124⁶>
1111 879 1263 928 cheitlc,
1311 888 1351 920 et
1389 896 1480 920 cum
1519 882 1767 921 nunnatione

327 945 522 990 chaidmn,
531 944 659 998 filum
679 974 691 992 ‚
721 958 801 997 quo
826 952 944 984 netur
971 946 1037 985 vel
1052 947 1263 995 traiicitur3
1292 947 1400 986 unde
1417 947 1602 1000 deinceps
1618 948 1769 987 forma-

327 1006 422 1037 runt
457 1000 659 1051 gaitanum
687 1007 726 1038 et
751 1001 986 1051 gaitam'zmz.
1038 1002 1100 1040 Ex
1129 1016 1210 1055 quo
1237 1009 1417 1055 apparet,
1447 1017 1586 1042 vocem
1614 1003 1696 1042 lino
1725 1004 1766 1042 in

328 1053 417 1093 loco
450 1053 629 1092 Marcelli
667 1055 862 1107 Empirici
902 1056 960 1094 ibi
1001 1057 1122 1096 citato
1153 1071 1176 1096 e
1213 1056 1366 1096 scholio
1404 1066 1540 1097 natam
1588 1058 1768 1113 adeoque

325 1108 537 1149 delendam
569 1123 666 1148 esse.

435 1164 490 1202 D.
528 1179 559 1202 1.
589 1163 708 1218 [624‚
736 1164 816 1219 12.]
845 1163 902 1212 ὥς
941 1162 1117 1219 τρισσὴν
1151 1159 1259 1206 εἶναι
1297 1162 1374 1219 τὴν
1400 1160 1558 1219 ταύτης
1588 1162 1768 1220 προσκύ-

329 1232 460 1271 νησιν.
516 1220 681 1272 Saepius
714 1220 790 1258 iam
820 1221 1028 1260 admonuit
1058 1222 1188 1260 Codex
1217 1229 1351 1261 noster
1380 1222 1430 1260 de
1457 1221 1542 1274 lege
1578 1229 1618 1261 et
1656 1236 1768 1262 more

328 1274 442 1314 aulae
471 1275 682 1324 CPtanae‚
732 1290 814 1328 quo
852 1277 1053 1315 debebant
1103 1279 1173 1329 qui
1229 1278 1515 1330 Imperatorem
1558 1276 1767 1316 adoratum

326 1332 525 1380 venirent,
556 1345 628 1383 per
655 1338 763 1369 certa
792 1332 975 1370 rotundis
1008 1333 1241 1371 marmoreis
1274 1333 1475 1385 lapidibus
1513 1333 1666 1384 signata
1703 1334 1768 1372 in—

327 1384 494 1424 tervalla
513 1416 524 1433 .‚
571 1386 609 1424 in
649 1387 881 1425 universum
919 1395 1004 1437 ter,
1047 1387 1163 1425 humi
1190 1388 1410 1440 procidere.
1466 1386 1577 1425 Idem
1607 1401 1768 1440 quoque

327 1455 413 1480 mos
455 1441 563 1495 apud
590 1441 949 1482 Muhammedanos
986 1442 1215 1492 obtinebat,
1267 1450 1314 1482 ut
1342 1457 1363 1482 e
1393 1441 1614 1482 Wilhelmo
1641 1443 1768 1496 Tyrio

324 1504 505 1547 constat,
549 1497 642 1550 qui,
679 1498 884 1550 quomodo
915 1498 1032 1550 legati
1061 1500 1164 1551 regis
1192 1498 1384 1537 Almerici
1417 1497 1768 1550 Hierosolymitani

323 1553 375 1591 ad
417 1552 613 1591 Chalifam
653 1551 829 1607 Aegypti
866 1568 887 1591 a
930 1552 1122 1592 Solthano
1175 1568 1242 1592 seu
1288 1555 1418 1606 primo
1456 1552 1640 1591 ministro
1681 1553 1768 1592 eius

323 1608 541 1647 introducti
582 1608 633 1646 ad
673 1609 804 1661 ipsum
844 1609 1019 1661 fuerint,
1053 1623 1251 1662 exponens
1279 1610 1326 1648 L.
1354 1609 1471 1648 XIX.
1500 1623 1536 1648 c.
1573 1606 1632 1650 18.
1662 1609 1768 1647 inter

323 1664 403 1703 alia
445 1663 542 1702 haec
582 1663 704 1702 habet
727 1679 739 1703 ε
789 1666 967 1717 ingressis
1021 1679 1143 1719 porro
1181 1673 1218 1702 et
1268 1665 1310 1703 in
1356 1665 1577 1703 inter-threna
1617 1663 1769 1718 palatii

319 1729 477 1773 partem
509 1719 691 1758 adtnz‘ssis
724 1718 892 1773 [legatis]
922 1720 1119 1758 Soldanus
1155 1719 1205 1757 de
1236 1733 1345 1758 more
1370 1728 1587 1757 consuetam
1608 1719 1768 1757 domino

322 1775 507 1814 exhibens
534 1777 791 1814 reverentiam
819 1772 882 1829 [τὰ
927 1773 1107 1827 σύνηθες
1147 1774 1284 1824 νέμων
1302 1772 1447 1827 σέβας]
1474 1775 1595 1813 semel
1629 1782 1668 1812 et
1704 1787 1767 1812 se-

323 1831 448 1870 cusulo
477 1831 586 1868 humi
611 1840 829 1884 prostratus
843 1861 854 1878 ‚
892 1831 1006 1886 quasi
1032 1830 1180 1868 nemini
1211 1830 1381 1867 debitum
1408 1830 1553 1868 cultum
1578 1837 1616 1867 ec
1642 1829 1767 1883 quod-

325 1886 426 1924 dam
466 1885 709 1924 adorationis
736 1901 854 1938 genus
885 1887 1010 1940 coepit
1035 1885 1203 1939 supplex
1237 1884 1472 1939 impendere.
1534 1885 1667 1922 Tertio
1694 1885 1770 1922 ile-

325 1955 414 1979 rum
429 1950 646 1995 prostratus
679 1942 876 1992 gladium,
903 1955 1016 1996 quem
1037 1941 1088 1978 de
1115 1941 1214 1978 collo
1239 1939 1397 1992 gerebat
1424 1953 1657 1996 suspensum,
1695 1939 1766 1977 de-

319 1998 464 2050 posuit.
522 1996 580 2034 Et
601 2010 684 2035 ecce
713 1997 836 2035 subito
874 1997 1077 2035 contractis
1115 1996 1218 2033 mira
1250 1996 1452 2033 velocitate
1480 1995 1642 2033 velariis
1659 2007 1768 2032 mar*-

323 2052 542 2103 garitarum
572 2052 763 2090 varietate
802 2066 973 2106 auroque
1007 2051 1197 2089 contextis
1214 2079 1226 2100 ‚
1270 2064 1370 2104 quae
1406 2050 1539 2088 media
1571 2049 1768 2103 depende—

326 2107 420 2144 bant
457 2115 494 2144 et
536 2107 824 2147 obumbrabant
854 2108 994 2145 solium
1009 2135 1021 2155 ‚
1075 2106 1250 2145 revelata
1278 2106 1420 2155 facie,
1459 2107 1597 2143 throno
1631 2102 1765 2142 sedens

323 2175 444 2199 aureo
466 2161 598 2200 habita
621 2163 712 2215 plus
732 2176 850 2216 quam
880 2162 987 2214 regio
1002 2190 1013 2207 ‚
1044 2162 1181 2214 paucis
1216 2161 1323 2198 circa
1357 2164 1444 2198 eum
1473 2160 1523 2198 de
1549 2158 1768 2197 domesticis

324 2226 363 2254 et
390 2217 670 2266 familiaribus
718 2217 899 2254 eunuchis
943 2217 1131 2270 apparuit
1175 2214 1350 2254 Chalia.
1428 2215 1536 2253 Tunc
1582 2213 1766 2251 accedens

327 2271 384 2310 ad
411 2285 499 2309 eum
525 2286 612 2309 cum
641 2272 751 2310 omni
771 2272 990 2313 reverentia
1018 2270 1212 2309 Soldanus
1225 2300 1234 2317 ‚
1273 2269 1439 2308 sedentis
1467 2269 1631 2324 pedibus
1656 2281 1766 2306 oscu-

325 2327 407 2365 lum
426 2327 623 2364 humiliter·
637 2327 866 2379 imprimens
890 2326 1078 2364 adventus
1096 2326 1310 2377 legatorum
1325 2338 1484 2363 causam
1509 2345 1562 2354 --
1594 2322 1737 2376 aperit.

409 2381 503 2420 561.
532 2381 581 2419 C.
604 2380 642 2420 5.
678 2379 794 2434 [625‚
817 2380 907 2434 22]
938 2380 1077 2432 δῆσαι.
1136 2381 1227 2419 Non
1268 2379 1395 2417 ausim
1437 2378 1675 2432 probitatem
1706 2375 1766 2414 le-

327 2437 469 2474 ctionis
497 2435 616 2474 huius
645 2436 865 2488 spondere,
919 2433 1046 2488 ῥίψαι
1084 2435 1149 2474 vel
1178 2435 1322 2485 βαλεῖν
1349 2433 1413 2472 vel
1454 2434 1591 2471 θεῖναι
1633 2432 1765 2484 aptius

328 2497 367 2529 et
391 2491 571 2529 usitatius
601 2498 715 2530 esset.
776 2491 897 2541 Quod
926 2491 958 2529 si
984 2497 1118 2529 tamen
1146 2490 1358 2528 dictionem
1379 2485 1615 2536 δεδεμέναις
1639 2485 1767 2537 χερσί

326 2545 560 2594 considero,
591 2545 642 2583 de
669 2560 749 2598 qua
776 2559 818 2584 v.
846 2546 898 2584 ad
927 2560 968 2598 p.
992 2545 1084 2584 303.
1120 2545 1172 2587 A,
1194 2544 1233 2584 5.
1267 2543 1400 2590 dicta,
1437 2548 1476 2580 et
1507 2553 1609 2593 quae
1634 2541 1764 2579 mani-

328 2599 393 2636 bus
434 2601 672 2652 complicatis
693 2600 884 2652 significat
900 2630 911 2650 ‚
939 2600 1099 2638 videtur
1122 2599 1179 2638 nil
1206 2597 1443 2637 mutandum
1469 2609 1554 2635 esse
1589 2601 1630 2633 et
1665 2594 1764 2633 haec

329 2653 448 2690 dictio
490 2661 629 2693 notare
667 2669 803 2693 manus
847 2670 934 2693 suas
977 2656 1018 2692 in
1053 2656 1219 2693 alterum
1254 2652 1469 2704 implicare.
1539 2649 1767 2702 Iuiungitur

328 2714 461 2744 autem
500 2709 742 2747 cubiculario
796 2709 1029 2748 mandatum
1070 2710 1119 2747 de
1155 2706 1337 2746 manibus
1382 2704 1566 2743 violentis
1597 2705 1640 2742 in
1671 2704 1768 2742 bar-

329 2761 496 2812 batum,
526 2762 654 2814 idest
688 2777 897 2815 procerum
925 2763 1171 2815 reliquorum
1198 2774 1278 2800 non
1322 2759 1597 2798 eunuchorum
1626 2772 1766 2812 quem-
