1884 3132
282 119 396 194 374
606 137 677 178 ιο.
719 134 824 178 1Ac.
863 137 1056 177 Rmsxn
1104 135 1479 179 comffiN'rARn

281 247 369 279 sent
395 239 522 278 uxorii
545 268 556 289 ,
597 247 666 278 aut
695 241 752 278 rei
781 254 958 280 summae
987 241 1182 294 gerendae
1208 255 1290 280 non
1317 255 1431 294 pares
1448 271 1460 290 .‚
1489 247 1559 280 aut
1584 242 1708 293 impe-

279 297 386 334 rium
412 294 669 348 Augustabus
697 295 903 345 deberent,
933 304 1002 334 aut
1029 297 1127 335 urbe
1155 297 1335 335 abessent
1361 304 1400 336 et
1426 296 1708 336 administran-

280 350 377 387 dum
408 350 615 402 imperium
648 351 799 389 interea
832 351 1089 404 Augustabus
1116 353 1416 390 commisissent.
1473 351 1599 390 Alexii
1631 351 1708 389 Co-

279 405 416 443 mneni
444 412 626 456 matrem,
654 406 717 444 cui
745 404 848 445 filius
874 407 1087 459 imperium
1115 406 1299 454 debebat,
1329 421 1443 459 saepe
1470 405 1711 460 praesedisse

281 459 321 497 in
349 460 720 509 consultationibus,
772 461 840 500 illo
873 464 1101 514 praesertim
1136 464 1179 501 in
1207 462 1332 514 Epiro
1364 462 1553 501 adversus
1580 462 1710 514 Roge-

279 515 387 553 rium
415 515 692 554 Normannum
730 515 835 555 bella
862 524 1046 570 gerente,
1077 517 1262 556 discimus
1293 531 1337 556 ex
1355 516 1546 556 Alexiadc
1569 516 1712 555 Annae

282 570 523 609 Comnenae.
601 572 829 621 Margareta
873 572 1080 622 Augusta,
1133 572 1270 612 Isaacii
1299 571 1443 625 Angeli
1488 585 1588 610 uxor
1606 601 1618 622 ‚
1646 572 1711 610 in-

279 625 458 664 terfuisse
484 625 660 665 conciliis
687 626 832 665 dicitur
858 641 882 665 a
909 626 1154 666 Rhamnusio
1170 643 1212 681 p.
1228 627 1294 681 87.
1326 634 1365 666 et
1400 627 1487 678 104.
1508 642 1519 677 3
1550 626 1599 665 de
1625 626 1712 664 Eu-

279 679 496 734 phrosyna,
520 680 649 719 Alexii
677 695 812 729 uxore,
855 689 991 721 narrat
1012 683 1171 722 Nicetas
1202 697 1290 735 pag.
1304 681 1426 733 245„
1457 682 1526 721 sed
1552 689 1598 721 ut
1626 695 1711 720 rem

280 749 428 774 novam
458 750 646 788 carpens,
675 750 763 775 eam
791 736 940 790 legatos
970 745 1121 777 exteros
1147 752 1227 776 una
1255 752 1346 776 cum
1375 737 1518 776 marito
1545 738 1587 775 in
1614 750 1712 775 con-

281 791 435 829 sistorio
478 791 776 844 praesedentem
821 793 1044 845 excepisse:
1095 792 1318 843 πρεσβείας
1352 792 1544 845 μεγίστης
1578 791 1713 830 ἐθνῶν

278 842 510 898 μελλούσης
546 847 719 895 βασιλεῖ
749 845 1083 898 ε’ποπτάνεσθαι,
1124 845 1270 901 θρόνοι
1295 851 1502 900 συμφυεῖς
1540 847 1714 885 πολυτε-

279 901 364 946 λεῖς
399 901 699 953 παρετίθεντο,
747 901 819 940 καί
858 901 1165 954 συνεδρεύουσα
1214 901 1472 955 προεκάθητο
1510 901 1713 951 λαμπρῶς

281 953 620 1007 διεσκευασμένη.
680 956 874 995 Manuelis
900 958 1091 996 Comneni
1121 958 1244 996 altera
1274 972 1389 1007 uxor,
1419 956 1590 1005 Bertha,
1611 955 1713 993 Ger-

280 1010 390 1048 mani
431 1011 633 1063 sanguinis
676 1011 868 1063 heroina,
892 1008 917 1064 ῆ
947 1012 990 1059 ἐξ
1019 1012 1257 1062 Ἀλαμανῶν
1296 1011 1405 1065 αὐτῷ
1433 1006 1712 1061 συνοικήσασα

282 1066 350 1116 (ait
379 1064 595 1103 Cinnamus
633 1080 673 1118 p.
708 1066 772 1120 57.
801 1067 847 1106 C.
881 1071 926 1117 ι.)
982 1066 1053 1106 ἑπί
1091 1066 1220 1118 μέσης
1259 1062 1473 1119 ἑξελάλησε
1513 1065 1585 1117 τῆς
1612 1078 1714 1115 συγ-

280 1114 431 1172 κλήτου
458 1119 610 1173 βουλῆς
649 1120 827 1173 μεγάλου
871 1118 942 1160 καί
970 1116 1075 1173 αὕτη
1107 1119 1178 1160 καί
1205 1117 1536 1171 πολεμικωτάτω)
1571 1118 1713 1170 γένους

280 1169 388 1214 εἶναι
414 1173 589 1214 εἰποῦσα
620 1177 688 1228 (ita
721 1176 814 1230 leg.)
835 1207 846 1225 ,
877 1191 1009 1215 cor-am
1033 1178 1152 1230 pleno
1180 1186 1313 1215 senatu
1337 1176 1491 1214 dicebat
1509 1205 1519 1222 ‚
1561 1190 1600 1213 se
1625 1175 1714 1229 qui-

279 1229 369 1268 dem
394 1231 540 1269 illustri
563 1233 719 1284 paritet·
747 1247 896 1287 quoque
924 1242 961 1271 et
992 1232 1278 1270 bellicosissima
1306 1240 1416 1284 gente
1441 1230 1586 1269 editam
1618 1243 1710 1278 esse,

282 1294 454 1325 attamen
486 1300 565 1324 non
600 1286 810 1326 audivisse.
843 1287 960 1326 Conf.
992 1287 1025 1324 N
1032 1288 1121 1325 icet.
1153 1301 1193 1340 p.
1225 1285 1292 1341 75.
1347 1285 1601 1324 Theodoram
1630 1284 1717 1322 Au-

280 1347 458 1392 gustam,
487 1341 695 1380 Iustiniani
739 1342 971 1394 coniugem,
1003 1342 1045 1379 in
1074 1343 1308 1380 consistorio
1352 1341 1495 1380 sedisse
1532 1338 1715 1392 perhibet

282 1395 502 1448 Procopius
531 1396 573 1434 in
613 1396 719 1436 Hist.
752 1397 927 1436 Arcana.
1006 1396 1084 1435 Sed
1110 1396 1363 1435 Theodoram
1392 1398 1648 1448 impotentem
1676 1400 1716 1432 et

283 1450 444 1498 avidam
471 1451 628 1503 imperii
656 1450 871 1491 foeminam
890 1482 902 1503 ,
930 1452 1196 1491 Iustinianum
1223 1459 1357 1490 autem
1388 1451 1570 1490 uxorium
1597 1448 1717 1487 fuisse

283 1513 454 1545 constat.
511 1505 711 1546 Sedebant
740 1515 890 1558 autem,
918 1508 951 1546 si
975 1507 1207 1556 assiderent,
1236 1521 1340 1559 pone
1366 1504 1560 1545 cancellos
1588 1510 1627 1542 et
1656 1517 1719 1542 ve-

283 1559 412 1610 latae,
441 1575 492 1599 ne
539 1562 864 1614 conspicerentur
900 1577 923 1600 a
966 1563 1062 1601 viris
1110 1562 1301 1601 barbatis.
1359 1561 1478 1611 Quod
1505 1574 1551 1599 ex
1578 1560 1716 1597 innata

282 1615 532 1654 orientalium
564 1617 755 1656 uxoribus
786 1617 1025 1657 verecundia
1045 1646 1055 1666 ,
1086 1631 1154 1655 seu
1179 1619 1311 1670 potius
1338 1617 1484 1655 ferocia
1513 1622 1552 1653 et
1578 1627 1716 1666 super-

282 1669 349 1708 bia
376 1671 468 1709 satis
496 1670 723 1723 colligitur,
756 1680 796 1711 et
826 1687 871 1711 ex
901 1672 970 1711 illo
1000 1671 1169 1711 Malalae
1196 1672 1284 1711 loco
1315 1671 1446 1722 colligi
1475 1683 1587 1723 posse
1615 1668 1716 1707 mihi

283 1725 443 1763 videtur
475 1726 526 1764 T.
555 1727 607 1764 ll.
638 1740 681 1778 p.
712 1726 798 1778 54,
827 1727 898 1765 ubi
922 1742 1088 1767 narrans
1123 1727 1173 1766 de
1205 1728 1351 1779 nuptiis
1378 1725 1589 1763 Theodosii
1623 1737 1715 1761 cum

283 1779 521 1829 Athenaide,
550 1781 705 1820 Leontii
730 1782 953 1835 philosophi
984 1782 1079 1832 filia,
1109 1782 1289 1834 deinceps
1307 1781 1484 1820 Eudocia
1512 1779 1631 1825 dicta,
1662 1778 1719 1816 ait

284 1847 372 1872 eam
400 1835 603 1873 Thodosio
652 1850 676 1874 a
706 1850 842 1876 sorore
876 1836 1087 1875 Pulcheria
1115 1836 1316 1875 laudatam
1343 1837 1399 1874 ita
1427 1835 1595 1873 movisse
1645 1834 1717 1871 sti-

284 1887 439 1936 mulos,
473 1897 517 1928 ut
542 1904 630 1928 eam
658 1891 795 1930 videre
823 1898 994 1943 optaret,
1022 1892 1191 1944 ideoque
1220 1893 1500 1944 Imperatorem
1527 1903 1551 1927 a
1578 1901 1715 1926 sorore

285 1957 456 1996 rogasse,
488 1951 534 1982 ut
560 1959 632 1997 per
659 1947 830 1997 speciem
857 1946 1024 1985 alicuius
1053 1948 1199 1999 negotii
1220 1945 1484 1985 Athenaidem
1511 1945 1551 1981 in
1580 1957 1714 1991 suum,

58 2000 121 2035 Ed.
144 2002 184 2040 L.
213 1998 432 2038 118sororis
460 2013 616 2051 nempe,
647 2000 878 2040 cubiculum
905 2001 1142 2040 adduceret:
1174 1994 1293 2054 ᾔτησε
1320 1997 1395 2051 τήν
1422 1995 1575 2037 ἑαυτοῦ
1603 1991 1718 2035 dota-

289 2048 374 2105 φὴν
407 2051 464 2100 ὥς
503 2053 565 2093 ἐπ’
604 2047 714 2109 ἄλλῳ
740 2053 825 2095 τινὶ
859 2054 1092 2106 εἰσαγαγεῖν
1119 2050 1194 2106 τὴν
1221 2053 1446 2105 Ἀθηναΐδα
1475 2052 1519 2092 ἐν
1555 2051 1611 2106 τῷ
1639 2048 1718 2089 αὖ-

286 2108 360 2159 τῆς
405 2108 702 2163 κουβουκλείῳ,
732 2109 799 2150 ἵνα
839 2106 908 2150 διὰ
935 2109 1008 2149 τοῦ
1053 2107 1183 2161 βήλου
1219 2107 1420 2160 θεάσηται
1460 2102 1592 2159 αὖτὴν
1613 2135 1623 2154 ,
1661 2107 1717 2144 ila

288 2170 395 2202 trans
415 2164 546 2202 velum
585 2178 672 2201 eam
703 2174 889 2218 spectaret
907 2193 918 2214 ,
949 2165 990 2203 id
1024 2171 1081 2203 est
1109 2171 1154 2202 ut
1183 2164 1263 2217 ipse
1291 2171 1397 2202 stans
1424 2170 1533 2202 extra
1560 2158 1715 2199 cancel-

289 2215 355 2260 los.
406 2225 600 2270 spectaret
635 2217 742 2257 illius
781 2234 863 2258 non
901 2226 1093 2257 staturam
1130 2218 1379 2257 solummodo
1398 2247 1409 2269 ,
1452 2217 1520 2256 sed
1563 2214 1716 2253 nudum

290 2285 450 2325 quoque
486 2273 662 2311 vultum.
727 2274 866 2325 Βῆλον
909 2273 975 2312 hic
1003 2273 1078 2312 loci
1107 2288 1189 2311 non
1227 2273 1362 2312 velum
1382 2302 1394 2323 ,
1427 2271 1494 2311 sed
1523 2267 1718 2308 caucellos

290 2324 441 2378 ligneos
469 2335 595 2366 notat.
654 2328 794 2367 Saltim
822 2328 863 2366 id
880 2328 1010 2381 colligi
1038 2342 1149 2381 posse
1168 2328 1327 2367 videtur
1354 2342 1399 2366 ex
1428 2328 1503 2365 hoc
1530 2324 1617 2363 loco
1633 2323 1716 2360 lm-

291 2389 516 2430 peratorem
543 2382 701 2435 quando
734 2397 825 2421 cum
852 2384 1019 2421 maxime
1043 2384 1269 2422 necessariis
1297 2389 1428 2435 ageret
1447 2411 1458 2431 ,
1488 2386 1595 2418 extra
1623 2391 1717 2415 can-

293 2434 410 2475 cellos
448 2436 688 2488 substitisse,
733 2438 881 2476 nedum
918 2437 1031 2476 alios.
1062 2438 1156 2476 Vid.
1184 2452 1285 2490 quae
1330 2437 1380 2475 ad
1407 2451 1447 2489 p.
1483 2447 1566 2472 120.
1595 2432 1641 2470 C.
1675 2445 1716 2472 2.

291 2486 386 2526 dixi.
445 2491 617 2539 Quando
655 2494 816 2531 maritos
846 2493 886 2530 in
921 2499 1049 2531 castra
1079 2493 1365 2531 comitarentur
1383 2521 1394 2538 ,
1439 2504 1460 2528 a
1504 2486 1622 2526 mulis
1650 2500 1719 2538 ge·-

291 2549 391 2580 stata
433 2545 557 2583 cobba
593 2545 658 2585 vel
694 2546 833 2586 alcova
878 2554 1006 2594 tecta,
1060 2561 1162 2600 qnae
1209 2554 1266 2585 est
1311 2543 1603 2590 καταπέτασμα
1646 2547 1716 2578 aut

290 2593 501 2647 θολωτὸν,
529 2600 752 2639 absidatum
795 2609 864 2640 aut
891 2604 931 2640 in
950 2602 1196 2654 pyramidem
1221 2600 1484 2652 fastigiatum,
1517 2595 1611 2635 velis
1639 2609 1715 2633 un-

292 2648 826 2705 decunque.dependentibus
847 2663 886 2695 et
913 2656 1090 2695 lecticam
1110 2654 1390 2708 operientibus.
1409 2651 1504 2690 Vid.
1535 2649 1716 2688 Alexiad.

292 2702 339 2743 L.
368 2705 467 2745 XII.
492 2721 536 2759 p.
571 2708 663 2747 353.
700 2710 787 2762 init.
867 2710 1024 2750 Rubros
1062 2710 1211 2750 calceos
1239 2707 1465 2762 gestabant,
1498 2712 1542 2744 ut
1569 2705 1714 2744 mariti.
