1884 3132
271 129 384 197 284
542 143 616 187 ιο.
657 141 765 186 mc.
804 142 999 184 nmsxn
1043 141 1418 186 COmIENTARll

270 266 401 292 omnes
416 249 564 304 implet.
596 248 673 287 hoe
700 254 781 288 est:
813 247 959 287 muniis
987 254 1026 286 et
1053 246 1190 287 officiis
1218 244 1445 302 provinciae
1471 262 1565 290 suae
1591 252 1706 291 5865-

269 308 378 346 facit.
435 307 568 344 Dictio
599 318 621 343 e
649 304 870 343 Latinismo
896 310 1154 342 transsumta.

381 362 435 399 D.
465 375 555 413 pen.
588 359 706 414 [263‚
739 357 799 412 5.]
829 354 1091 398 κελεύσωσιν.
1147 359 1206 396 Μ.
1247 352 1492 408 κελεύωσιν,
1536 361 1573 398 si
1612 348 1711 401 velit

269 416 496 470 Imperator·
517 415 742 470 praeposito
775 415 1008 468 patriciacus
1054 426 1203 468 quoqne
1232 413 1392 452 honor-'es
1427 413 1653 467 adiunget-e.

363 469 450 521 154.
480 470 533 509 Α.
566 471 606 510 6.
641 468 753 524 [263‚
777 468 856 523 10.]
887 466 1267 518 προσκαλέσασθαι.
1324 467 1583 508 Membranae
1610 481 1712 522 προ-

269 525 504 577 βαλέσθαιε
535 533 575 564 et
602 524 644 564 id
671 537 831 577 quoque
860 524 1002 562 Latina
1021 523 1293 574 interpretatio
1321 522 1492 562 exhibet.

383 581 436 619 A.
466 595 506 635 9.
537 580 658 635 [263‚
709 578 790 633 12.]
827 576 1026 631 παράδος.
1104 577 1236 616 Trade
1258 607 1269 625 ‚
1298 578 1466 625 exhibe,
1504 585 1713 631 praesenta

272 637 414 690 ι’μειιηι,
444 636 591 676 scilicet
605 634 772 688 collegio
796 633 859 674 vel
886 634 1135 686 magistratui
1163 632 1336 683 urbano,
1363 639 1409 671 ut
1435 639 1568 686 caput.
1596 633 1716 672 Prae-

277 690 406 731 fectus
435 693 541 732 enim
569 690 661 730 urbi
697 696 782 728 erat
809 696 929 742 caput
964 687 1115 726 ordinis
1140 687 1300 726 urbani.

384 746 432 785 B.
463 747 500 786 3.
538 746 651 801 [2612
688 743 776 798 17.]
807 744 1006 783 σκαλέων.
1067 744 1127 781 Μ.
1158 740 1356 781 σκαλίων.

382 802 428 840 Β.
464 801 505 841 6.
533 801 644 856 [263.
683 800 765 852 19.]
797 797 1042 851 εἰσέρχεται.
1101 798 1159 835 Μ.
1188 794 1260 835 καί
1285 796 1533 850 εἰσέρχεται.

384 856 430 896 C.
463 857 501 896 5.
531 855 645 911 [264.
676 853 737 909 6.]
780 852 1008 905 ἐξέρχεται.
1088 850 1196 890 Ante
1221 851 1262 890 h.
1293 865 1333 890 v.
1362 859 1498 905 putem
1529 852 1719 893 excidisse

278 909 302 951 ὅ
333 911 379 951 δὲ
406 907 693 961 πραιπόσιτος.
748 910 901 948 Verum
918 906 1176 947 Membranae
1194 907 1259 947 hic
1277 907 1438 960 quidem
1467 908 1573 947 edito
1599 907 1717 962 plura

278 981 360 1006 non
389 966 555 1006 habent.
1726 964 1729 966 ’

227 1017 231 1020 ’
388 1022 436 1060 C.
466 1020 507 1072 4.
539 1019 652 1076 [264,
685 1018 739 1074 7.]
770 1017 1007 1064 νουθεσίας.
1068 1017 1176 1057 Ante
1221 1017 1325 1056 hanc
1371 1031 1510 1058 vocem
1538 1019 1719 1057 inseren-

274 1077 374 1116 dum
412 1075 544 1128 Ze'ysw
604 1091 625 1115 e
666 1074 926 1113 Membranis.
1000 1072 1157 1112 Deinde
1199 1073 1420 1125 requireret
1462 1074 1721 1126 grammatica

281 1133 436 1171 Graeca
464 1138 533 1170 aut
564 1127 888 1181 δίακρατήσεως,
916 1135 1079 1181 propter
1108 1128 1346 1180 praecedens
1374 1126 1491 1167 ἕνεκα
1510 1158 1521 1179 ,
1551 1135 1620 1166 aut
1647 1123 1717 1166 δίἀ

281 1183 481 1240 κράτησιν
495 1186 632 1225 divisis
652 1184 829 1224 vocibus.
858 1183 936 1222 Sed
955 1185 1052 1222 novi
1066 1183 1207 1221 Graeci
1226 1183 1359 1222 omnia
1375 1183 1449 1221 sibi
1471 1183 1730 1236 permittunt..

392 1241 439 1279 C.
478 1255 540 1281 10.
570 1239 691 1295 [264‚
728 1237 803 1292 11.]
833 1232 1026 1291 ὕπαρχον
1062 1236 1135 1276 καί
1160 1236 1323 1288 πατέρα
1351 1234 1524 1285 πόλεως.
1582 1232 1722 1291 Expo-v

282 1296 346 1336 sui
374 1294 508 1335 locum
537 1295 646 1334 hunc
675 1294 726 1333 ad
756 1308 845 1347 pag.
879 1293 1011 1331 Nostri
1042 1291 1135 1343 504.
1165 1291 1220 1330 D.
1250 1290 1292 1342 4.
1727 1304 1733 1309 ·

392 1351 447 1389 D.
478 1365 519 1390 2.
551 1349 661 1405 [264
698 1347 784 1403 16.]
814 1343 1029 1387 πελώνιον.
1087 1347 1160 1387 Est
1198 1346 1306 1385 idem
1353 1352 1473 1400 atque
1523 1342 1727 1400 φελαίνιον

283 1404 349 1445 vel
379 1403 581 1459 φενώλιον
598 1435 609 1456 ,
638 1404 687 1443 de
715 1418 796 1458 quo
825 1403 906 1442 dixi
934 1402 986 1441 ad
1013 1417 1102 1456 pag.
1139 1400 1249 1453 1445
1279 1395 1507 1453 πενώλιον,
1527 1402 1721 1456 paenula.

286 1461 428 1500 Graeci
458 1461 554 1499 novi
587 1473 704 1513 saepe
733 1474 763 1498 π
793 1465 832 1498 et
861 1471 892 1511 φ
920 1463 1167 1511 permutant.

396 1515 450 1554 D.
483 1516 521 1554 3.
552 1514 670 1609 &264⁷
707 1511 787 1568 17.]
821 1510 866 1552 τὸ
896 1513 1046 1564 λῶρον.
1105 1512 1166 1551 Μ.
1195 1507 1268 1550 τόν
1290 1509 1441 1564 λαῗρον.
1480 1510 1616 1551 Toties
1643 1512 1724 1551 iam

287 1572 531 1609 correximus
588 1584 635 1609 oc
664 1570 808 1608 vitium
826 1598 838 1621 ,
868 1574 914 1606 ut
942 1581 1063 1621 porro
1090 1568 1237 1620 pigeat.
1295 1566 1408 1605 Idem
1427 1566 1646 1606 tenendum
1673 1566 1731 1615 ad,

285 1639 327 1678 p.
362 1624 452 1666 155.
479 1627 526 1665 B.
564 1639 598 1664 1.
635 1624 723 1664 156.
752 1623 797 1662 C.
841 1637 904 1663 12.
931 1630 971 1662 et
1001 1623 1112 1674 alibi,
1141 1622 1371 1674 ubicunque
1397 1628 1596 1660 occurrat.
1729 1617 1733 1619 “

397 1681 452 1720 D.
484 1695 524 1735 7.
556 1678 670 1734 [264‚
700 1677 790 1732 αα]
823 1673 1182 1730 ἀπολογούμενοι.
1238 1677 1298 1716 Μ.
1327 1674 1695 1728 ἀπολογουμένου,

401 1736 456 1775 D.
488 1735 528 1775 8.
562 1734 680 1790 [264‚
711 1733 803 1789 21.]
830 1729 931 1772 εἴσε.
987 1734 1045 1772 Μ.
1079 1727 1151 1778 εἷς.

379 1789 468 1830 155.
511 1790 557 1828 Β.
592 1805 632 1844 7.
665 1788 776 1844 [265‚
814 1787 896 1843 17.]
941 1782 1107 1840 ὕπαρχε
1153 1784 1414 1839 προφέκτωρ.
1489 1784 1629 1837 Itaque
1669 1783 1727 1823 illi

294 1845 468 1885 barbare
510 1859 583 1898 pro
614 1845 831 1900 praefecte,
877 1843 927 1882 de
954 1857 1033 1896 qua
1075 1841 1353 1881 terminatione
1392 1839 1509 1893 plura
1548 1841 1638 1878 dico
1675 1839 1731 1878 ad*

290 1917 333 1955 p.
375 1915 467 1940 200.
495 1900 548 1940 A.
579 1902 618 1940 3.
685 1898 876 1938 Solebant
914 1905 1046 1936 autem
1084 1896 1249 1936 vocibus
1277 1896 1428 1934 Latinis
1460 1893 1736 1948 explicationis

294 1957 422 2010 gratia
451 1955 622 1995 Graecas
650 1968 788 1993 earum
817 1953 1162 2005 interpretationes
1194 1949 1356 1990 addere.
1414 1950 1475 1988 lta
1501 1949 1606 1989 infra
1632 1942 1734 1990 Az'ae'«

289 2023 437 2062 γουστε
465 2010 638 2061 σέβαστε
655 2039 666 2059 ,
697 2009 916 2063 posteriore
945 2021 1043 2046 voce
1071 2007 1244 2059 priorem
1273 2003 1506 2058 explicante.

320 2119 345 2159 d
404 2066 449 2104 B.
484 2078 543 2104 11.
576 2064 688 2119 [265‚
719 2062 809 2117 21.]
849 2058 1134 2113 ἐκδεχόμενον.
1201 2060 1260 2099 Μ.
1291 2055 1574 2111 ἐκδεχόμενος.
1633 2057 1735 2098 vid.

294 2133 319 2161 a
403 2148 414 2158 .
447 2131 462 2158 1
528 2147 539 2158 .
570 2121 618 2158 C.
656 2133 718 2158 11.

373 2118 519 2216 paiz?
546 2173 663 2228 [266‚
681 2172 744 2227 3.]
769 2166 1108 2225 γνησιοπόθητον.
1174 2167 1334 2208 Resolvi
1358 2168 1476 2208 debet
1494 2168 1534 2206 in
1562 2161 1731 2218 γνήσιον

296 2228 370 2267 καί
394 2225 591 2280 ποθητὸν,
621 2229 847 2267 benevolzmz
866 2226 929 2266 vel
960 2227 1162 2271 sincerum,
1195 2230 1234 2262 et
1259 2225 1429 2278 cupitam
1449 2237 1518 2262 seu
1532 2221 1733 2260 desidera-

295 2292 390 2320 tum.
409 2284 502 2322 Vid.
532 2283 582 2323 ad
611 2298 652 2336 p.
667 2282 735 2334 43.
754 2284 808 2321 D.
834 2281 875 2320 8.
906 2279 1114 2319 Adhibent
1129 2280 1227 2318 novi
1243 2279 1386 2318 Graeci
1416 2291 1555 2318 vocem
1570 2272 1737 2326 γνήσιος·

298 2336 470 2375 libenter
497 2338 547 2377 de
575 2338 711 2377 liberis
730 2367 742 2390 ‚
781 2338 918 2376 amieis
946 2342 985 2373 et
1029 2334 1150 2374 servis
1166 2363 1177 2383 ,
1207 2347 1279 2387 pro
1303 2334 1495 2380 sincerus,
1525 2329 1729 2378 candidas,

297 2392 466 2443 integer,
493 2394 720 2442 benevolam
762 2392 846 2432 vid.
875 2390 1018 2429 Codin.
1051 2388 1169 2427 Offie.
1198 2403 1241 2441 p.
1280 2402 1368 2427 121.
1398 2402 1438 2426 n.
1461 2387 1518 2433 5.,
1556 2385 1644 2423 ¹23.
1675 2385 1745 2424 D.-

304 2447 344 2483 3.
374 2453 413 2483 et
440 2447 608 2498 penult..
645 2449 736 2498 143.
764 2462 808 2486 n.
827 2447 867 2485 5.
896 2444 1134 2497 Theophan.
1162 2458 1204 2496 p.
1234 2443 1301 2483 81.
1332 2442 1384 2480 A.
1414 2456 1507 2495 pen.
1529 2438 1742 2491 Nicephor-

307 2498 462 2537 CPtan.
504 2502 618 2541 Patr.
664 2518 704 2556 p.
740 2517 799 2542 12.
830 2516 868 2555 7.
942 2499 1019 2538 Vel
1046 2506 1175 2551 potest
1218 2511 1375 2551 quoque
1401 2491 1566 2548 γνήσιος
1591 2494 1632 2531 in
1661 2492 1744 2532 hac>

305 2556 592 2605 compositione
621 2558 742 2610 accipi
770 2569 842 2611 pro
870 2569 990 2605 caro,
1020 2562 1177 2604 amato,
1210 2553 1386 2603 adeoque
1414 2543 1738 2601 γιήσιοπόθητον

303 2620 384 2648 esse
398 2618 569 2649 amatum
589 2621 704 2665 atque
723 2611 995 2650 desideratum.
1037 2610 1097 2647 Ita
1116 2610 1157 2646 in
1173 2605 1392 2657 Antholog.
1416 2619 1458 2657 p.
1470 2602 1564 2643 218.
1588 2603 1705 2643 c-fin.
1718 2617 1738 2641 τ

827 2663 849 2703 ὁ
877 2663 978 2714 μηδ’
1019 2662 1183 2702 ἀστοῖσι
1213 2658 1406 2714 φιληθείς

604 2716 745 2769 Τᾲιων
773 2716 858 2758 οὔδ’
883 2717 1004 2771 Ἀΐδῃ
1030 2711 1195 2769 γνήσιός
1222 2713 1307 2765 εἰμι
1334 2710 1470 2759 νέκυς.
