1832 3126
168 200 243 244 An
280 199 582 245 CONSTANT.
622 197 820 242 PORPn.
851 197 924 240 DE
962 197 1144 240 CERIM.
1180 198 1279 240 Lm.
1321 201 1356 239 1.
1420 197 1526 253 109

92 303 150 343 ibi
177 318 339 344 manere
355 333 367 354 ‚
396 317 539 343 verum
575 301 746 342 debebat
769 302 813 340 in
836 301 1091 340 metatoriam
1118 315 1235 340 suum
1255 315 1297 340 se
1332 301 1521 354 recipere.

91 359 245 413 Synod.
301 358 486 398 Trullan.
519 371 608 397 can.
637 357 710 397 6.·:
738 352 799 408 μὴ
833 356 982 403 ἐξέστω
1020 353 1106 395 τινὶ
1140 357 1224 396 τῶν
1260 353 1455 396 ἁπάντων
1481 355 1527 395 ἐν

90 415 253 460 λαῖκοῖς
287 410 515 453 τελούντων
538 410 655 452 ἔνδον
681 409 801 463 ἱεροῦ
824 409 999 450 εἰσιέναι
1023 407 1350 463 θυσιαστηρίου,
1390 410 1528 462 μηδα-

94 468 189 519 μῶς
214 467 290 508 ἐπὶ
310 466 443 522 τούτῳ
470 468 544 535 τῇς
564 464 784 518 βασιλικῆς
797 463 1037 517 εἰργομένης
1056 464 1248 513 ἔξουσάις
1278 463 1352 504 καί
1383 464 1529 505 udesv-

91 522 230 573 τείας,
267 517 387 575 ἢνίκα
416 522 459 561 δ’
483 536 537 560 αν
572 519 800 573 βουληθείη
831 515 1038 572 προσάξαι
1074 520 1192 574 δῶρα
1229 520 1287 575 ’τῷ
1325 517 1530 560 πλάσαντι

94 575 203 617 κατὰ
223 573 299 630 τὴν
325 570 609 630 ἇρχαιοτάτην
626 570 873 628 παράδοσιν.

197 645 271 672 το.
292 631 345 670 A.
368 631 412 671 8.
442 630 531 685 [15‚
554 629 645 684 22.]
686 626 739 669 τὰ
779 623 878 681 ἅγια
919 624 1150 681 σπάργανα.
1205 629 1349 669 Sacrae
1382 631 1530 670 Christi

91 687 237 727 fasciae
260 685 357 726 CPli
390 685 626 725 dicebantur
656 686 882 733 asservari,
923 692 962 723 et
982 685 1145 737 quidem
1167 686 1312 738 gemini
1345 687 1526 738 generis,

91 750 140 786 ut
169 749 294 795 puto3
337 740 510 794 pueriles
526 771 538 791 ‚
585 755 688 793 quae
712 741 752 779 in
779 740 821 778 S.
854 739 1003 792 Sophia
1032 740 1215 779 iacebant
1231 770 1241 785 ,
1284 747 1323 779 et
1358 742 1422 779 hic
1445 756 1529 780 me-

30 813 34 817 ·
91 804 325 848 morantur3
365 803 406 834 et
434 796 671 849 sepulcrales
690 825 702 845 ‚
745 809 848 848 quae
878 795 930 833 ad
957 795 1172 848 Dciparam
1197 795 1530 835 Blacherncnscm

91 866 185 892 cum
212 852 300 891 aliis
319 850 499 904 reliquiis
515 851 724 901 iacebant,
763 851 814 889 de
836 850 981 904 quibus
1007 864 1048 888 v.
1081 851 1149 889 Du
1172 851 1307 904 Gange
1333 851 1385 890 ad
1411 851 1527 890 Alex.

92 922 135 961 p.
161 908 259 962 529.
293 914 334 946 et
363 906 415 945 ad
454 906 638 945 Cinnam.
675 920 717 959 p.
746 904 842 956 442.
900 905 1092 944 Solebant
1129 903 1278 944 Christi
1308 906 1452 946 fasciae
1485 909 1528 944 in

90 962 408 1015 pmeessionibus
447 961 499 1000 ad
535 961 794 1001 obtinendam
824 959 1004 1014 pluviam
1034 961 1296 1000 circumferri.
1355 962 1525 1002 Cedren.

91 1032 135 1071 p.
165 1018 259 1111 733.
283 1018 337 1056 D.
719 1071 728 1083 Ἰ
848 1071 856 1080 .

248 1101 260 1111 .
288 1086 350 1111 11.
402 1071 463 1120 15,
486 1069 577 1126 245]
606 1073 761 1111 κυκλιν.
815 1071 858 1110 Si
879 1071 1132 1111 conferamus
1149 1071 1282 1110 locum
1305 1070 1415 1111 hunc
1437 1086 1530 1111 cum

91 1142 135 1181 p.
158 1127 252 1167 326.
286 1128 340 1167 Ι).
399 1157 408 1166 .
438 1134 619 1181 apparet,
647 1141 719 1180 per
751 1127 1031 1180 compendium
1060 1127 1212 1166 dictum
1241 1127 1361 1166 fuisse
1393 1135 1531 1166 nostro

91 1183 135 1222 in
155 1182 262 1233 1000,
289 1183 398 1236 quod
413 1184 455 1221 in
476 1182 601 1222 altero
623 1182 742 1221 latius
762 1189 821 1221 est
841 1184 1122 1233 enunciatum‚
1153 1189 1193 1221 et
1214 1181 1273 1228 εἰς
1299 1178 1348 1221 τὸ
1370 1182 1527 1230 κυκλίν,

94 1238 143 1278 ἐν
169 1229 205 1292 ᾧ
235 1236 403 1290 ἵδρυται
427 1245 503 1277 etc.
540 1237 645 1276 idem
669 1237 804 1276 valere
838 1244 957 1291 atque
982 1237 1041 1284 εἰς
1067 1234 1112 1276 τὸ
1141 1237 1285 1276 κυκλίν
1314 1236 1388 1276 καί
1410 1233 1456 1276 τὸ
1485 1236 1531 1277 ἐν

92 1289 211 1347 αὕτῷ
235 1290 468 1345 εῧκτήριον,
501 1292 546 1332 ἐν
573 1284 609 1348 ᾧ
632 1290 800 1345 ἵδρυται
818 1313 879 1323 --·
895 1293 1000 1331 Nam
1029 1293 1084 1331 ibi
1101 1323 1112 1341 ‚
1143 1292 1214 1331 ubi
1231 1292 1391 1346 signum
1409 1292 1530 1331 Chri-

93 1347 147 1386 sti
163 1346 294 1387 stabat
307 1377 320 1399 ‚
349 1355 435 1386 erat
456 1349 676 1387 oratorium
706 1347 783 1387 sub
806 1347 958 1402 Cyclio.
1014 1348 1096 1387 Sed
1118 1348 1216 1402 quid
1237 1355 1296 1386 est
1317 1347 1530 1401 Cyclium?

93 1401 171 1443 Est
206 1402 328 1453 idem,
359 1402 469 1455 quod
505 1417 676 1442 camara.
732 1402 891 1442 Scilicet
929 1403 1125 1450 Tribuna‚
1170 1402 1236 1442 vel
1268 1403 1389 1442 Bema
1406 1433 1417 1450 ‚
1464 1402 1530 1442 vel

95 1455 241 1509 Apsis‚
267 1457 332 1497 vel
365 1458 540 1508 Exedra,
578 1461 699 1509 (nam
721 1458 828 1497 idem
857 1459 991 1497 omnia
1025 1460 1101 1497 ista
1138 1457 1315 1509 valent‚)
1357 1458 1531 1497 habebat

92 1517 176 1550 tres
203 1512 376 1551 conchas
390 1541 401 1559 ‚
446 1513 512 1552 vel
541 1513 692 1566 cyclia,
733 1513 912 1552 medium
926 1543 937 1559 ‚
987 1514 1062 1552 sub
1090 1527 1171 1566 quo
1211 1513 1337 1551 altare
1351 1542 1363 1562 ‚
1409 1513 1530 1565 idque

97 1567 264 1605 caeteris
296 1566 512 1618 excelsius3
554 1575 594 1606 et
622 1568 702 1606 duo
735 1567 813 1606 alia
842 1567 1018 1606 lateralia
1051 1567 1256 1620 aliquanto
1286 1566 1527 1614 humiliora,

100 1620 312 1671 columnis,
340 1629 386 1660 ut
413 1622 587 1669 videtur,
610 1636 635 1660 a
658 1622 798 1660 maiori
822 1621 949 1675 cyclio
984 1622 1185 1672 distincta,
1213 1637 1286 1675 per-
1307 1637 1411 1675 quae
1430 1621 1532 1661 late-

93 1675 194 1715 ralia
222 1675 349 1730 cyclia
375 1677 517 1716 intrari
541 1684 698 1730 poterat
731 1677 772 1715 in
803 1679 979 1730 porticus
1017 1678 1053 1716 N
1056 1678 1095 1716 ai
1126 1677 1308 1716 laterales
1326 1707 1337 1724 ‚
1387 1677 1543 1722 borea-2

91 1729 174 1769 lem
206 1738 246 1770 et
277 1731 518 1781 australem,
557 1732 808 1785 adeoque‘in
841 1734 1111 1771 metatorium.
1166 1732 1252 1770 Sub
1284 1731 1423 1772 iisdem
1450 1733 1530 1787 Cy-

92 1785 181 1825 eliis
210 1793 251 1825 et
275 1787 438 1839 quidem
461 1787 536 1826 sub
563 1788 721 1826 sinistro
737 1817 748 1836 ‚
787 1801 858 1827 seu
884 1786 1036 1827 boreali
1053 1817 1066 1840 ,
1094 1794 1179 1827 erat
1206 1789 1326 1826 etiam
1352 1788 1529 1827 diaconi-

89 1854 210 1890 cum,
241 1855 312 1880 seu
334 1842 684 1896 sceuophylacium
699 1873 711 1893 ‚
743 1842 806 1882 vel
826 1844 1019 1882 sacristia.
1073 1843 1128 1882 V.
1151 1843 1219 1881 Du
1241 1843 1375 1896 Gange
1394 1843 1523 1883 Gloss.

93 1895 169 1934 Gr.
197 1910 240 1935 v.
279 1894 542 1936 Διακονικόν.
598 1898 753 1950 Corrigi
780 1898 949 1950 proinde
977 1898 1098 1937 velim
1131 1912 1262 1936 meam
1289 1899 1528 1951 interpreta-

89 1951 242 1990 tionem
259 1965 351 2005 pag.
374 1953 468 1992 510.
499 1954 547 1992 Β.
570 1967 630 2007 9.,
658 1954 728 1992 ubi
750 1954 915 2004 ‹yclium
940 1954 1042 1992 verti
1067 1954 1275 1992 cochleam.
1332 1954 1412 1992 Sed
1435 1953 1531 1993 alte-

93 2019 186 2044 rum
203 2006 309 2045 istud
334 2007 502 2057 cycliwn
523 2009 662 2061 reponi
685 2008 832 2058 debet3
861 2009 1198 2061 quemadmodum
1227 2023 1269 2061 p.
1292 2007 1386 2047 328.
1406 2009 1462 2047 D.
1482 2009 1522 2050 5.

92 2058 280 2100 habetur.
341 2062 468 2116 Cyclii
491 2077 639 2102 nomen
665 2064 824 2102 dextrae
845 2078 1026 2102 camarae
1046 2063 1199 2102 laterali
1217 2063 1423 2102 Tribunae
1439 2078 1526 2117 pro-

91 2116 251 2168 prium,
278 2130 361 2156 non
395 2118 491 2156 item
509 2119 701 2158 'sinistrae
729 2133 939 2157 commune
970 2119 1087 2158 fuisse
1114 2126 1211 2172 puto
1225 2148 1237 2164 ‚
1272 2125 1319 2157 ut
1349 2118 1525 2157 conchae

92 2183 241 2210 nomen
266 2172 419 2210 mediae
456 2187 638 2212 camarae
651 2203 662 2222 ‚
703 2174 780 2213 sub
804 2188 886 2227 qua
913 2173 1108 2215 ciborium
1133 2174 1263 2213 stabat
1278 2203 1290 2223 ‚
1316 2178 1525 2226 proprium

87 2233 191 2276 erat3
211 2239 254 2265 v.
288 2227 355 2266 Du
383 2226 516 2281 Gange
544 2229 640 2268 CPli
667 2229 763 2268 Chr.
789 2231 867 2268 111.
901 2244 937 2268 c.
962 2228 1030 2268 50.
1060 2237 1101 2268 et
1125 2229 1175 2267 ad
1196 2228 1334 2268 Silent.
1360 2243 1402 2281 p.
1424 2227 1520 2267 565.

88 2287 188 2333 etp.
214 2280 327 2335 579„
355 2281 425 2320 uhi
449 2283 500 2321 de
509 2285 684 2337 prothesi
700 2285 803 2338 agit,
833 2298 935 2337 quae
961 2292 1018 2323 est
1044 2284 1195 2323 concha
1219 2284 1399 2330 sinistra,
1430 2297 1524 2322 cum
1567 2285 1575 2291 “

88 2348 159 2389 ara
175 2365 186 2383 ‚
218 2335 258 2374 in
289 2350 368 2389 qua
391 2338 574 2377 sacerdos
603 2346 643 2377 et
666 2340 934 2378 ministrantes
955 2347 1047 2378 ante
1078 2340 1240 2377 Missam
1268 2352 1331 2376 res
1362 2352 1522 2377 sacran-

90 2389 185 2438 das,
216 2405 378 2443 panem,
404 2392 543 2431 vinum
569 2401 610 2432 et
633 2394 710 2433 alia
732 2402 978 2448 proponunt⁷
1008 2402 1054 2433 ut
1075 2394 1117 2431 in
1146 2400 1308 2446 promtu
1328 2392 1517 2432 habeant.

90 2443 242 2484 Dextra
282 2445 433 2488 concha
468 2447 725 2488 Secmtarizmz
756 2464 916 2503 quoque
944 2457 983 2488 et
1010 2450 1266 2487 paratorium
1291 2447 1523 2502 appellaba-

88 2505 158 2538 tur
174 2530 187 2550 ,
214 2501 308 2554 quia
339 2501 392 2539 ibi
423 2509 492 2540 aut
522 2505 820 2556 apparabantur
849 2504 1052 2557 Liturgiae
1083 2503 1284 2542 faciendae
1303 2506 1522 2542 necessaria

89 2565 186 2593 vasa
214 2563 254 2594 et
281 2555 384 2606 alia3
426 2565 496 2596 aut
525 2559 634 2610 quod
661 2560 880 2598 sacerdotes
909 2559 965 2596 ibi
995 2565 1256 2612 pararentur,
1299 2558 1342 2597 id
1370 2566 1428 2598 est
1459 2560 1521 2597 in·

88 2607 258 2649 ducx-ent
285 2619 412 2650 vestes
436 2613 679 2664 pontificales
698 2644 710 2664 ‚
742 2622 781 2653 et
804 2613 966 2667 quidem
1001 2623 1165 2660 secreto,
1193 2613 1351 2653 nemine
1379 2614 1520 2653 viden·

87 2669 143 2701 te.
186 2664 255 2704 Ait
295 2666 399 2704 idem
439 2667 587 2706 ibidem
600 2697 612 2718 ‚
653 2671 895 2707 metatoriam
911 2698 922 2709 .
973 2667 1039 2707 vel
1074 2669 1205 2721 potius
1232 2671 1491 2708 mutatorium
1506 2697 1519 2717 ‚

90 2719 435 2773 sceuophylacium
451 2752 462 2772 ‚
505 2724 748 2775 paratorium
788 2730 828 2762 et
871 2724 1126 2763 secretarium
1165 2739 1292 2764 unum
1335 2724 1519 2778 idemque

91 2769 222 2812 fuisse.
281 2776 318 2814 V
322 2775 376 2814 id.
406 2777 456 2816 de
486 2779 694 2827 metator-io
718 2777 853 2832 paullo
880 2785 983 2831 post.
