<?xml version="1.0" encoding="UTF-8"?>
<!DOCTYPE html PUBLIC "-//W3C//DTD XHTML 1.0 Transitional//EN"
    "http://www.w3.org/TR/xhtml1/DTD/xhtml1-transitional.dtd">
<html xmlns="http://www.w3.org/1999/xhtml" xml:lang="en" lang="en">
 <head>
  <title>
</title>
<meta http-equiv="Content-Type" content="text/html;charset=utf-8" />
  <meta name='ocr-system' content='tesseract 3.04.00' />
  <meta name='ocr-capabilities' content='ocr_page ocr_carea ocr_par ocr_line ocrx_word'/>
</head>
<body>
  <div class='ocr_page' id='page_1' title='image "./corpusscriptorum08niebuoft/corpusscriptorum08niebuoft_0733.png"; bbox 0 0 1884 3132; ppageno 0'>
   <div class='ocr_carea' id='block_1_1' title="bbox 208 120 1570 198">
    <p class='ocr_par' dir='ltr' id='par_1_1' title="bbox 208 120 1570 198">
     <span class='ocr_line' id='line_1_1' title="bbox 208 120 1570 198; baseline -0.018 1"><span class='ocrx_word' id='word_1_1' title='bbox 208 155 283 198; x_wconf 75' lang='lat' dir='ltr'><strong>An</strong></span> <span class='ocrx_word' id='word_1_2' title='bbox 333 150 630 197; x_wconf 65' lang='lat' dir='ltr'><strong>cousrmr.</strong></span> <span class='ocrx_word' id='word_1_3' title='bbox 651 149 849 192; x_wconf 68' lang='lat' dir='ltr'><strong>romu.</strong></span> <span class='ocrx_word' id='word_1_4' title='bbox 886 148 960 188; x_wconf 79' lang='lat' dir='ltr'><strong>m:</strong></span> <span class='ocrx_word' id='word_1_5' title='bbox 994 143 1176 188; x_wconf 74' lang='lat' dir='ltr'><strong>cmm.</strong></span> <span class='ocrx_word' id='word_1_6' title='bbox 1216 141 1317 182; x_wconf 80' lang='lat' dir='ltr'><strong>mn.</strong></span> <span class='ocrx_word' id='word_1_7' title='bbox 1360 142 1413 181; x_wconf 88' lang='lat'><strong>11.</strong></span> <span class='ocrx_word' id='word_1_8' title='bbox 1458 120 1570 196; x_wconf 28' lang='lat'><strong>725·</strong></span> 
     </span>
    </p>
   </div>
   <div class='ocr_carea' id='block_1_2' title="bbox 117 243 1580 1351">
    <p class='ocr_par' dir='ltr' id='par_1_2' title="bbox 117 243 1578 956">
     <span class='ocr_line' id='line_1_2' title="bbox 135 243 1574 301; baseline -0.014 0"><span class='ocrx_word' id='word_1_9' title='bbox 135 260 368 301; x_wconf 84' lang='lat' dir='ltr'><strong>memoriam</strong></span> <span class='ocrx_word' id='word_1_10' title='bbox 405 263 444 297; x_wconf 88' lang='lat' dir='ltr'><strong>et</strong></span> <span class='ocrx_word' id='word_1_11' title='bbox 484 253 741 294; x_wconf 83' lang='lat' dir='ltr'><strong>simulacrum</strong></span> <span class='ocrx_word' id='word_1_12' title='bbox 788 250 978 290; x_wconf 81' lang='lat' dir='ltr'><strong>victoriae</strong></span> <span class='ocrx_word' id='word_1_13' title='bbox 1014 248 1064 288; x_wconf 85' lang='lat' dir='ltr'><strong>de</strong></span> <span class='ocrx_word' id='word_1_14' title='bbox 1106 245 1317 291; x_wconf 88' lang='lat' dir='ltr'><strong>Udalrico‚</strong></span> <span class='ocrx_word' id='word_1_15' title='bbox 1349 243 1574 298; x_wconf 86' lang='lat' dir='ltr'><strong>patriarcha</strong></span> 
     </span>
     <span class='ocr_line' id='line_1_3' title="bbox 117 299 1574 368; baseline -0.013 -12"><span class='ocrx_word' id='word_1_16' title='bbox 117 313 382 368; x_wconf 74' lang='lat' dir='ltr'>,Aquileiensi</span> <span class='ocrx_word' id='word_1_17' title='bbox 400 342 411 359; x_wconf 92' lang='lat'>,</span> <span class='ocrx_word' id='word_1_18' title='bbox 450 317 614 364; x_wconf 81' lang='lat' dir='ltr'><strong>partae,</strong></span> <span class='ocrx_word' id='word_1_19' title='bbox 652 322 731 362; x_wconf 86' lang='lat' dir='ltr'><strong>qua</strong></span> <span class='ocrx_word' id='word_1_20' title='bbox 757 307 839 360; x_wconf 86' lang='lat' dir='ltr'><strong>ipse</strong></span> <span class='ocrx_word' id='word_1_21' title='bbox 866 311 1004 358; x_wconf 88' lang='lat' dir='ltr'><strong>captus</strong></span> <span class='ocrx_word' id='word_1_22' title='bbox 1032 304 1106 342; x_wconf 83' lang='lat' dir='ltr'><strong>fuit</strong></span> <span class='ocrx_word' id='word_1_23' title='bbox 1133 315 1226 341; x_wconf 91' lang='lat' dir='ltr'><strong>cum</strong></span> <span class='ocrx_word' id='word_1_24' title='bbox 1252 299 1465 339; x_wconf 86' lang='lat' dir='ltr'><strong>duodecim</strong></span> <span class='ocrx_word' id='word_1_25' title='bbox 1492 301 1574 338; x_wconf 86' lang='lat' dir='ltr'><strong>suis</strong></span> 
     </span>
     <span class='ocr_line' id='line_1_4' title="bbox 138 353 1575 417; baseline -0.014 -7"><span class='ocrx_word' id='word_1_26' title='bbox 138 369 340 409; x_wconf 88' lang='lat' dir='ltr'><strong>canonicis</strong></span> <span class='ocrx_word' id='word_1_27' title='bbox 384 373 424 406; x_wconf 85' lang='lat' dir='ltr'><strong>et</strong></span> <span class='ocrx_word' id='word_1_28' title='bbox 461 365 646 417; x_wconf 85' lang='lat' dir='ltr'><strong>deinceps</strong></span> <span class='ocrx_word' id='word_1_29' title='bbox 691 362 875 400; x_wconf 83' lang='lat' dir='ltr'><strong>dimissus</strong></span> <span class='ocrx_word' id='word_1_30' title='bbox 915 373 963 398; x_wconf 89' lang='lat' dir='ltr'><strong>ea</strong></span> <span class='ocrx_word' id='word_1_31' title='bbox 1000 357 1116 412; x_wconf 87' lang='lat' dir='ltr'><strong>lege,</strong></span> <span class='ocrx_word' id='word_1_32' title='bbox 1158 363 1206 395; x_wconf 92' lang='lat' dir='ltr'><strong>ut</strong></span> <span class='ocrx_word' id='word_1_33' title='bbox 1231 353 1410 408; x_wconf 85' lang='lat' dir='ltr'><strong>singulos</strong></span> <span class='ocrx_word' id='word_1_34' title='bbox 1437 361 1575 393; x_wconf 76' lang='lat' dir='ltr'><strong>tauros</strong></span> 
     </span>
     <span class='ocr_line' id='line_1_5' title="bbox 139 409 1575 472; baseline -0.013 -8"><span class='ocrx_word' id='word_1_35' title='bbox 139 431 179 463; x_wconf 88' lang='lat' dir='ltr'><strong>et</strong></span> <span class='ocrx_word' id='word_1_36' title='bbox 206 423 411 463; x_wconf 88' lang='lat' dir='ltr'><strong>duodenos</strong></span> <span class='ocrx_word' id='word_1_37' title='bbox 450 432 591 472; x_wconf 88' lang='lat' dir='ltr'><strong>porcos</strong></span> <span class='ocrx_word' id='word_1_38' title='bbox 627 417 842 471; x_wconf 80' lang='lat' dir='ltr'><strong>quotannis</strong></span> <span class='ocrx_word' id='word_1_39' title='bbox 886 414 1076 452; x_wconf 87' lang='lat' dir='ltr'><strong>Venetias</strong></span> <span class='ocrx_word' id='word_1_40' title='bbox 1114 413 1288 450; x_wconf 88' lang='lat' dir='ltr'><strong>mitteret</strong></span> <span class='ocrx_word' id='word_1_41' title='bbox 1304 439 1315 455; x_wconf 84' lang='lat'>‚</span> <span class='ocrx_word' id='word_1_42' title='bbox 1358 410 1399 447; x_wconf 87' lang='lat' dir='ltr'><strong>in</strong></span> <span class='ocrx_word' id='word_1_43' title='bbox 1427 409 1575 462; x_wconf 74' lang='lat' dir='ltr'><strong>quibus</strong></span> 
     </span>
     <span class='ocr_line' id='line_1_6' title="bbox 139 464 1575 532; baseline -0.013 -13"><span class='ocrx_word' id='word_1_44' title='bbox 139 478 362 532; x_wconf 84' lang='lat' dir='ltr'><strong>exemplum</strong></span> <span class='ocrx_word' id='word_1_45' title='bbox 388 480 627 515; x_wconf 82' lang='lat' dir='ltr'><strong>statueretur</strong></span> <span class='ocrx_word' id='word_1_46' title='bbox 654 484 820 524; x_wconf 85' lang='lat' dir='ltr'><strong>poenae,</strong></span> <span class='ocrx_word' id='word_1_47' title='bbox 851 482 973 522; x_wconf 85' lang='lat' dir='ltr'><strong>quam</strong></span> <span class='ocrx_word' id='word_1_48' title='bbox 1006 464 1231 520; x_wconf 86' lang='lat' dir='ltr'><strong>patriarcha</strong></span> <span class='ocrx_word' id='word_1_49' title='bbox 1258 477 1354 503; x_wconf 90' lang='lat' dir='ltr'><strong>cum</strong></span> <span class='ocrx_word' id='word_1_50' title='bbox 1382 466 1463 503; x_wconf 89' lang='lat' dir='ltr'><strong>suis</strong></span> <span class='ocrx_word' id='word_1_51' title='bbox 1490 477 1575 502; x_wconf 87' lang='lat' dir='ltr'><strong>me-</strong></span> 
     </span>
     <span class='ocr_line' id='line_1_7' title="bbox 138 518 1574 579; baseline -0.012 -5"><span class='ocrx_word' id='word_1_52' title='bbox 138 535 296 574; x_wconf 88' lang='lat' dir='ltr'><strong>ruisset.</strong></span> <span class='ocrx_word' id='word_1_53' title='bbox 347 531 509 570; x_wconf 82' lang='lat' dir='ltr'><strong>Taurus</strong></span> <span class='ocrx_word' id='word_1_54' title='bbox 548 528 655 566; x_wconf 89' lang='lat' dir='ltr'><strong>enim</strong></span> <span class='ocrx_word' id='word_1_55' title='bbox 701 524 968 579; x_wconf 83' lang='lat' dir='ltr'><strong>patriarcham</strong></span> <span class='ocrx_word' id='word_1_56' title='bbox 1015 521 1186 560; x_wconf 88' lang='lat' dir='ltr'><strong>debebat</strong></span> <span class='ocrx_word' id='word_1_57' title='bbox 1213 518 1401 559; x_wconf 88' lang='lat' dir='ltr'><strong>simulare</strong></span> <span class='ocrx_word' id='word_1_58' title='bbox 1420 549 1430 565; x_wconf 88' lang='lat'>‚</span> <span class='ocrx_word' id='word_1_59' title='bbox 1462 520 1574 571; x_wconf 90' lang='lat' dir='ltr'><strong>porci</strong></span> 
     </span>
     <span class='ocr_line' id='line_1_8' title="bbox 139 573 1575 642; baseline -0.013 -14"><span class='ocrx_word' id='word_1_60' title='bbox 139 589 356 642; x_wconf 85' lang='lat' dir='ltr'><strong>episcopos.</strong></span> <span class='ocrx_word' id='word_1_61' title='bbox 413 585 626 623; x_wconf 86' lang='lat' dir='ltr'><strong>Praeterea</strong></span> <span class='ocrx_word' id='word_1_62' title='bbox 670 579 801 633; x_wconf 83' lang='lat' dir='ltr'><strong>lignea</strong></span> <span class='ocrx_word' id='word_1_63' title='bbox 825 577 1081 617; x_wconf 88' lang='lat' dir='ltr'><strong>castellorum</strong></span> <span class='ocrx_word' id='word_1_64' title='bbox 1107 574 1320 615; x_wconf 88' lang='lat' dir='ltr'><strong>simulacra</strong></span> <span class='ocrx_word' id='word_1_65' title='bbox 1347 573 1575 624; x_wconf 79' lang='lat' dir='ltr'><strong>confringe-</strong></span> 
     </span>
     <span class='ocr_line' id='line_1_9' title="bbox 138 627 1577 686; baseline -0.012 -4"><span class='ocrx_word' id='word_1_66' title='bbox 138 643 287 682; x_wconf 86' lang='lat' dir='ltr'><strong>bantur</strong></span> <span class='ocrx_word' id='word_1_67' title='bbox 308 643 351 680; x_wconf 84' lang='lat' dir='ltr'><strong>in</strong></span> <span class='ocrx_word' id='word_1_68' title='bbox 378 639 610 678; x_wconf 83' lang='lat' dir='ltr'><strong>memoriam</strong></span> <span class='ocrx_word' id='word_1_69' title='bbox 635 643 855 675; x_wconf 87' lang='lat' dir='ltr'><strong>castrorum</strong></span> <span class='ocrx_word' id='word_1_70' title='bbox 892 631 1140 686; x_wconf 85' lang='lat' dir='ltr'><strong>patriarchae</strong></span> <span class='ocrx_word' id='word_1_71' title='bbox 1155 630 1466 669; x_wconf 88' lang='lat' dir='ltr'><strong>destructorum.</strong></span> <span class='ocrx_word' id='word_1_72' title='bbox 1486 627 1577 667; x_wconf 90' lang='lat' dir='ltr'><strong>Vil-</strong></span> 
     </span>
     <span class='ocr_line' id='line_1_10' title="bbox 139 683 1576 746; baseline -0.011 -9"><span class='ocrx_word' id='word_1_73' title='bbox 139 697 255 737; x_wconf 82' lang='lat' dir='ltr'><strong>lanus</strong></span> <span class='ocrx_word' id='word_1_74' title='bbox 284 695 431 735; x_wconf 87' lang='lat' dir='ltr'><strong>ibidem</strong></span> <span class='ocrx_word' id='word_1_75' title='bbox 459 708 502 746; x_wconf 90' lang='lat' dir='ltr'><strong>p.</strong></span> <span class='ocrx_word' id='word_1_76' title='bbox 522 691 621 732; x_wconf 82' lang='lat'><strong>852.</strong></span> <span class='ocrx_word' id='word_1_77' title='bbox 666 690 716 728; x_wconf 92' lang='lat' dir='ltr'><strong>de</strong></span> <span class='ocrx_word' id='word_1_78' title='bbox 743 688 1014 732; x_wconf 83' lang='lat' dir='ltr'><strong>Florentinis,</strong></span> <span class='ocrx_word' id='word_1_79' title='bbox 1061 686 1130 740; x_wconf 92' lang='lat' dir='ltr'><strong>qui</strong></span> <span class='ocrx_word' id='word_1_80' title='bbox 1165 685 1336 724; x_wconf 87' lang='lat' dir='ltr'><strong>victores</strong></span> <span class='ocrx_word' id='word_1_81' title='bbox 1365 683 1576 722; x_wconf 85' lang='lat' dir='ltr'><strong>moenibus</strong></span> 
     </span>
     <span class='ocr_line' id='line_1_11' title="bbox 137 739 1577 796; baseline -0.011 -5"><span class='ocrx_word' id='word_1_82' title='bbox 137 752 349 791; x_wconf 81' lang='lat' dir='ltr'><strong>Arretinae</strong></span> <span class='ocrx_word' id='word_1_83' title='bbox 378 747 578 787; x_wconf 85' lang='lat' dir='ltr'><strong>instabant</strong></span> <span class='ocrx_word' id='word_1_84' title='bbox 592 775 604 796; x_wconf 86' lang='lat'><strong>‚</strong></span> <span class='ocrx_word' id='word_1_85' title='bbox 644 751 804 784; x_wconf 86' lang='lat' dir='ltr'><strong>narrat:</strong></span> <span class='ocrx_word' id='word_1_86' title='bbox 826 743 1015 795; x_wconf 64' lang='lat' dir='ltr'><strong>fieionvi</strong></span> <span class='ocrx_word' id='word_1_87' title='bbox 1045 755 1197 780; x_wconf 82' lang='lat' dir='ltr'><strong>correre</strong></span> <span class='ocrx_word' id='word_1_88' title='bbox 1230 741 1263 777; x_wconf 81' lang='lat' dir='ltr'><strong>il</strong></span> <span class='ocrx_word' id='word_1_89' title='bbox 1286 739 1401 793; x_wconf 85' lang='lat' dir='ltr'><strong>palio</strong></span> <span class='ocrx_word' id='word_1_90' title='bbox 1422 752 1500 792; x_wconf 87' lang='lat' dir='ltr'><strong>per</strong></span> <span class='ocrx_word' id='word_1_91' title='bbox 1533 739 1577 777; x_wconf 80' lang='lat' dir='ltr'><strong>la</strong></span> 
     </span>
     <span class='ocr_line' id='line_1_12' title="bbox 119 794 1578 860; baseline -0.011 -14"><span class='ocrx_word' id='word_1_92' title='bbox 119 809 236 860; x_wconf 72' lang='lat' dir='ltr'><strong>fisca</strong></span> <span class='ocrx_word' id='word_1_93' title='bbox 272 806 319 844; x_wconf 85' lang='lat' dir='ltr'><strong>di</strong></span> <span class='ocrx_word' id='word_1_94' title='bbox 353 804 438 842; x_wconf 83' lang='lat' dir='ltr'><strong>San</strong></span> <span class='ocrx_word' id='word_1_95' title='bbox 485 801 688 841; x_wconf 80' lang='lat' dir='ltr'><strong>Giovanni</strong></span> <span class='ocrx_word' id='word_1_96' title='bbox 699 829 711 847; x_wconf 79' lang='lat'>‚</span> <span class='ocrx_word' id='word_1_97' title='bbox 760 814 781 838; x_wconf 89' lang='grc' dir='ltr'><em>ε</em></span> <span class='ocrx_word' id='word_1_98' title='bbox 820 797 1048 837; x_wconf 75' lang='lat' dir='ltr'><strong>rizzaronvi</strong></span> <span class='ocrx_word' id='word_1_99' title='bbox 1080 797 1155 850; x_wconf 86' lang='grc' dir='ltr'><strong>ριίι</strong></span> <span class='ocrx_word' id='word_1_100' title='bbox 1178 794 1292 847; x_wconf 79' lang='lat' dir='ltr'><strong>difici</strong></span> <span class='ocrx_word' id='word_1_101' title='bbox 1304 823 1315 839; x_wconf 90' lang='lat'>‚</span> <span class='ocrx_word' id='word_1_102' title='bbox 1348 808 1371 831; x_wconf 88' lang='lat' dir='ltr'><strong>e</strong></span> <span class='ocrx_word' id='word_1_103' title='bbox 1409 807 1578 845; x_wconf 75' lang='lat' dir='ltr'><strong>manga-</strong></span> 
     </span>
     <span class='ocr_line' id='line_1_13' title="bbox 137 848 1577 906; baseline -0.01 -6"><span class='ocrx_word' id='word_1_104' title='bbox 137 861 291 900; x_wconf 82' lang='lat' dir='ltr'><strong>mnvisi</strong></span> <span class='ocrx_word' id='word_1_105' title='bbox 322 859 429 898; x_wconf 72' lang='lat' dir='ltr'><strong>asini</strong></span> <span class='ocrx_word' id='word_1_106' title='bbox 462 871 535 896; x_wconf 88' lang='lat' dir='ltr'><strong>con</strong></span> <span class='ocrx_word' id='word_1_107' title='bbox 567 856 610 895; x_wconf 89' lang='lat' dir='ltr'><strong>la</strong></span> <span class='ocrx_word' id='word_1_108' title='bbox 645 855 763 894; x_wconf 75' lang='lat' dir='ltr'><strong>mitra</strong></span> <span class='ocrx_word' id='word_1_109' title='bbox 806 854 850 892; x_wconf 85' lang='lat' dir='ltr'><strong>in</strong></span> <span class='ocrx_word' id='word_1_110' title='bbox 888 865 986 906; x_wconf 83' lang='lat' dir='ltr'><strong>capo</strong></span> <span class='ocrx_word' id='word_1_111' title='bbox 1022 863 1101 906; x_wconf 84' lang='lat' dir='ltr'><strong>per</strong></span> <span class='ocrx_word' id='word_1_112' title='bbox 1133 850 1366 906; x_wconf 85' lang='lat' dir='ltr'><strong>rimproccio</strong></span> <span class='ocrx_word' id='word_1_113' title='bbox 1392 848 1461 887; x_wconf 81' lang='lat' dir='ltr'><strong>del</strong></span> <span class='ocrx_word' id='word_1_114' title='bbox 1490 848 1577 887; x_wconf 87' lang='lat' dir='ltr'><strong>loro</strong></span> 
     </span>
     <span class='ocr_line' id='line_1_14' title="bbox 141 915 333 956; baseline -0.01 0"><span class='ocrx_word' id='word_1_115' title='bbox 141 915 333 956; x_wconf 81' lang='lat' dir='ltr'><strong>Vesoovo.</strong></span> 
     </span>
    </p>

    <p class='ocr_par' dir='ltr' id='par_1_3' title="bbox 138 955 1580 1351">
     <span class='ocr_line' id='line_1_15' title="bbox 247 955 1579 1016; baseline -0.011 -7"><span class='ocrx_word' id='word_1_116' title='bbox 247 969 302 1009; x_wconf 87' lang='lat' dir='ltr'><strong>A.</strong></span> <span class='ocrx_word' id='word_1_117' title='bbox 329 982 393 1008; x_wconf 86' lang='grc' dir='ltr'><strong>ιο.</strong></span> <span class='ocrx_word' id='word_1_118' title='bbox 416 966 527 1016; x_wconf 79' lang='grc'><strong>[610,</strong></span> <span class='ocrx_word' id='word_1_119' title='bbox 543 969 630 1012; x_wconf 84' lang='lat'><strong>22.]</strong></span> <span class='ocrx_word' id='word_1_120' title='bbox 655 960 708 1003; x_wconf 77' lang='grc' dir='ltr'><strong>τὰ</strong></span> <span class='ocrx_word' id='word_1_121' title='bbox 734 958 896 1003; x_wconf 78' lang='grc' dir='ltr'><strong><em>τούτων</em></strong></span> <span class='ocrx_word' id='word_1_122' title='bbox 923 956 1084 1012; x_wconf 76' lang='grc' dir='ltr'><strong>δόρατα</strong></span> <span class='ocrx_word' id='word_1_123' title='bbox 1109 955 1211 1010; x_wconf 77' lang='grc' dir='ltr'><strong>μετὰ</strong></span> <span class='ocrx_word' id='word_1_124' title='bbox 1246 957 1331 997; x_wconf 75' lang='grc' dir='ltr'><strong>τῶν</strong></span> <span class='ocrx_word' id='word_1_125' title='bbox 1359 957 1579 1011; x_wconf 77' lang='grc' dir='ltr'><em>φλαμούλ-</em></span> 
     </span>
     <span class='ocr_line' id='line_1_16' title="bbox 139 1011 1579 1074; baseline -0.011 -9"><span class='ocrx_word' id='word_1_126' title='bbox 139 1027 224 1065; x_wconf 81' lang='grc' dir='ltr'><strong>λων</strong></span> <span class='ocrx_word' id='word_1_127' title='bbox 239 1022 284 1072; x_wconf 76' lang='grc' dir='ltr'><strong>ἐξ</strong></span> <span class='ocrx_word' id='word_1_128' title='bbox 301 1019 582 1074; x_wconf 71' lang='grc' dir='ltr'><strong><em>ἀντιστρόφου</em></strong></span> <span class='ocrx_word' id='word_1_129' title='bbox 600 1018 806 1059; x_wconf 73' lang='grc' dir='ltr'><strong><em>τιθέασιν.</em></strong></span> <span class='ocrx_word' id='word_1_130' title='bbox 837 1017 1015 1056; x_wconf 83' lang='lat' dir='ltr'><strong>Inversio</strong></span> <span class='ocrx_word' id='word_1_131' title='bbox 1031 1029 1235 1054; x_wconf 88' lang='lat' dir='ltr'><strong>armorum</strong></span> <span class='ocrx_word' id='word_1_132' title='bbox 1252 1021 1291 1052; x_wconf 92' lang='lat' dir='ltr'><strong>et</strong></span> <span class='ocrx_word' id='word_1_133' title='bbox 1308 1011 1579 1051; x_wconf 88' lang='lat' dir='ltr'><strong>ssamullorum</strong></span> 
     </span>
     <span class='ocr_line' id='line_1_17' title="bbox 140 1067 1579 1127; baseline -0.009 -9"><span class='ocrx_word' id='word_1_134' title='bbox 140 1093 209 1118; x_wconf 86' lang='lat' dir='ltr'><strong>seu</strong></span> <span class='ocrx_word' id='word_1_135' title='bbox 220 1077 480 1125; x_wconf 70' lang='lat' dir='ltr'><strong>(labellorum,</strong></span> <span class='ocrx_word' id='word_1_136' title='bbox 503 1075 544 1114; x_wconf 89' lang='lat' dir='ltr'><strong>id</strong></span> <span class='ocrx_word' id='word_1_137' title='bbox 561 1082 619 1114; x_wconf 89' lang='lat' dir='ltr'><strong>est</strong></span> <span class='ocrx_word' id='word_1_138' title='bbox 635 1076 854 1127; x_wconf 85' lang='lat' dir='ltr'><strong>signorum,</strong></span> <span class='ocrx_word' id='word_1_139' title='bbox 873 1071 1119 1124; x_wconf 83' lang='lat' dir='ltr'><strong>significabat</strong></span> <span class='ocrx_word' id='word_1_140' title='bbox 1133 1070 1279 1123; x_wconf 87' lang='lat' dir='ltr'><strong>partim</strong></span> <span class='ocrx_word' id='word_1_141' title='bbox 1293 1067 1579 1122; x_wconf 83' lang='lat' dir='ltr'><strong>professionem</strong></span> 
     </span>
     <span class='ocr_line' id='line_1_18' title="bbox 142 1122 1578 1187; baseline -0.01 -14"><span class='ocrx_word' id='word_1_142' title='bbox 142 1141 183 1175; x_wconf 85' lang='lat' dir='ltr'><strong>et</strong></span> <span class='ocrx_word' id='word_1_143' title='bbox 210 1134 451 1187; x_wconf 86' lang='lat' dir='ltr'><strong>agnitionem</strong></span> <span class='ocrx_word' id='word_1_144' title='bbox 469 1131 684 1183; x_wconf 89' lang='lat' dir='ltr'><strong>superioris</strong></span> <span class='ocrx_word' id='word_1_145' title='bbox 707 1129 801 1167; x_wconf 91' lang='lat' dir='ltr'><strong>novi</strong></span> <span class='ocrx_word' id='word_1_146' title='bbox 824 1127 991 1176; x_wconf 88' lang='lat' dir='ltr'><strong>domini,</strong></span> <span class='ocrx_word' id='word_1_147' title='bbox 1021 1127 1085 1164; x_wconf 91' lang='lat' dir='ltr'><strong>cui</strong></span> <span class='ocrx_word' id='word_1_148' title='bbox 1105 1124 1229 1163; x_wconf 88' lang='lat' dir='ltr'><strong>veluti</strong></span> <span class='ocrx_word' id='word_1_149' title='bbox 1250 1125 1291 1162; x_wconf 88' lang='lat' dir='ltr'><strong>in</strong></span> <span class='ocrx_word' id='word_1_150' title='bbox 1309 1122 1578 1162; x_wconf 80' lang='lat' dir='ltr'><strong>obedientiam</strong></span> 
     </span>
     <span class='ocr_line' id='line_1_19' title="bbox 138 1178 1579 1238; baseline -0.009 -11"><span class='ocrx_word' id='word_1_151' title='bbox 138 1188 208 1227; x_wconf 89' lang='lat' dir='ltr'><strong>illa</strong></span> <span class='ocrx_word' id='word_1_152' title='bbox 222 1187 528 1235; x_wconf 88' lang='lat' dir='ltr'><strong>inclinabantur,</strong></span> <span class='ocrx_word' id='word_1_153' title='bbox 542 1185 685 1238; x_wconf 89' lang='lat' dir='ltr'><strong>partim</strong></span> <span class='ocrx_word' id='word_1_154' title='bbox 700 1182 1020 1236; x_wconf 81' lang='lat' dir='ltr'><strong>degradationem</strong></span> <span class='ocrx_word' id='word_1_155' title='bbox 1040 1181 1184 1220; x_wconf 85' lang='lat' dir='ltr'><strong>veteris</strong></span> <span class='ocrx_word' id='word_1_156' title='bbox 1205 1178 1356 1217; x_wconf 84' lang='lat' dir='ltr'><strong>domini</strong></span> <span class='ocrx_word' id='word_1_157' title='bbox 1379 1184 1420 1216; x_wconf 87' lang='lat' dir='ltr'><strong>et</strong></span> <span class='ocrx_word' id='word_1_158' title='bbox 1438 1178 1579 1215; x_wconf 88' lang='lat' dir='ltr'><strong>rescis-</strong></span> 
     </span>
     <span class='ocr_line' id='line_1_20' title="bbox 142 1232 1580 1292; baseline -0.009 -10"><span class='ocrx_word' id='word_1_159' title='bbox 142 1244 294 1282; x_wconf 87' lang='lat' dir='ltr'><strong>sionem</strong></span> <span class='ocrx_word' id='word_1_160' title='bbox 310 1240 545 1281; x_wconf 87' lang='lat' dir='ltr'><strong>sacramenti</strong></span> <span class='ocrx_word' id='word_1_161' title='bbox 565 1240 636 1292; x_wconf 88' lang='lat' dir='ltr'><strong>ipsi</strong></span> <span class='ocrx_word' id='word_1_162' title='bbox 665 1238 760 1277; x_wconf 89' lang='lat' dir='ltr'><strong>olim</strong></span> <span class='ocrx_word' id='word_1_163' title='bbox 775 1238 967 1289; x_wconf 88' lang='lat' dir='ltr'><strong>praestiti.</strong></span> <span class='ocrx_word' id='word_1_164' title='bbox 1006 1235 1066 1274; x_wconf 90' lang='lat' dir='ltr'><strong>Ita</strong></span> <span class='ocrx_word' id='word_1_165' title='bbox 1084 1235 1179 1274; x_wconf 90' lang='lat' dir='ltr'><strong>olim</strong></span> <span class='ocrx_word' id='word_1_166' title='bbox 1205 1240 1295 1287; x_wconf 85' lang='lat' dir='ltr'><strong>post</strong></span> <span class='ocrx_word' id='word_1_167' title='bbox 1310 1239 1483 1271; x_wconf 88' lang='lat' dir='ltr'><strong>mortem</strong></span> <span class='ocrx_word' id='word_1_168' title='bbox 1499 1232 1580 1270; x_wconf 88' lang='lat' dir='ltr'><strong>Au-</strong></span> 
     </span>
     <span class='ocr_line' id='line_1_21' title="bbox 142 1286 1580 1351; baseline -0.01 -14"><span class='ocrx_word' id='word_1_169' title='bbox 142 1299 247 1351; x_wconf 77' lang='lat' dir='ltr'><strong>gusti</strong></span> <span class='ocrx_word' id='word_1_170' title='bbox 266 1299 308 1336; x_wconf 90' lang='lat' dir='ltr'><strong>in</strong></span> <span class='ocrx_word' id='word_1_171' title='bbox 331 1298 426 1335; x_wconf 91' lang='lat' dir='ltr'><strong>novi</strong></span> <span class='ocrx_word' id='word_1_172' title='bbox 449 1295 750 1348; x_wconf 82' lang='lat' dir='ltr'><strong>inauguratione</strong></span> <span class='ocrx_word' id='word_1_173' title='bbox 776 1291 1079 1330; x_wconf 85' lang='lat' dir='ltr'><strong>invertebantur</strong></span> <span class='ocrx_word' id='word_1_174' title='bbox 1099 1297 1137 1328; x_wconf 90' lang='lat' dir='ltr'><strong>ct</strong></span> <span class='ocrx_word' id='word_1_175' title='bbox 1161 1287 1442 1327; x_wconf 85' lang='lat' dir='ltr'><strong>sternebantur</strong></span> <span class='ocrx_word' id='word_1_176' title='bbox 1467 1286 1580 1324; x_wconf 91' lang='lat' dir='ltr'><strong>humi</strong></span> 
     </span>
    </p>
   </div>
   <div class='ocr_carea' id='block_1_3' title="bbox 143 1342 1596 2771">
    <p class='ocr_par' dir='ltr' id='par_1_4' title="bbox 143 1342 1584 2060">
     <span class='ocr_line' id='line_1_22' title="bbox 143 1342 1582 1405; baseline -0.009 -14"><span class='ocrx_word' id='word_1_177' title='bbox 143 1366 256 1405; x_wconf 80' lang='lat' dir='ltr'><strong>signa</strong></span> <span class='ocrx_word' id='word_1_178' title='bbox 270 1359 310 1390; x_wconf 92' lang='lat' dir='ltr'><strong>et</strong></span> <span class='ocrx_word' id='word_1_179' title='bbox 323 1351 472 1395; x_wconf 80' lang='lat' dir='ltr'><strong>hastae,</strong></span> <span class='ocrx_word' id='word_1_180' title='bbox 494 1349 620 1387; x_wconf 89' lang='lat' dir='ltr'><strong>donee</strong></span> <span class='ocrx_word' id='word_1_181' title='bbox 637 1361 743 1386; x_wconf 86' lang='lat' dir='ltr'><strong>novo</strong></span> <span class='ocrx_word' id='word_1_182' title='bbox 758 1348 984 1385; x_wconf 88' lang='lat' dir='ltr'><strong>renuntiato</strong></span> <span class='ocrx_word' id='word_1_183' title='bbox 1003 1358 1141 1383; x_wconf 87' lang='lat' dir='ltr'><strong>rursus</strong></span> <span class='ocrx_word' id='word_1_184' title='bbox 1157 1345 1419 1395; x_wconf 84' lang='lat' dir='ltr'><strong>erigerentur.</strong></span> <span class='ocrx_word' id='word_1_185' title='bbox 1450 1342 1582 1379; x_wconf 86' lang='lat' dir='ltr'><strong>Inver-</strong></span> 
     </span>
     <span class='ocr_line' id='line_1_23' title="bbox 143 1396 1582 1458; baseline -0.009 -12"><span class='ocrx_word' id='word_1_186' title='bbox 143 1407 255 1446; x_wconf 87' lang='lat' dir='ltr'><strong>sione</strong></span> <span class='ocrx_word' id='word_1_187' title='bbox 270 1405 340 1447; x_wconf 86' lang='lat' dir='ltr'><strong>illa</strong></span> <span class='ocrx_word' id='word_1_188' title='bbox 356 1403 645 1458; x_wconf 88' lang='lat' dir='ltr'><strong>profitebantur</strong></span> <span class='ocrx_word' id='word_1_189' title='bbox 663 1401 822 1450; x_wconf 88' lang='lat' dir='ltr'><strong>milites,</strong></span> <span class='ocrx_word' id='word_1_190' title='bbox 843 1402 1126 1454; x_wconf 86' lang='lat' dir='ltr'><strong>Imperatorem</strong></span> <span class='ocrx_word' id='word_1_191' title='bbox 1142 1412 1186 1436; x_wconf 89' lang='lat' dir='ltr'><strong>se</strong></span> <span class='ocrx_word' id='word_1_192' title='bbox 1202 1411 1283 1435; x_wconf 87' lang='lat' dir='ltr'><strong>nou</strong></span> <span class='ocrx_word' id='word_1_193' title='bbox 1295 1396 1445 1435; x_wconf 80' lang='lat' dir='ltr'><strong>habere</strong></span> <span class='ocrx_word' id='word_1_194' title='bbox 1459 1410 1471 1434; x_wconf 75' lang='grc' dir='ltr'><em>τ</em></span> <span class='ocrx_word' id='word_1_195' title='bbox 1502 1409 1582 1434; x_wconf 84' lang='lat' dir='ltr'><strong>ere·</strong></span> 
     </span>
     <span class='ocr_line' id='line_1_24' title="bbox 143 1450 1584 1500; baseline -0.009 0"><span class='ocrx_word' id='word_1_196' title='bbox 143 1462 275 1500; x_wconf 84' lang='lat' dir='ltr'><strong>ctione</strong></span> <span class='ocrx_word' id='word_1_197' title='bbox 293 1467 426 1499; x_wconf 86' lang='lat' dir='ltr'><strong>autem</strong></span> <span class='ocrx_word' id='word_1_198' title='bbox 446 1459 694 1498; x_wconf 49' lang='lat' dir='ltr'><strong>testabantur</strong></span> <span class='ocrx_word' id='word_1_199' title='bbox 710 1470 846 1495; x_wconf 89' lang='lat' dir='ltr'><strong>recens</strong></span> <span class='ocrx_word' id='word_1_200' title='bbox 859 1455 983 1494; x_wconf 90' lang='lat' dir='ltr'><strong>electo</strong></span> <span class='ocrx_word' id='word_1_201' title='bbox 1004 1459 1295 1493; x_wconf 87' lang='lat' dir='ltr'><strong>sacramentum</strong></span> <span class='ocrx_word' id='word_1_202' title='bbox 1314 1465 1355 1489; x_wconf 90' lang='lat' dir='ltr'><strong>se</strong></span> <span class='ocrx_word' id='word_1_203' title='bbox 1372 1450 1503 1489; x_wconf 86' lang='lat' dir='ltr'><strong>dicere</strong></span> <span class='ocrx_word' id='word_1_204' title='bbox 1520 1450 1584 1488; x_wconf 82' lang='lat' dir='ltr'><strong>de·</strong></span> 
     </span>
     <span class='ocr_line' id='line_1_25' title="bbox 143 1505 1583 1569; baseline -0.01 -14"><span class='ocrx_word' id='word_1_205' title='bbox 143 1516 326 1569; x_wconf 83' lang='lat' dir='ltr'><strong>bitosque</strong></span> <span class='ocrx_word' id='word_1_206' title='bbox 345 1515 517 1553; x_wconf 88' lang='lat' dir='ltr'><strong>honores</strong></span> <span class='ocrx_word' id='word_1_207' title='bbox 540 1512 737 1551; x_wconf 88' lang='lat' dir='ltr'><strong>exhibere.</strong></span> <span class='ocrx_word' id='word_1_208' title='bbox 762 1511 917 1550; x_wconf 86' lang='lat' dir='ltr'><strong>Pariter</strong></span> <span class='ocrx_word' id='word_1_209' title='bbox 930 1511 974 1548; x_wconf 91' lang='lat' dir='ltr'><strong>in</strong></span> <span class='ocrx_word' id='word_1_210' title='bbox 989 1523 1033 1547; x_wconf 89' lang='lat' dir='ltr'><strong>re</strong></span> <span class='ocrx_word' id='word_1_211' title='bbox 1047 1508 1244 1561; x_wconf 87' lang='lat' dir='ltr'><strong>praesenti</strong></span> <span class='ocrx_word' id='word_1_212' title='bbox 1257 1505 1583 1544; x_wconf 84' lang='lat' dir='ltr'><strong>Saracenieorum</strong></span> 
     </span>
     <span class='ocr_line' id='line_1_26' title="bbox 145 1559 1583 1624; baseline -0.009 -14"><span class='ocrx_word' id='word_1_213' title='bbox 145 1572 349 1624; x_wconf 87' lang='lat' dir='ltr'><strong>signorum</strong></span> <span class='ocrx_word' id='word_1_214' title='bbox 375 1576 415 1608; x_wconf 89' lang='lat' dir='ltr'><strong>et</strong></span> <span class='ocrx_word' id='word_1_215' title='bbox 442 1567 650 1607; x_wconf 88' lang='lat' dir='ltr'><strong>hastarum</strong></span> <span class='ocrx_word' id='word_1_216' title='bbox 678 1567 902 1605; x_wconf 81' lang='lat' dir='ltr'><strong>inversione</strong></span> <span class='ocrx_word' id='word_1_217' title='bbox 941 1562 1261 1617; x_wconf 83' lang='lat' dir='ltr'><strong>significabatur,</strong></span> <span class='ocrx_word' id='word_1_218' title='bbox 1289 1561 1506 1598; x_wconf 88' lang='lat' dir='ltr'><strong>Saracenos</strong></span> <span class='ocrx_word' id='word_1_219' title='bbox 1530 1559 1583 1597; x_wconf 91' lang='lat' dir='ltr'><strong>ab</strong></span> 
     </span>
     <span class='ocr_line' id='line_1_27' title="bbox 145 1615 1582 1670; baseline -0.009 -6"><span class='ocrx_word' id='word_1_220' title='bbox 145 1624 254 1665; x_wconf 86' lang='lat' dir='ltr'><strong>illius</strong></span> <span class='ocrx_word' id='word_1_221' title='bbox 284 1624 460 1664; x_wconf 90' lang='lat' dir='ltr'><strong>dominio</strong></span> <span class='ocrx_word' id='word_1_222' title='bbox 487 1623 637 1662; x_wconf 87' lang='lat' dir='ltr'><strong>solutos</strong></span> <span class='ocrx_word' id='word_1_223' title='bbox 665 1635 771 1670; x_wconf 88' lang='lat' dir='ltr'><strong>esse,</strong></span> <span class='ocrx_word' id='word_1_224' title='bbox 801 1623 866 1659; x_wconf 88' lang='lat' dir='ltr'><strong>cui</strong></span> <span class='ocrx_word' id='word_1_225' title='bbox 893 1619 989 1658; x_wconf 89' lang='lat' dir='ltr'><strong>olim</strong></span> <span class='ocrx_word' id='word_1_226' title='bbox 1017 1618 1068 1657; x_wconf 88' lang='lat' dir='ltr'><strong>ad</strong></span> <span class='ocrx_word' id='word_1_227' title='bbox 1099 1620 1170 1656; x_wconf 90' lang='lat' dir='ltr'><strong>ista</strong></span> <span class='ocrx_word' id='word_1_228' title='bbox 1198 1617 1309 1668; x_wconf 83' lang='lat' dir='ltr'><strong>signa</strong></span> <span class='ocrx_word' id='word_1_229' title='bbox 1337 1615 1456 1654; x_wconf 85' lang='lat' dir='ltr'><strong>fidem</strong></span> <span class='ocrx_word' id='word_1_230' title='bbox 1483 1627 1582 1652; x_wconf 87' lang='lat' dir='ltr'><strong>con-</strong></span> 
     </span>
     <span class='ocr_line' id='line_1_28' title="bbox 146 1670 1581 1725; baseline -0.008 -5"><span class='ocrx_word' id='word_1_231' title='bbox 146 1680 340 1720; x_wconf 86' lang='lat' dir='ltr'><strong>dixerint:</strong></span> <span class='ocrx_word' id='word_1_232' title='bbox 373 1680 570 1718; x_wconf 84' lang='lat' dir='ltr'><strong>erectione</strong></span> <span class='ocrx_word' id='word_1_233' title='bbox 598 1684 733 1716; x_wconf 87' lang='lat' dir='ltr'><strong>antem</strong></span> <span class='ocrx_word' id='word_1_234' title='bbox 762 1689 827 1714; x_wconf 91' lang='lat' dir='ltr'><strong>eos</strong></span> <span class='ocrx_word' id='word_1_235' title='bbox 853 1675 905 1714; x_wconf 90' lang='lat' dir='ltr'><strong>ad</strong></span> <span class='ocrx_word' id='word_1_236' title='bbox 933 1674 1075 1712; x_wconf 89' lang='lat' dir='ltr'><strong>Graeci</strong></span> <span class='ocrx_word' id='word_1_237' title='bbox 1103 1671 1379 1725; x_wconf 79' lang='lat' dir='ltr'><strong>Imperatoris,</strong></span> <span class='ocrx_word' id='word_1_238' title='bbox 1418 1670 1581 1708; x_wconf 89' lang='lat' dir='ltr'><strong>victoris</strong></span> 
     </span>
     <span class='ocr_line' id='line_1_29' title="bbox 145 1726 1582 1784; baseline -0.009 -10"><span class='ocrx_word' id='word_1_239' title='bbox 145 1736 236 1782; x_wconf 84' lang='lat' dir='ltr'><strong>sui,</strong></span> <span class='ocrx_word' id='word_1_240' title='bbox 266 1734 490 1773; x_wconf 88' lang='lat' dir='ltr'><strong>dominium</strong></span> <span class='ocrx_word' id='word_1_241' title='bbox 531 1732 701 1771; x_wconf 88' lang='lat' dir='ltr'><strong>transire</strong></span> <span class='ocrx_word' id='word_1_242' title='bbox 743 1732 857 1784; x_wconf 89' lang='lat' dir='ltr'><strong>eique</strong></span> <span class='ocrx_word' id='word_1_243' title='bbox 884 1735 1176 1768; x_wconf 89' lang='lat' dir='ltr'><strong>sacramentum</strong></span> <span class='ocrx_word' id='word_1_244' title='bbox 1214 1726 1345 1764; x_wconf 85' lang='lat' dir='ltr'><strong>dicere</strong></span> <span class='ocrx_word' id='word_1_245' title='bbox 1375 1732 1415 1762; x_wconf 91' lang='lat' dir='ltr'><strong>et</strong></span> <span class='ocrx_word' id='word_1_246' title='bbox 1441 1737 1582 1776; x_wconf 89' lang='lat' dir='ltr'><strong>parere</strong></span> 
     </span>
     <span class='ocr_line' id='line_1_30' title="bbox 146 1780 1581 1841; baseline -0.009 -13"><span class='ocrx_word' id='word_1_247' title='bbox 146 1789 266 1828; x_wconf 88' lang='lat' dir='ltr'><strong>velle.</strong></span> <span class='ocrx_word' id='word_1_248' title='bbox 325 1787 447 1841; x_wconf 86' lang='lat' dir='ltr'><strong>Apud</strong></span> <span class='ocrx_word' id='word_1_249' title='bbox 476 1789 638 1826; x_wconf 89' lang='lat' dir='ltr'><strong>Latinos</strong></span> <span class='ocrx_word' id='word_1_250' title='bbox 668 1799 827 1839; x_wconf 88' lang='lat' dir='ltr'><strong>quoque</strong></span> <span class='ocrx_word' id='word_1_251' title='bbox 855 1784 986 1824; x_wconf 89' lang='lat' dir='ltr'><strong>medio</strong></span> <span class='ocrx_word' id='word_1_252' title='bbox 1003 1797 1102 1822; x_wconf 89' lang='lat' dir='ltr'><strong>aevo</strong></span> <span class='ocrx_word' id='word_1_253' title='bbox 1126 1783 1168 1821; x_wconf 89' lang='lat' dir='ltr'><strong>in</strong></span> <span class='ocrx_word' id='word_1_254' title='bbox 1195 1780 1478 1834; x_wconf 84' lang='lat' dir='ltr'><strong>degradatione</strong></span> <span class='ocrx_word' id='word_1_255' title='bbox 1506 1791 1581 1816; x_wconf 92' lang='lat' dir='ltr'><strong>no-</strong></span> 
     </span>
     <span class='ocr_line' id='line_1_31' title="bbox 146 1833 1583 1883; baseline -0.009 0"><span class='ocrx_word' id='word_1_256' title='bbox 146 1843 291 1883; x_wconf 89' lang='lat' dir='ltr'><strong>bilium</strong></span> <span class='ocrx_word' id='word_1_257' title='bbox 330 1843 496 1882; x_wconf 86' lang='lat' dir='ltr'><strong>feloniae</strong></span> <span class='ocrx_word' id='word_1_258' title='bbox 541 1842 822 1880; x_wconf 86' lang='lat' dir='ltr'><strong>damnatorum</strong></span> <span class='ocrx_word' id='word_1_259' title='bbox 881 1853 963 1879; x_wconf 86' lang='lat' dir='ltr'><strong>non</strong></span> <span class='ocrx_word' id='word_1_260' title='bbox 1010 1845 1167 1877; x_wconf 89' lang='lat' dir='ltr'><strong>tantum</strong></span> <span class='ocrx_word' id='word_1_261' title='bbox 1204 1836 1311 1874; x_wconf 90' lang='lat' dir='ltr'><strong>bona</strong></span> <span class='ocrx_word' id='word_1_262' title='bbox 1331 1841 1387 1875; x_wconf 70' lang='lat' dir='ltr'><strong>,et</strong></span> <span class='ocrx_word' id='word_1_263' title='bbox 1421 1833 1583 1872; x_wconf 89' lang='lat' dir='ltr'><strong>libertas</strong></span> 
     </span>
     <span class='ocr_line' id='line_1_32' title="bbox 149 1888 1583 1951; baseline -0.008 -14"><span class='ocrx_word' id='word_1_264' title='bbox 149 1899 245 1951; x_wconf 89' lang='lat' dir='ltr'><strong>ipsis</strong></span> <span class='ocrx_word' id='word_1_265' title='bbox 273 1897 487 1950; x_wconf 88' lang='lat' dir='ltr'><strong>liberisque</strong></span> <span class='ocrx_word' id='word_1_266' title='bbox 514 1896 814 1945; x_wconf 82' lang='lat' dir='ltr'><strong>adimebantur,</strong></span> <span class='ocrx_word' id='word_1_267' title='bbox 853 1894 923 1934; x_wconf 86' lang='lat' dir='ltr'><strong>sed</strong></span> <span class='ocrx_word' id='word_1_268' title='bbox 955 1893 1075 1932; x_wconf 84' lang='lat' dir='ltr'><strong>etiam</strong></span> <span class='ocrx_word' id='word_1_269' title='bbox 1104 1894 1146 1931; x_wconf 92' lang='lat' dir='ltr'><strong>in</strong></span> <span class='ocrx_word' id='word_1_270' title='bbox 1184 1893 1269 1930; x_wconf 81' lang='lat' dir='ltr'><strong>eius</strong></span> <span class='ocrx_word' id='word_1_271' title='bbox 1298 1891 1355 1929; x_wconf 88' lang='lat' dir='ltr'><strong>rei</strong></span> <span class='ocrx_word' id='word_1_272' title='bbox 1382 1888 1583 1941; x_wconf 83' lang='lat' dir='ltr'><strong>significa-</strong></span> 
     </span>
     <span class='ocr_line' id='line_1_33' title="bbox 147 1948 1584 2006; baseline -0.007 -16"><span class='ocrx_word' id='word_1_273' title='bbox 147 1955 298 1992; x_wconf 87' lang='lat' dir='ltr'><strong>tionem</strong></span> <span class='ocrx_word' id='word_1_274' title='bbox 328 1966 437 1991; x_wconf 91' lang='lat' dir='ltr'><strong>arma</strong></span> <span class='ocrx_word' id='word_1_275' title='bbox 481 1952 729 2006; x_wconf 82' lang='lat' dir='ltr'><strong>proditorum</strong></span> <span class='ocrx_word' id='word_1_276' title='bbox 756 1949 916 2004; x_wconf 87' lang='lat' dir='ltr'><strong>publice</strong></span> <span class='ocrx_word' id='word_1_277' title='bbox 958 1948 1259 1988; x_wconf 86' lang='lat' dir='ltr'><strong>invertebantur</strong></span> <span class='ocrx_word' id='word_1_278' title='bbox 1296 1958 1366 1983; x_wconf 87' lang='lat' dir='ltr'><strong>seu</strong></span> <span class='ocrx_word' id='word_1_279' title='bbox 1404 1956 1584 1982; x_wconf 87' lang='lat' dir='ltr'><strong>reversa-</strong></span> 
     </span>
     <span class='ocr_line' id='line_1_34' title="bbox 147 2006 1103 2060; baseline -0.005 -14"><span class='ocrx_word' id='word_1_280' title='bbox 147 2007 319 2059; x_wconf 79' lang='lat' dir='ltr'><strong>bantur3</strong></span> <span class='ocrx_word' id='word_1_281' title='bbox 347 2021 390 2047; x_wconf 89' lang='lat' dir='ltr'><strong>v.</strong></span> <span class='ocrx_word' id='word_1_282' title='bbox 415 2007 482 2051; x_wconf 79' lang='lat' dir='ltr'><strong>Du</strong></span> <span class='ocrx_word' id='word_1_283' title='bbox 509 2007 641 2060; x_wconf 86' lang='lat' dir='ltr'><strong>Cange</strong></span> <span class='ocrx_word' id='word_1_284' title='bbox 671 2021 711 2046; x_wconf 91' lang='lat' dir='ltr'><strong>v.</strong></span> <span class='ocrx_word' id='word_1_285' title='bbox 740 2006 868 2044; x_wconf 84' lang='lat' dir='ltr'><strong>Arma</strong></span> <span class='ocrx_word' id='word_1_286' title='bbox 891 2013 1103 2043; x_wconf 76' lang='lat' dir='ltr'><strong>reversata.</strong></span> 
     </span>
    </p>

    <p class='ocr_par' dir='ltr' id='par_1_5' title="bbox 149 2048 1596 2771">
     <span class='ocr_line' id='line_1_35' title="bbox 259 2048 1584 2116; baseline -0.01 -15"><span class='ocrx_word' id='word_1_287' title='bbox 259 2061 308 2101; x_wconf 89' lang='lat' dir='ltr'><strong>B.</strong></span> <span class='ocrx_word' id='word_1_288' title='bbox 329 2075 368 2100; x_wconf 80' lang='lat'><strong>2.</strong></span> <span class='ocrx_word' id='word_1_289' title='bbox 400 2061 511 2115; x_wconf 84' lang='lat'>[611,</span> <span class='ocrx_word' id='word_1_290' title='bbox 534 2061 601 2116; x_wconf 88' lang='lat'><strong>6.]</strong></span> <span class='ocrx_word' id='word_1_291' title='bbox 645 2057 867 2113; x_wconf 71' lang='grc' dir='ltr'><strong>κράζοντας</strong></span> <span class='ocrx_word' id='word_1_292' title='bbox 892 2059 970 2098; x_wconf 73' lang='grc' dir='ltr'><strong>τοῦ</strong></span> <span class='ocrx_word' id='word_1_293' title='bbox 994 2057 1101 2097; x_wconf 79' lang='grc' dir='ltr'><em>λαοῦ</em></span> <span class='ocrx_word' id='word_1_294' title='bbox 1137 2053 1194 2106; x_wconf 86' lang='grc' dir='ltr'><strong>μ’.</strong></span> <span class='ocrx_word' id='word_1_295' title='bbox 1258 2052 1478 2105; x_wconf 86' lang='lat' dir='ltr'><strong>Battologia</strong></span> <span class='ocrx_word' id='word_1_296' title='bbox 1514 2048 1584 2089; x_wconf 82' lang='lat' dir='ltr'><strong>illa</strong></span> 
     </span>
     <span class='ocr_line' id='line_1_36' title="bbox 149 2105 1584 2170; baseline -0.009 -15"><span class='ocrx_word' id='word_1_297' title='bbox 149 2117 304 2170; x_wconf 81' lang='lat' dir='ltr'><strong>saepius</strong></span> <span class='ocrx_word' id='word_1_298' title='bbox 331 2117 497 2155; x_wconf 90' lang='lat' dir='ltr'><strong>eandem</strong></span> <span class='ocrx_word' id='word_1_299' title='bbox 524 2116 735 2155; x_wconf 88' lang='lat' dir='ltr'><strong>formulam</strong></span> <span class='ocrx_word' id='word_1_300' title='bbox 763 2117 804 2153; x_wconf 80' lang='lat' dir='ltr'><strong>in</strong></span> <span class='ocrx_word' id='word_1_301' title='bbox 834 2115 937 2153; x_wconf 88' lang='lat' dir='ltr'><strong>votis</strong></span> <span class='ocrx_word' id='word_1_302' title='bbox 964 2113 1015 2152; x_wconf 89' lang='lat' dir='ltr'><strong>ad</strong></span> <span class='ocrx_word' id='word_1_303' title='bbox 1033 2113 1152 2151; x_wconf 87' lang='lat' dir='ltr'><strong>deum</strong></span> <span class='ocrx_word' id='word_1_304' title='bbox 1180 2108 1350 2148; x_wconf 86' lang='lat' dir='ltr'><strong>iterandi</strong></span> <span class='ocrx_word' id='word_1_305' title='bbox 1379 2107 1431 2146; x_wconf 88' lang='lat' dir='ltr'><strong>ab</strong></span> <span class='ocrx_word' id='word_1_306' title='bbox 1459 2105 1584 2144; x_wconf 87' lang='lat' dir='ltr'><strong>eccle-</strong></span> 
     </span>
     <span class='ocr_line' id='line_1_37' title="bbox 150 2161 1586 2212; baseline -0.01 -2"><span class='ocrx_word' id='word_1_307' title='bbox 150 2173 208 2210; x_wconf 86' lang='lat' dir='ltr'><strong>sia</strong></span> <span class='ocrx_word' id='word_1_308' title='bbox 235 2172 387 2210; x_wconf 87' lang='lat' dir='ltr'><strong>Graeca</strong></span> <span class='ocrx_word' id='word_1_309' title='bbox 412 2178 451 2209; x_wconf 89' lang='lat' dir='ltr'><strong>et</strong></span> <span class='ocrx_word' id='word_1_310' title='bbox 479 2172 621 2210; x_wconf 90' lang='lat' dir='ltr'><strong>Latina</strong></span> <span class='ocrx_word' id='word_1_311' title='bbox 649 2171 700 2209; x_wconf 91' lang='lat' dir='ltr'><strong>ad</strong></span> <span class='ocrx_word' id='word_1_312' title='bbox 730 2168 1087 2208; x_wconf 88' lang='lat' dir='ltr'><strong>Muhammedanos</strong></span> <span class='ocrx_word' id='word_1_313' title='bbox 1109 2166 1300 2205; x_wconf 84' lang='lat' dir='ltr'><strong>manavit.</strong></span> <span class='ocrx_word' id='word_1_314' title='bbox 1355 2162 1447 2212; x_wconf 88' lang='lat' dir='ltr'><strong>Qua</strong></span> <span class='ocrx_word' id='word_1_315' title='bbox 1475 2161 1525 2197; x_wconf 90' lang='lat' dir='ltr'><strong>de</strong></span> <span class='ocrx_word' id='word_1_316' title='bbox 1542 2173 1586 2197; x_wconf 90' lang='lat' dir='ltr'><strong>re</strong></span> 
     </span>
     <span class='ocr_line' id='line_1_38' title="bbox 151 2215 1587 2278; baseline -0.01 -14"><span class='ocrx_word' id='word_1_317' title='bbox 151 2226 250 2265; x_wconf 90' lang='lat' dir='ltr'><strong>alias</strong></span> <span class='ocrx_word' id='word_1_318' title='bbox 278 2225 418 2278; x_wconf 88' lang='lat' dir='ltr'><strong>agendi</strong></span> <span class='ocrx_word' id='word_1_319' title='bbox 445 2224 556 2263; x_wconf 89' lang='lat' dir='ltr'><strong>locus</strong></span> <span class='ocrx_word' id='word_1_320' title='bbox 584 2227 674 2264; x_wconf 91' lang='lat' dir='ltr'><strong>erit.</strong></span> <span class='ocrx_word' id='word_1_321' title='bbox 730 2224 865 2263; x_wconf 88' lang='lat' dir='ltr'><strong>Simile</strong></span> <span class='ocrx_word' id='word_1_322' title='bbox 892 2230 1027 2262; x_wconf 87' lang='lat' dir='ltr'><strong>nostro</strong></span> <span class='ocrx_word' id='word_1_323' title='bbox 1065 2221 1153 2260; x_wconf 92' lang='lat' dir='ltr'><strong>loco</strong></span> <span class='ocrx_word' id='word_1_324' title='bbox 1180 2218 1282 2258; x_wconf 87' lang='lat' dir='ltr'><strong>illud</strong></span> <span class='ocrx_word' id='word_1_325' title='bbox 1310 2223 1369 2255; x_wconf 88' lang='lat' dir='ltr'><strong>est</strong></span> <span class='ocrx_word' id='word_1_326' title='bbox 1395 2218 1437 2254; x_wconf 91' lang='lat' dir='ltr'><strong>in</strong></span> <span class='ocrx_word' id='word_1_327' title='bbox 1467 2215 1587 2253; x_wconf 86' lang='lat' dir='ltr'><strong>Ritu-</strong></span> 
     </span>
     <span class='ocr_line' id='line_1_39' title="bbox 152 2269 1589 2331; baseline -0.01 -12"><span class='ocrx_word' id='word_1_328' title='bbox 152 2280 205 2320; x_wconf 77' lang='lat' dir='ltr'><strong>ali</strong></span> <span class='ocrx_word' id='word_1_329' title='bbox 250 2280 433 2318; x_wconf 82' lang='lat' dir='ltr'><strong>Romano</strong></span> <span class='ocrx_word' id='word_1_330' title='bbox 473 2279 694 2319; x_wconf 83' lang='lat' dir='ltr'><strong>cassinensi</strong></span> <span class='ocrx_word' id='word_1_331' title='bbox 749 2279 855 2331; x_wconf 89' lang='lat' dir='ltr'><strong>apud</strong></span> <span class='ocrx_word' id='word_1_332' title='bbox 884 2277 1149 2316; x_wconf 76' lang='lat' dir='ltr'><strong>Mabillonum</strong></span> <span class='ocrx_word' id='word_1_333' title='bbox 1170 2289 1182 2312; x_wconf 74' lang='grc' dir='ltr'><em>ε</em></span> <span class='ocrx_word' id='word_1_334' title='bbox 1234 2286 1259 2310; x_wconf 85' lang='grc' dir='ltr'><em>α</em></span> <span class='ocrx_word' id='word_1_335' title='bbox 1295 2270 1424 2309; x_wconf 80' lang='lat' dir='ltr'><strong>medio</strong></span> <span class='ocrx_word' id='word_1_336' title='bbox 1467 2269 1589 2307; x_wconf 78' lang='lat' dir='ltr'><strong>noctis</strong></span> 
     </span>
     <span class='ocr_line' id='line_1_40' title="bbox 151 2325 1585 2388; baseline -0.01 -12"><span class='ocrx_word' id='word_1_337' title='bbox 151 2343 399 2377; x_wconf 80' lang='lat' dir='ltr'><strong>concurrente</strong></span> <span class='ocrx_word' id='word_1_338' title='bbox 414 2335 563 2388; x_wconf 80' lang='lat' dir='ltr'><strong>populo</strong></span> <span class='ocrx_word' id='word_1_339' title='bbox 590 2341 732 2373; x_wconf 72' lang='lat' dir='ltr'><strong>exeunt</strong></span> <span class='ocrx_word' id='word_1_340' title='bbox 748 2347 831 2372; x_wconf 83' lang='lat' dir='ltr'><strong>cum</strong></span> <span class='ocrx_word' id='word_1_341' title='bbox 855 2333 1002 2371; x_wconf 83' lang='lat' dir='ltr'><strong>letania</strong></span> <span class='ocrx_word' id='word_1_342' title='bbox 1033 2331 1091 2369; x_wconf 87' lang='lat' dir='ltr'><strong>ad</strong></span> <span class='ocrx_word' id='word_1_343' title='bbox 1117 2329 1162 2367; x_wconf 88' lang='lat' dir='ltr'><strong>S.</strong></span> <span class='ocrx_word' id='word_1_344' title='bbox 1182 2326 1359 2365; x_wconf 66' lang='lat' dir='ltr'><strong>stlat-iam</strong></span> <span class='ocrx_word' id='word_1_345' title='bbox 1379 2325 1585 2368; x_wconf 82' lang='lat' dir='ltr'><strong>minorem,</strong></span> 
     </span>
     <span class='ocr_line' id='line_1_41' title="bbox 152 2377 1591 2443; baseline -0.011 -14"><span class='ocrx_word' id='word_1_346' title='bbox 152 2389 349 2429; x_wconf 82' lang='lat' dir='ltr'><strong>mundatis</strong></span> <span class='ocrx_word' id='word_1_347' title='bbox 367 2402 443 2443; x_wconf 87' lang='lat' dir='ltr'><strong>per</strong></span> <span class='ocrx_word' id='word_1_348' title='bbox 471 2389 580 2426; x_wconf 81' lang='lat' dir='ltr'><strong>viam</strong></span> <span class='ocrx_word' id='word_1_349' title='bbox 597 2389 740 2442; x_wconf 78' lang='lat' dir='ltr'><strong>plateis</strong></span> <span class='ocrx_word' id='word_1_350' title='bbox 770 2397 807 2427; x_wconf 88' lang='lat' dir='ltr'><strong>et</strong></span> <span class='ocrx_word' id='word_1_351' title='bbox 827 2387 1014 2441; x_wconf 78' lang='lat' dir='ltr'><strong>suspensis</strong></span> <span class='ocrx_word' id='word_1_352' title='bbox 1041 2397 1119 2438; x_wconf 87' lang='lat' dir='ltr'><strong>per</strong></span> <span class='ocrx_word' id='word_1_353' title='bbox 1149 2381 1287 2420; x_wconf 82' lang='lat' dir='ltr'><strong>domos</strong></span> <span class='ocrx_word' id='word_1_354' title='bbox 1313 2379 1478 2417; x_wconf 84' lang='lat' dir='ltr'><strong>lucernis</strong></span> <span class='ocrx_word' id='word_1_355' title='bbox 1514 2377 1591 2414; x_wconf 83' lang='lat' dir='ltr'><em>ibi-</em></span> 
     </span>
     <span class='ocr_line' id='line_1_42' title="bbox 153 2433 1592 2499; baseline -0.01 -17"><span class='ocrx_word' id='word_1_356' title='bbox 153 2458 227 2499; x_wconf 83' lang='lat' dir='ltr'><strong>que</strong></span> <span class='ocrx_word' id='word_1_357' title='bbox 257 2445 302 2483; x_wconf 84' lang='lat' dir='ltr'><strong>in</strong></span> <span class='ocrx_word' id='word_1_358' title='bbox 328 2443 512 2496; x_wconf 78' lang='lat' dir='ltr'><strong>gradibus</strong></span> <span class='ocrx_word' id='word_1_359' title='bbox 544 2441 586 2480; x_wconf 88' lang='lat' dir='ltr'><strong>S.</strong></span> <span class='ocrx_word' id='word_1_360' title='bbox 616 2443 773 2480; x_wconf 85' lang='lat' dir='ltr'><strong>Mariae</strong></span> <span class='ocrx_word' id='word_1_361' title='bbox 806 2442 979 2495; x_wconf 84' lang='lat' dir='ltr'><strong>deposita</strong></span> <span class='ocrx_word' id='word_1_362' title='bbox 1020 2441 1132 2477; x_wconf 82' lang='lat' dir='ltr'><strong>icona</strong></span> <span class='ocrx_word' id='word_1_363' title='bbox 1165 2436 1293 2474; x_wconf 86' lang='lat' dir='ltr'><strong>omnis</strong></span> <span class='ocrx_word' id='word_1_364' title='bbox 1316 2435 1455 2472; x_wconf 80' lang='lat' dir='ltr'><strong>chorus</strong></span> <span class='ocrx_word' id='word_1_365' title='bbox 1482 2433 1592 2469; x_wconf 85' lang='lat' dir='ltr'><strong>viro-</strong></span> 
     </span>
     <span class='ocr_line' id='line_1_43' title="bbox 154 2488 1593 2548; baseline -0.01 -11"><span class='ocrx_word' id='word_1_366' title='bbox 154 2513 243 2537; x_wconf 83' lang='lat' dir='ltr'><strong>rum</strong></span> <span class='ocrx_word' id='word_1_367' title='bbox 287 2511 335 2537; x_wconf 86' lang='lat' dir='ltr'><strong>ac</strong></span> <span class='ocrx_word' id='word_1_368' title='bbox 361 2498 564 2535; x_wconf 79' lang='lat' dir='ltr'><strong>mulierum</strong></span> <span class='ocrx_word' id='word_1_369' title='bbox 593 2519 647 2526; x_wconf 89' lang='lat'>—</span> <span class='ocrx_word' id='word_1_370' title='bbox 681 2510 759 2534; x_wconf 81' lang='lat' dir='ltr'><strong>una</strong></span> <span class='ocrx_word' id='word_1_371' title='bbox 796 2509 891 2534; x_wconf 85' lang='lat' dir='ltr'><strong>voce</strong></span> <span class='ocrx_word' id='word_1_372' title='bbox 924 2508 1001 2548; x_wconf 85' lang='lat' dir='ltr'><strong>per</strong></span> <span class='ocrx_word' id='word_1_373' title='bbox 1040 2503 1242 2532; x_wconf 81' lang='lat' dir='ltr'><strong>numerum</strong></span> <span class='ocrx_word' id='word_1_374' title='bbox 1278 2488 1413 2527; x_wconf 79' lang='lat' dir='ltr'><strong>dicunt</strong></span> <span class='ocrx_word' id='word_1_375' title='bbox 1456 2489 1593 2524; x_wconf 82' lang='lat' dir='ltr'><strong>centies</strong></span> 
     </span>
     <span class='ocr_line' id='line_1_44' title="bbox 157 2540 1575 2603; baseline -0.01 -12"><span class='ocrx_word' id='word_1_376' title='bbox 157 2552 286 2603; x_wconf 83' lang='lat' dir='ltr'><strong>Kyrie</strong></span> <span class='ocrx_word' id='word_1_377' title='bbox 304 2553 448 2591; x_wconf 86' lang='lat' dir='ltr'><strong>eleison</strong></span> <span class='ocrx_word' id='word_1_378' title='bbox 463 2581 474 2600; x_wconf 91' lang='lat'><em>,</em></span> <span class='ocrx_word' id='word_1_379' title='bbox 505 2552 643 2589; x_wconf 81' lang='lat' dir='ltr'><strong>centies</strong></span> <span class='ocrx_word' id='word_1_380' title='bbox 681 2550 827 2588; x_wconf 81' lang='lat' dir='ltr'><strong>Christe</strong></span> <span class='ocrx_word' id='word_1_381' title='bbox 856 2550 999 2587; x_wconf 83' lang='lat' dir='ltr'><strong>eleison</strong></span> <span class='ocrx_word' id='word_1_382' title='bbox 1017 2577 1029 2596; x_wconf 89' lang='lat'>‚</span> <span class='ocrx_word' id='word_1_383' title='bbox 1061 2549 1152 2584; x_wconf 85' lang='lat' dir='ltr'><strong>item</strong></span> <span class='ocrx_word' id='word_1_384' title='bbox 1188 2545 1324 2582; x_wconf 79' lang='lat' dir='ltr'><strong>centies</strong></span> <span class='ocrx_word' id='word_1_385' title='bbox 1345 2542 1471 2592; x_wconf 81' lang='lat' dir='ltr'><strong>Kyrie</strong></span> <span class='ocrx_word' id='word_1_386' title='bbox 1499 2540 1575 2578; x_wconf 88' lang='lat' dir='ltr'><strong>elei</strong></span> 
     </span>
     <span class='ocr_line' id='line_1_45' title="bbox 161 2595 1591 2657; baseline -0.009 -12"><span class='ocrx_word' id='word_1_387' title='bbox 161 2621 246 2645; x_wconf 81' lang='lat' dir='ltr'><strong>son.</strong></span> <span class='ocrx_word' id='word_1_388' title='bbox 303 2606 456 2646; x_wconf 87' lang='lat' dir='ltr'><strong>Concil.</strong></span> <span class='ocrx_word' id='word_1_389' title='bbox 485 2606 660 2645; x_wconf 83' lang='lat' dir='ltr'><strong>vasense</strong></span> <span class='ocrx_word' id='word_1_390' title='bbox 687 2605 769 2643; x_wconf 85' lang='lat' dir='ltr'><strong>An.</strong></span> <span class='ocrx_word' id='word_1_391' title='bbox 791 2603 886 2657; x_wconf 85' lang='lat'><strong>529.</strong></span> <span class='ocrx_word' id='word_1_392' title='bbox 906 2601 1031 2655; x_wconf 87' lang='lat' dir='ltr'><strong>(apud</strong></span> <span class='ocrx_word' id='word_1_393' title='bbox 1048 2601 1114 2639; x_wconf 93' lang='lat' dir='ltr'><strong>Du</strong></span> <span class='ocrx_word' id='word_1_394' title='bbox 1131 2599 1328 2651; x_wconf 87' lang='lat' dir='ltr'><strong>Cangium</strong></span> <span class='ocrx_word' id='word_1_395' title='bbox 1345 2596 1478 2636; x_wconf 88' lang='lat' dir='ltr'><strong>Gloss.</strong></span> <span class='ocrx_word' id='word_1_396' title='bbox 1501 2595 1591 2633; x_wconf 84' lang='lat' dir='ltr'><strong>Lat.</strong></span> 
     </span>
     <span class='ocr_line' id='line_1_46' title="bbox 158 2652 1596 2714; baseline -0.008 -16"><span class='ocrx_word' id='word_1_397' title='bbox 158 2674 200 2699; x_wconf 85' lang='lat' dir='ltr'><strong>v.</strong></span> <span class='ocrx_word' id='word_1_398' title='bbox 227 2661 449 2713; x_wconf 78' lang='lat' dir='ltr'><strong>Kyrieles)2</strong></span> <span class='ocrx_word' id='word_1_399' title='bbox 494 2669 532 2700; x_wconf 82' lang='lat' dir='ltr'><strong>et</strong></span> <span class='ocrx_word' id='word_1_400' title='bbox 561 2661 654 2714; x_wconf 82' lang='lat' dir='ltr'><strong>quia</strong></span> <span class='ocrx_word' id='word_1_401' title='bbox 681 2668 761 2698; x_wconf 85' lang='lat' dir='ltr'><strong>tam</strong></span> <span class='ocrx_word' id='word_1_402' title='bbox 788 2659 831 2697; x_wconf 88' lang='lat' dir='ltr'><strong>in</strong></span> <span class='ocrx_word' id='word_1_403' title='bbox 859 2657 948 2696; x_wconf 86' lang='lat' dir='ltr'><strong>sede</strong></span> <span class='ocrx_word' id='word_1_404' title='bbox 967 2655 1195 2711; x_wconf 78' lang='lat' dir='ltr'><strong>apostolica,</strong></span> <span class='ocrx_word' id='word_1_405' title='bbox 1226 2665 1346 2707; x_wconf 78' lang='lat' dir='ltr'><strong>quam</strong></span> <span class='ocrx_word' id='word_1_406' title='bbox 1371 2652 1489 2690; x_wconf 84' lang='lat' dir='ltr'><strong>etiam</strong></span> <span class='ocrx_word' id='word_1_407' title='bbox 1520 2662 1596 2703; x_wconf 89' lang='grc' dir='ltr'><em>ρει·</em></span> 
     </span>
     <span class='ocr_line' id='line_1_47' title="bbox 161 2707 1578 2771; baseline -0.01 -14"><span class='ocrx_word' id='word_1_408' title='bbox 161 2723 260 2757; x_wconf 79' lang='lat' dir='ltr'><strong>totas</strong></span> <span class='ocrx_word' id='word_1_409' title='bbox 295 2716 500 2757; x_wconf 77' lang='lat' dir='ltr'><strong>orientales</strong></span> <span class='ocrx_word' id='word_1_410' title='bbox 526 2724 640 2771; x_wconf 83' lang='lat' dir='ltr'><strong>atque</strong></span> <span class='ocrx_word' id='word_1_411' title='bbox 673 2713 816 2754; x_wconf 81' lang='lat' dir='ltr'><strong>Italiae</strong></span> <span class='ocrx_word' id='word_1_412' title='bbox 849 2712 1078 2769; x_wconf 77' lang='lat' dir='ltr'><strong>prm·inc1&#39;as</strong></span> <span class='ocrx_word' id='word_1_413' title='bbox 1113 2708 1239 2749; x_wconf 75' lang='lat' dir='ltr'><strong>dulcis</strong></span> <span class='ocrx_word' id='word_1_414' title='bbox 1275 2716 1313 2747; x_wconf 74' lang='lat' dir='ltr'><strong>et</strong></span> <span class='ocrx_word' id='word_1_415' title='bbox 1349 2707 1513 2746; x_wconf 77' lang='lat' dir='ltr'><strong>m’nn&#39;um</strong></span> <span class='ocrx_word' id='word_1_416' title='bbox 1533 2718 1578 2743; x_wconf 82' lang='lat' dir='ltr'><strong>sa</strong></span> 
     </span>
    </p>
   </div>
  </div>
 </body>
</html>
