1884 3132
234 124 311 169 An
345 126 641 170 consum.
675 127 871 168 Pom‘n.
899 126 970 166 m:
1007 125 1186 167 cmm.
1220 125 1316 166 Lm.
1354 127 1387 178 1.
1436 107 1545 162 283

121 227 286 276 trabeae
321 231 453 284 imago
470 260 483 282 ‚
523 237 571 270 ut
609 231 678 283 qui
704 244 791 269 eam
835 242 1002 282 corpore
1035 236 1213 281 gereret,
1243 237 1419 269 exemtus
1446 237 1549 270 essct

117 286 351 324 necessitate
376 287 419 324 in
449 285 628 339 genubus
655 283 862 323 adorandi.

234 339 280 381 C.
311 339 383 378 ult.
414 339 530 394 [259³
568 338 645 393 12.]
673 337 821 391 τρίτον.
878 338 937 376 Μ.
978 345 1067 390 post
1095 337 1138 376 h.
1176 351 1220 377 v.
1264 346 1369 378 recte
1413 339 1555 379 distin·

115 401 270 447 guuut3
298 394 607 448 subintelligitur
634 396 741 433 enim
766 396 1013 445 προσκυνεῖ,
1041 407 1065 431 a
1093 397 1294 433 communi
1324 396 1553 448 repetitum.

213 458 303 499 152.
331 460 378 498 B.
402 473 463 500 11.
492 459 606 514 [260‚
631 457 712 512 18.]
742 457 812 497 καὶ
833 454 869 496 οἱ
900 458 1037 496 λοιποί
1052 459 1135 497 τῶν
1162 455 1424 509 α’ξιωμάτων.
1450 460 1553 511 Qui·

122 526 216 552 nam
244 513 287 552 hi
313 516 412 564 sint,
437 521 477 553 et
502 515 572 568 qui
599 514 745 553 diversi
772 513 824 552 ab
841 513 1083 551 axiomaticis
1102 543 1113 561 ‚
1143 513 1271 552 fateor
1298 529 1362 554 me
1391 517 1557 554 nescire.

228 579 276 618 C.
313 593 348 618 1.
381 579 497 634 [260‚
526 578 609 633 πμ]
638 575 683 618 τὰ
724 578 973 627 Θωμαΐτιον.
1005 580 1063 617 Μ.
1083 574 1155 617 τὸν
1174 578 1409 632 Θωλιιαΐτην.
1438 580 1552 620 Tho-

122 634 263 673 maites
285 641 371 674 erat
394 635 612 674 triclinium
641 648 710 672 seu
748 633 939 687 palatium
967 634 1236 686 patriarchae,
1274 636 1315 672 in
1352 636 1439 674 loro
1465 637 1555 674 Au-

237 703 260 728 e
284 691 422 740 situm,
450 689 521 728 nbi
551 689 801 742 patriarchae
836 688 1078 727 bibliotheca
1106 696 1190 727 erat
1214 704 1226 738 3
1282 703 1324 727 v.
1350 690 1418 728 Du
1446 691 1554 729 Can·

121 756 171 796 ge
187 743 239 782 ad
252 742 449 786 silentiar.
476 759 518 798 p.
542 746 634 794 540.
663 751 702 783 et
731 743 1012 793 CPl.Christ.,
1044 746 1138 782 item
1166 744 1390 783 Rhamnus.
1419 759 1459 798 p.
1482 760 1551 799 92.

233 809 282 849 C.
313 811 351 850 3.
379 809 491 864 [260‚
521 809 613 863 22]
654 808 808 849 ἱστᾶσι.
867 809 1014 849 Saltem
1043 807 1225 849 ἵστανται
1254 811 1438 850 dedisset.
1496 813 1555 850 Μ.

122 856 222 903 ἔσω.
276 863 561 918 Apograplnum
589 866 867 904 Draudianum
893 861 1013 904 ἔστω.
1068 866 1199 904 Locus
1228 868 1407 906 vitiatus.
1445 867 1556 907 Num

122 916 437 971 ἀναχωροῦντες
462 916 616 969 ἔξωθεν
655 916 770 959 ἔσωῖ

234 973 282 1012 C.
310 973 349 1013 5.
398 974 491 1026 260,
525 974 611 1028 24]
639 970 700 1014 τὸ.
755 977 815 1015 Μ.
841 971 914 1014 τὸν
950 974 1154 1025 τρίκλινον
1179 975 1251 1028 τῆς
1280 971 1556 1031 ΠΙανναύρας.

231 1027 281 1066 C.
311 1043 351 1082 7.
403 1029 498 1079 261,
532 1028 588 1083 1.]
620 1025 779 1084 φθάσῃ,
835 1031 893 1068 Μ.
924 1025 1099 1082 φθάσει.

229 1081 341 1122 Ibid.
391 1083 511 1138 ibid]
553 1082 633 1123 α’νιὶ
675 1083 816 1133 μέσον.
894 1085 978 1123 Non
1020 1092 1150 1137 potest
1190 1085 1254 1124 hic
1297 1083 1372 1123 locl
1402 1087 1446 1125 ιή
1473 1101 1555 1125 me-

121 1134 192 1174 dio
219 1144 358 1177 notare
376 1168 389 1189 ‚
429 1140 499 1179 sed
526 1139 644 1179 debet
672 1139 778 1179 idem
806 1139 940 1179 valere
967 1148 1087 1192 atque
1111 1140 1155 1179 ὲν
1179 1140 1235 1194 τῷ
1258 1139 1374 1192 χορῷ
1388 1156 1400 1190 ;
1428 1143 1557 1180 consi-

125 1192 192 1232 stit
243 1193 374 1245 primo
409 1202 448 1233 et
494 1209 680 1248 supremo
699 1196 786 1234 loco
813 1198 917 1234 inter
946 1196 1147 1248 patricios,
1176 1196 1215 1234 in
1244 1195 1409 1247 collegio
1436 1197 1561 1250 patri-

128 1250 298 1286 ciorum.
353 1247 466 1288 Alias
507 1252 721 1289 consistere
763 1258 968 1303 nequeunt
1016 1247 1119 1289 κατὰ
1180 1250 1363 1302 κεφαλῆς
1407 1259 1447 1291 et
1474 1247 1555 1290 α’νὰ

123 1299 268 1351 μέσον.
322 1303 406 1342 Nisi
432 1304 533 1342 forte
563 1306 670 1344 dicas
698 1305 930 1344 collocatam
969 1319 1055 1344 eam
1085 1307 1124 1343 in
1154 1307 1286 1344 medio
1313 1306 1456 1354 fuisse,
1488 1306 1559 1345 sed

129 1356 239 1395 extra
266 1358 408 1396 seriem
442 1361 723 1412 patriciorum,
763 1369 808 1399 ut
835 1361 907 1399 hos
935 1360 985 1398 ad
1014 1361 1190 1398 dextram
1206 1390 1217 1410 ‚
1258 1361 1357 1400 alios
1383 1362 1435 1400 ad
1462 1362 1559 1401 sini-

124 1417 250 1450 stram
276 1425 380 1464 pone
408 1427 450 1451 se
477 1414 678 1464 habuerit3
710 1416 816 1453 conf.
845 1430 886 1468 p.
923 1415 1011 1453 155.
1041 1415 1093 1452 A.
1123 1414 1196 1453 ult.

211 1475 303 1516 153.
329 1478 382 1516 A.
413 1478 452 1518 8.
483 1479 599 1530 [261‚
637 1479 718 1533 19]
749 1479 807 1526 εἰς
834 1477 895 1519 τὸ.
951 1481 1009 1518 Μ.
1039 1479 1098 1525 εἰς
1125 1476 1208 1518 τὸν.

235 1530 290 1570 A.
319 1532 396 1571 ult.
439 1533 556 1587 [262‚
585 1533 644 1587 2.]
683 1531 786 1572 κατὰ
815 1530 968 1580 παντὸς
994 1533 1135 1583 μέσον.
1190 1534 1372 1575 Difficilis
1399 1535 1466 1574 hic
1494 1535 1560 1575 lo-

130 1598 218 1625 cus-
276 1587 367 1626 Non
396 1591 501 1626 enim
529 1597 717 1642 apparet,
747 1590 797 1628 ad
826 1589 1082 1642 scqucntiane
1103 1590 1323 1642 pertineat,
1376 1605 1420 1629 ex
1441 1592 1560 1630 inter·

125 1641 351 1694 pretatione
377 1650 418 1680 et
447 1644 700 1683 distinctione
732 1645 943 1683 Leichiana
962 1673 974 1694 ‚
1019 1644 1175 1682 diversa
1203 1645 1305 1694 tria,
1334 1653 1558 1696 secretum,

131 1696 409 1735 consistorium
452 1705 491 1736 et
533 1699 792 1749 cubiculum3
829 1701 884 1738 ita
914 1706 959 1737 ut
988 1701 1104 1737 toties
1132 1699 1274 1738 debeat
1302 1702 1427 1753 repeti
1443 1730 1455 1750 ‚
1483 1715 1561 1739 κα-

126 1747 179 1789 τὰ
206 1749 357 1796 παντὸς
382 1753 455 1790 τοῦ
482 1755 705 1805 σεκρὲτου,
736 1751 839 1793 κατὰ
868 1750 1018 1799 παντὸς
1043 1751 1119 1792 τοῦ
1145 1754 1455 1806 κωνσιστοριόυ,
1485 1770 1562 1793 κα-

127 1801 181 1843 τὰ
207 1803 364 1851 παντὸς
390 1807 467 1844 τοῦ
494 1809 811 1858 κουβουκλειόυς
840 1823 891 1847 an
928 1808 1170 1862 subintelligi
1207 1810 1351 1848 debeat
1389 1807 1562 1860 ἀνθρώ-

130 1871 240 1908 πους
269 1873 320 1898 an
348 1860 531 1914 denique.
566 1863 732 1902 sublatis
760 1863 1022 1902 commatibus
1050 1871 1140 1916 post
1161 1864 1358 1915 σεκρέτου
1390 1872 1430 1903 et
1455 1877 1561 1902 κων-

129 1912 342 1963 σιστορίου
361 1947 374 1964 ,
402 1931 503 1969 quae
530 1918 586 1956 ibi
615 1918 794 1957 locorum
824 1920 865 1957 iu
893 1920 951 1957 M.
987 1918 1098 1957 nulla
1136 1926 1256 1966 sunt,
1285 1920 1427 1958 debeat
1446 1918 1561 1957 reddi

130 1974 172 2006 et
201 1971 377 2007 construi
417 1968 519 2009 κατὰ
554 1973 683 2022 μέσον
729 1973 807 2023 (vel
835 1969 915 2012 ἀνὰ
963 1972 1115 2024 μέσον,
1146 1971 1266 2024 κατὰ)
1307 1970 1459 2019 παντὸς
1485 1971 1562 2010 ΐθῦ

128 2021 323 2072 σεκρέτου
371 2024 447 2062 τοῦ
484 2027 792 2078 κωνσιστωριόυ
829 2028 906 2067 τοῦ
945 2026 1234 2078 κουβουκλειόυ
1255 2058 1267 2078 ,
1298 2030 1339 2067 in
1365 2028 1494 2066 medio
1525 2035 1565 2065 ee

131 2077 175 2115 in
188 2077 332 2127 fronte
367 2081 479 2118 totins
498 2083 633 2120 secreti
655 2084 872 2122 consistorii
893 2083 1081 2122 Cubiculi.
1155 2083 1232 2121 Sed
1261 2097 1389 2135 aeque
1412 2082 1562 2120 mirum

131 2130 231 2170 mihi
258 2132 402 2171 accidit
427 2145 608 2174 secretum
635 2138 793 2176 seorsim
841 2139 1039 2176 nominari
1062 2166 1073 2183 ‚
1104 2137 1215 2176 nulla
1239 2146 1333 2176 nota
1365 2137 1561 2175 distincti-

130 2199 184 2224 va
215 2186 350 2225 addita
363 2216 374 2236 ,
416 2203 536 2240 quam
579 2191 699 2230 dictio
743 2202 925 2231 secr-eumz
964 2194 1183 2231 οοηειζςῐονιῖ
1218 2193 1393 2231 cubiculi.
1449 2190 1560 2229 Malo

131 2246 265 2280 tamen
290 2255 381 2280 cum
419 2244 479 2281 M.
514 2245 656 2284 facere.
710 2246 810 2284 Nam
837 2247 887 2286 de
915 2247 1000 2286 solo
1029 2247 1270 2285 consistorio
1298 2261 1368 2285 seu
1395 2245 1563 2295 collegio

133 2294 480 2335 cubiculariorum
509 2299 575 2336 hic
600 2314 821 2339 sermonem
848 2316 947 2349 esse,
974 2301 1131 2339 excluso
1158 2302 1391 2340 consistorio
1415 2298 1565 2337 barba-

135 2355 270 2388 torum
298 2366 521 2403 procerum,
539 2368 582 2391 ex
604 2368 650 2392 eo
670 2354 810 2407 liquet,
838 2356 945 2408 quod
970 2356 1046 2393 hoe
1061 2357 1188 2406 capite
1215 2370 1342 2394 sermo
1370 2355 1420 2392 de
1446 2367 1563 2404 prae-

134 2406 265 2456 posito
290 2408 364 2455 sit,
391 2406 467 2445 hoc
494 2415 566 2454 est,
595 2409 721 2460 capite
748 2410 1036 2448 eunuchorum.
1092 2411 1146 2448 Et
1173 2412 1354 2462 quamvis
1383 2407 1562 2448 sufficere

133 2461 258 2510 possit
299 2462 575 2500 consistorium
612 2463 783 2502 cubiculi
837 2479 910 2517 pro
949 2463 1114 2515 collegio
1153 2465 1371 2517 spadonum
1391 2493 1402 2511 ‚
1434 2477 1559 2515 quum

133 2518 266 2552 tamen
297 2515 488 2566 placuerit
525 2519 676 2556 auctori
711 2518 843 2556 dicere
879 2525 1071 2557 secretum
1102 2520 1326 2559 consistorii
1354 2517 1527 2562 cubiculi
1546 2546 1558 2567 ,

136 2579 263 2619 neque
282 2570 499 2609 absurdum
528 2572 566 2611 id
605 2574 655 2611 sit
675 2603 686 2619 ,
727 2572 917 2612 debemus
945 2573 1203 2624 acquiescere.

243 2623 289 2660 Β.
320 2623 361 2674 4.
392 2623 509 2678 [262‚
541 2626 616 2680 5.].
646 2627 717 2666 καί
741 2623 907 2677 γόνατα.
962 2628 1019 2665 Μ.
1052 2626 1123 2666 καί
1148 2623 1199 2666 τὰ
1227 2623 1395 2679 γόνατα.

246 2676 300 2715 D.
328 2692 368 2731 9.
398 2679 524 2733 [263‚
557 2681 614 2735 3.]
658 2684 813 2735 πληροῖ
843 2678 975 2721 πάντα
1013 2678 1064 2721 τὰ
1103 2676 1302 2734 νοιῗμερα.
1374 2682 1562 2723 Νιυηενω
