1884 3132
300 118 413 187 584
570 138 644 180 10.
687 137 793 180 1Ac.
834 140 1029 180 Rmsxu
1069 138 1446 184 COMMENTAmi

405 243 451 281 Β.
472 241 548 281 ult.
570 241 686 298 [5oo,
714 241 795 296 13.]
827 238 1053 296 φακιιόλην.
1108 245 1290 284 Manavit
1321 244 1419 284 haec
1445 258 1524 285 vox
1556 261 1580 286 a
1592 248 1735 299 sacia-

295 300 330 338 li
345 330 356 347 ,
387 297 507 349 velo,
547 312 628 351 quo
664 298 802 338 vultus
841 298 939 337 olim
977 299 1102 339 velari
1131 307 1170 338 et
1200 299 1371 352 abstergi
1406 300 1554 350 sudor,
1602 301 1733 356 lacry-

296 367 411 403 mae,
457 353 592 392 sordes
632 353 828 392 solebant.
886 355 1150 408 Dependebat
1178 369 1298 408 super
1325 355 1513 394 humeros
1531 387 1541 404 ,
1573 357 1625 395 ad
1651 371 1736 396 rne-

296 409 408 447 dium
436 409 516 447 fere
544 415 698 461 pectus.
756 409 963 462 Frequens
990 410 1080 448 talis
1108 410 1235 463 figura
1275 411 1314 448 in
1342 412 1515 463 antiquis
1554 412 1737 465 imagini-

295 463 372 502 hus
392 493 403 511 ,
433 471 478 502 ut
505 466 546 502 in
580 463 656 502 illis
683 465 836 502 Mariae
864 465 1042 518 Virginis
1061 494 1072 514 ,
1119 479 1218 517 quas
1245 466 1312 503 Du
1333 465 1467 519 Gange
1491 465 1623 506 Gloss.
1653 467 1740 506 Lat.

298 518 350 558 T.
375 520 449 557 ΙΙΙ.
476 520 518 557 in
547 519 627 556 fine
653 518 737 557 tab.
762 519 831 558 lll.
859 526 898 557 et
933 521 1027 558 Vll.
1062 520 1187 559 dedit.
1245 520 1419 558 Facialia
1448 523 1572 570 haec,
1613 535 1740 574 quum

298 574 485 627 deinceps
513 573 628 612 aliter
652 574 944 625 formarentur,
981 582 1020 614 et
1047 575 1150 613 circa
1178 575 1325 628 pileum
1354 583 1515 614 acutum
1557 583 1627 615 aut
1667 576 1740 615 he-

297 630 607 683 misphaericum
635 629 972 676 obvolverentur,
1014 638 1229 669 evaserunt
1257 645 1302 669 ex
1328 644 1374 668 eo
1402 630 1559 669 tulbani
1586 646 1655 670 seu
1682 634 1741 670 ci-

298 685 414 724 dares
430 715 440 736 ,
469 683 606 738 quales
625 684 744 722 hodie
763 692 917 737 gestant
935 687 1095 724 Turcae
1113 686 1355 724 Graecorum
1377 685 1570 739 exemplo.
1600 688 1743 737 Quan-

298 740 351 779 do
381 754 467 779 mos
496 739 583 779 illas
622 740 775 778 cidares
810 741 988 793 gestandi
1017 741 1135 779 fuerit
1162 742 1356 789 invectus,
1388 755 1470 779 non
1499 741 1637 795 liquet.
1696 741 1738 779 Si

299 810 430 835 mores
458 795 605 834 vetusti
637 793 782 833 saeculi
813 809 834 833 e
863 809 935 834 suo
960 810 1120 834 mensus
1147 810 1229 834 non
1259 796 1335 834 fuit
1355 796 1550 848 Georgius
1569 797 1742 836 Alexan·-

299 851 440 889 drinus
468 852 509 889 in
537 851 622 889 vita
650 849 946 903 Chrysostomi,
981 850 1138 890 saeculo
1178 852 1255 890 iam
1282 858 1425 903 quarto
1463 851 1627 891 fuerunt
1653 859 1740 890 tur-

298 905 396 944 bani
427 906 468 944 in
500 919 576 944 usu
605 905 711 957 apud
744 906 932 944 Graecos.
991 905 1062 945 Ait
1090 908 1196 944 enim
1223 905 1291 944 ille
1309 920 1394 958 cap.
1413 905 1513 957 4¹st
1543 904 1741 958 ἐκρότουν

299 957 424 1000 αὐτὸν
461 958 669 1010 ὖψοῦντες
706 959 765 1005 εἰς
794 957 865 998 τὸν
894 959 1023 1013 ἀέρα,
1057 956 1095 998 οἱ
1123 962 1200 1010 μὲν
1230 957 1305 1006 τὰς
1329 961 1534 1011 χλανίδας
1561 956 1736 1009 ἑαυτῶν,

300 1012 338 1054 οἱ
380 1015 427 1055 δὲ
462 1011 516 1054 τοὶ
566 1012 765 1067 πτερύγια
804 1015 886 1054 τῶν
913 1012 1198 1065 κουτζούλων,
1244 1012 1377 1066 ἕτεροι
1403 1014 1449 1053 δὲ
1478 1015 1740 1068 ἐγχειρίδια,

299 1063 421 1110 ἄλλοι
459 1069 505 1108 δὲ
537 1066 586 1108 τά
634 1066 849 1122 φακιόλια.
909 1070 986 1108 Sed
1018 1071 1097 1108 iam
1128 1070 1223 1108 olim
1262 1072 1404 1108 Graeci
1433 1071 1662 1123 gestabant,
1694 1078 1741 1110 ut

298 1140 344 1164 ex
374 1124 614 1178 imaginibus
655 1125 873 1174 Mercurii,
912 1125 1086 1163 Castoris
1115 1132 1154 1164 et
1182 1124 1383 1174 Pollucis,
1427 1124 1534 1178 pileo
1561 1125 1739 1179 Phrygio

299 1188 339 1219 et
369 1181 456 1220 aliis
485 1187 667 1230 constat3
699 1179 781 1218 vid.
813 1193 915 1232 quae
955 1180 1004 1218 de
1033 1179 1275 1219 camelaucio
1305 1180 1408 1218 infra
1445 1181 1591 1219 dicam.
1649 1183 1742 1220 Dis-

299 1243 416 1288 putat
443 1249 605 1288 quoque
633 1234 769 1273 multis
798 1235 848 1272 de
868 1235 1105 1287 antiquitate
1131 1235 1249 1274 huius
1275 1237 1501 1287 gestaminis
1519 1236 1587 1274 Du
1608 1236 1741 1289 Gange

300 1291 368 1329 Gl.
398 1291 470 1332 Gr.
501 1290 545 1328 h.
566 1304 603 1328 v.
621 1319 632 1339 ,
667 1290 736 1342 qui
777 1289 949 1328 conferri
976 1297 1167 1329 meretur.
1226 1291 1349 1328 Forte
1387 1292 1589 1329 invectum
1617 1291 1691 1329 fuit
1717 1306 1741 1329 a

300 1345 473 1399 Scythis.
534 1345 637 1383 Nam
667 1345 706 1382 in
737 1343 924 1382 columna
942 1344 1223 1385 Theodosiana
1252 1345 1358 1398 apud
1377 1345 1623 1384 Bandurium
1643 1347 1743 1399 Scy-

302 1401 396 1440 thae
425 1400 616 1439 almucias
646 1406 842 1453 gestantes
882 1399 1107 1454 frequentes
1149 1401 1474 1455 conspiciuntur,
1517 1408 1563 1440 ut
1597 1401 1680 1440 tab.
1706 1402 1738 1440 1.

304 1456 342 1507 4.
363 1456 400 1496 8.
421 1471 461 1509 9.
492 1470 553 1494 12.
579 1463 653 1495 etc.

414 1507 462 1549 C.
497 1526 530 1550 1.
569 1511 686 1565 [5oo‚
732 1510 818 1565 13.]
860 1510 975 1564 δίκην
1016 1510 1356 1565 προπολώματος.
1414 1514 1659 1567 Propoloma
1687 1519 1745 1550 est

303 1566 506 1605 modiolus
535 1581 604 1604 seu
647 1566 773 1604 infula
800 1569 972 1618 turrita,
1016 1568 1215 1618 rotunda,
1262 1571 1303 1606 in
1335 1570 1416 1607 imo
1444 1570 1672 1621 angustior,
1702 1569 1744 1606 in

303 1636 461 1660 summo
505 1621 645 1670 latior,
686 1620 924 1672 προπάλλον
963 1622 1027 1661 vel
1055 1625 1187 1676 potius
1222 1623 1399 1676 aliquid,
1445 1623 1552 1676 quod
1597 1622 1746 1660 factum

302 1685 362 1715 est
390 1675 643 1728 προπάλλειν
659 1706 670 1727 ,
699 1678 869 1715 eminere
895 1687 934 1716 et
958 1680 999 1717 in
1032 1680 1160 1718 oculos
1177 1681 1372 1718 incurrere
1390 1710 1402 1728 ,
1431 1677 1560 1731 qualis
1587 1678 1628 1716 in
1658 1678 1748 1716 Au-

302 1739 511 1783 gustarum
544 1732 855 1784 Byzantinarum
898 1734 1139 1786 imaginibus
1182 1734 1287 1787 apud
1315 1734 1604 1772 Rhamnusium
1625 1762 1635 1778 ‚
1675 1733 1743 1771 Du

303 1788 501 1837 Cangium
533 1794 625 1824 ante
654 1786 785 1825 Gloss.
819 1789 891 1826 Gr.
910 1788 994 1827 tab.
1015 1789 1069 1827 V.
1090 1796 1130 1827 ct
1158 1803 1261 1841 pone
1289 1789 1420 1828 Gloss.
1453 1789 1544 1828 Lat.
1565 1787 1651 1826 tab.
1666 1788 1743 1826 Vl.

302 1849 342 1879 et
373 1841 468 1880 Vll.
488 1843 805 1893 conspiciuntur.
863 1843 916 1881 V.
940 1844 1046 1882 idem
1075 1858 1117 1882 v.
1154 1842 1407 1894 Τυμπιίνιον.
1461 1844 1607 1882 Facete
1627 1842 1746 1881 Nice-

301 1903 362 1934 tas
395 1896 613 1935 Choniates
641 1911 680 1949 p.
708 1895 802 1935 282.
825 1898 878 1935 D.
906 1912 941 1937 1.
971 1897 1093 1937 talem
1122 1897 1384 1951 galericulum
1413 1895 1622 1949 κάθεδραν
1663 1897 1746 1946 α’,ιι-

302 1950 537 2004 φικέφαλον
564 1950 752 2004 appellat.
786 1953 952 1992 Veteres
982 1953 1077 1992 talia
1096 1949 1307 2006 στεφάνας
1337 1952 1606 2007 appellabant.
1639 1952 1744 1990 Nam

302 2001 490 2059 στεφάνη
520 2007 724 2045 diversum
754 2015 840 2046 erat
869 2022 893 2046 a
920 2004 1112 2062 στεφάτῳ
1129 2039 1139 2056 ,
1180 2016 1226 2046 ut
1262 2009 1365 2048 bene
1393 2009 1548 2047 monuit
1575 2007 1746 2046 casaub.

305 2061 356 2098 ad
386 2061 531 2101 Athen.
562 2076 599 2114 p.
632 2063 726 2103 552.
788 2063 866 2101 Hie
904 2064 1011 2101 enim
1054 2071 1111 2102 est
1139 2070 1247 2102 totus
1275 2064 1472 2102 rotundus
1500 2061 1743 2116 aequaliter,

302 2116 558 2167 permodicae
593 2116 838 2166 altitudinis,
872 2125 912 2156 at
940 2113 1122 2171 στεφάνη
1152 2125 1211 2157 est
1238 2133 1428 2172 procerus
1457 2117 1643 2163 circulus,
1671 2130 1742 2155 ne-

301 2184 380 2223 que
411 2185 566 2224 semper
596 2172 773 2224 aequalis
801 2187 873 2226 per
902 2174 1038 2211 omnia
1069 2172 1370 2226 amplitudinis,
1401 2181 1447 2212 ut
1469 2173 1596 2226 specie
1614 2179 1745 2209 turres

301 2227 343 2263 in
376 2227 582 2265 moenibus
610 2234 806 2266 exstantes
835 2228 1008 2277 referat,
1038 2229 1176 2267 itidem
1208 2227 1416 2282 στεφάνας
1436 2228 1574 2267 dietas.
1627 2226 1744 2264 Juvat

303 2281 443 2319 scitam
487 2282 578 2321 talis
618 2282 781 2321 modioli
819 2284 1124 2335 descriptionem
1165 2298 1186 2322 e
1233 2284 1432 2322 Busbekio
1473 2283 1644 2329 addere,
1674 2281 1743 2332 qui

299 2334 439 2387 Epist„
457 2337 492 2375 Ι.
524 2338 580 2375 ait
602 2369 612 2386 ‚
646 2352 686 2376 se
715 2339 756 2376 in
786 2339 1003 2391 Bulgaricis
1031 2339 1214 2378 foeminis
1243 2339 1364 2378 talem
1393 2339 1531 2391 capitis
1558 2342 1745 2374 ornatum

301 2391 461 2430 vidisse.
522 2392 639 2430 Nihil
651 2422 663 2442 ,
692 2394 747 2431 ait
763 2422 774 2442 ,
809 2403 891 2431 tam
940 2408 1082 2432 novum
1121 2395 1364 2442 occurrebat,
1403 2406 1522 2447 quam
1562 2391 1743 2428 turritum

299 2455 416 2499 caput
435 2476 445 2492 ,
475 2455 515 2485 et
537 2448 666 2499 galeri
697 2449 745 2497 (si
781 2450 836 2486 sic
859 2451 999 2486 vocari
1043 2451 1180 2502 potest)
1217 2451 1341 2503 plane
1364 2448 1547 2486 inusitata
1583 2446 1742 2496 forma.

300 2500 376 2538 Est
405 2502 473 2538 ille
502 2516 555 2540 ex
589 2504 775 2541 stramine
810 2504 967 2541 inducta
997 2504 1075 2542 tela
1090 2533 1100 2547 ,
1117 2504 1261 2558 ‘figura
1287 2504 1409 2557 plane
1443 2501 1642 2539 contraria
1679 2502 1742 2548 ei,

301 2568 379 2606 qna
403 2556 521 2609 apud
543 2571 614 2594 nos
651 2566 816 2596 utuntur
847 2560 1069 2596 rusticanae
1100 2560 1293 2597 mulieres.
1350 2557 1432 2594 Hic
1466 2557 1569 2593 enim
1602 2556 1644 2593 in
1671 2555 1744 2592 hu-

301 2621 429 2646 meros
458 2610 678 2650 demittitur
720 2621 757 2652 ec
792 2627 872 2667 qna
903 2613 1061 2667 infimus
1088 2613 1150 2666 [id
1177 2620 1236 2651 est
1264 2611 1382 2664 capiti
1414 2609 1631 2662 proximus]
1662 2619 1743 2658 est,

301 2661 357 2697 ibi
387 2664 598 2704 latissimus
634 2675 710 2715 est,
764 2668 906 2706 deinde
951 2670 994 2706 ιή
1022 2667 1276 2721 pyramidem
1301 2666 1569 2717 Jhstigiatar5
1609 2673 1745 2703 contra

309 2716 377 2753 ille
402 2718 543 2771 itfima
560 2730 682 2772 parte
710 2731 765 2760 ese
797 2723 1092 2774 angustissimus
1105 2752 1114 2770 ,
1159 2721 1297 2760 deinde
1323 2734 1445 2774 supra
1476 2729 1596 2775 caput
1623 2720 1748 2771 surgit
