1884 3132
299 129 411 198 452
615 147 689 189 10.
733 145 843 189 1Ac.
883 147 1080 189 REISKII
1118 146 1527 190 COMMENTARH·

415 251 464 291 C.
487 267 527 306 7.
552 251 667 306 [432
693 251 781 306 15.]
806 249 903 292 Ἰνδ.
927 248 975 298 ς’.
1033 251 1205 292 Indictio
1233 260 1342 292 sexta
1363 259 1403 292 et
1434 252 1491 293 A.
1521 252 1664 294 mundi
1695 268 1757 295 se-

303 307 485 348 cundum
514 309 691 347 Graecos
722 307 848 362 6471.
870 307 1013 346 incidit
1042 309 1084 345 in
1114 307 1166 346 A.
1190 309 1239 347 C.
1263 308 1361 363 963.

413 373 460 412 C.
491 387 551 414 11.
571 372 690 428 [453,
715 373 796 427 19.]
827 369 1218 425 παρακοιμώμενον.
1286 375 1641 415 Paracoemomeni
1685 391 1756 418 seu

301 429 552 469 accubitores
581 437 696 468 erant
724 430 800 467 viri
831 430 1024 467 maximae
1063 428 1267 481 dignitatis
1296 438 1336 469 et
1363 434 1566 484 potentiae
1594 434 1637 470 in
1664 433 1759 474 aula

298 486 547 539 Byzantina,
590 486 661 538 qui
698 485 738 523 in
778 482 986 531 conclavi,
1035 485 1143 536 quod
1179 487 1360 538 proxime
1411 494 1504 525 ante
1549 495 1759 528 coetonem

301 556 370 579 scu
401 541 684 579 dormitorium
720 539 924 592 imperiale
954 546 1064 586 erat,
1113 540 1393 587 dormiebant,
1434 541 1501 581 vel
1527 543 1661 596 potius
1689 557 1759 584 ex-

300 597 527 645 cubabant,
564 603 602 634 et
632 610 839 648 nunquam
867 594 919 632 ab
949 595 1033 632 eius
1073 593 1195 635 latere
1224 596 1470 635 decedebant
1492 626 1504 648 ‚
1542 605 1583 636 et
1609 598 1757 651 quibus

300 652 400 690 adeo
434 653 597 704 spiritus
630 651 887 703 Imperatoris
917 651 1000 702 ipse
1035 664 1161 702 paene
1205 651 1380 691 creditus
1409 659 1509 691 erat.
1565 653 1756 695 Eunuchi

297 707 538 760 plerumque
561 706 603 744 hi
636 714 775 755 crant,
808 705 916 743 conf.
947 720 988 757 p.
1006 703 1100 755 420.
1131 709 1183 745 D.
1205 708 1277 757 3.;
1308 721 1390 745 non
1417 715 1553 747 tamen
1581 723 1754 763 semper,

296 770 344 800 ut
362 769 518 801 constat
538 761 718 814 exemplo
729 761 863 800 Basilii
894 760 1142 811 Macedonis,
1185 763 1254 815 qui
1276 777 1654 815 paracoemomenus
1672 767 1758 805 Mi-

299 817 448 856 cha'elis
478 817 639 855 Ebriosi
670 817 758 856 fuit.
814 815 1032 854 Falluntur
1061 818 1190 866 enim,
1224 832 1312 856 mea
1341 819 1549 868 sententia,
1579 821 1648 872 qui
1675 834 1755 875 pu·-

295 880 384 911 tant
416 887 509 911 eum
549 867 925 923 παρακοιμώμενον
965 870 1039 922 τῆς
1072 871 1332 925 σφενδόνης,
1381 888 1451 912 scu
1495 874 1614 927 sigilli
1652 878 1753 930 regii

295 928 504 967 custodem
535 928 668 966 fuisse.
729 928 913 980 Dignitas
943 925 1042 964 haec
1070 927 1146 965 sub
1192 927 1588 982 Porphyrogennetis
1616 932 1754 984 ignota

296 991 382 1023 erat
404 1013 416 1034 ,
443 984 644 1022 recentius
676 990 771 1021 nata
801 982 876 1020 sub
897 981 1128 1022 Comnenis.
1188 983 1352 1022 Leviter
1381 992 1594 1038 corruptus
1622 994 1680 1026 est
1707 988 1751 1028 in

294 1038 370 1077 hac
403 1052 503 1078 voce
533 1038 774 1091 Luilprand.
808 1037 912 1075 Hist.
948 1037 1022 1073 III.
1061 1052 1102 1091 7.
1133 1052 1174 1090 p.
1210 1036 1342 1092 447.;
1383 1040 1518 1094 quibus
1560 1041 1619 1080 ad
1642 1051 1751 1082 tuen-

294 1094 391 1132 dum
414 1095 614 1148 palatium
646 1093 792 1147 [verba
818 1093 903 1130 eius
933 1088 1043 1141 s'unt]
1089 1094 1367 1148 tutandamque
1400 1109 1485 1133 rem
1515 1098 1747 1150 privatam,

293 1159 336 1187 ut
365 1151 451 1187 ctetic
478 1150 598 1188 moris
631 1158 711 1197 est,
747 1148 958 1186 eunuchum
985 1144 1113 1198 officio
1138 1149 1498 1189 Pat'aelzimmenon
1524 1151 1648 1190 dedit.
1697 1153 1746 1192 L.

293 1203 710 1254 Paraclzimomenon,
753 1202 890 1241 Italice
926 1216 1070 1255 nempe
1110 1205 1373 1256 pronuntiato
1406 1207 1454 1244 ch
1495 1213 1541 1244 ut
1573 1206 1612 1244 lr-
1674 1207 1751 1247 Vir

293 1258 437 1298 doctus
484 1260 643 1298 sinistre
683 1259 732 1297 ad
783 1257 894 1296 illum
935 1257 1067 1296 locum
1108 1260 1293 1297 coniecit.
1351 1257 1618 1310 Προκοίτους
1650 1262 1750 1302 tales

293 1314 496 1368 appellare
525 1315 686 1353 videtur
714 1313 960 1352 Themistius
991 1327 1032 1366 p.
1059 1312 1149 1351 138.
1173 1315 1228 1351 A.
1253 1315 1292 1353 3.
1319 1343 1330 1364 ‚
1368 1316 1429 1353 uti
1457 1315 1607 1354 ibidem
1634 1317 1750 1356 cubi-

293 1370 468 1409 cularios
496 1365 782 1415 κατευναστὰς
812 1366 1000 1421 appellat.
1058 1367 1150 1422 '‘[In
1189 1369 1328 1407 codice
1356 1369 1614 1422 epistolarum
1642 1372 1750 1413 Bibl.

290 1425 472 1464 Venetae
504 1432 724 1463 occurrunt
755 1418 1130 1476 παρακοιμώμενος
1163 1425 1238 1461 τοῦ
1266 1426 1489 1476 κοιτῶνος,
1531 1426 1748 1479 προκαθή-

291 1493 416 1531 μενος
446 1480 522 1519 rofi
551 1480 745 1525 κοιτῶνος
763 1510 774 1529 ,
832 1474 1062 1529 λογιστικὸς
1089 1477 1171 1517 τῶν
1200 1472 1459 1520 ἆνατολικῶν
1484 1478 1747 1537 θεμάτων.]*

294 1535 489 1574 Officium
518 1535 759 1574 accubitoris
789 1541 891 1584 erat,
923 1540 1081 1586 praeter
1110 1533 1290 1572 debitum
1312 1549 1446 1574 coram
1480 1538 1567 1589 ipso
1594 1537 1747 1578 cuban-

294 1591 337 1629 di
376 1598 447 1630 aut
486 1592 619 1644 potius
650 1590 886 1636 excubandi,
919 1603 1039 1641 supra
1067 1589 1219 1627 dictum
1239 1619 1250 1639 ,
1272 1591 1392 1629 etiam
1419 1591 1496 1630 hoe
1525 1592 1745 1644 interdum,

292 1654 340 1686 ut
370 1646 555 1700 spatham
582 1646 648 1685 vel
689 1659 822 1684 ensem
863 1643 1107 1697 imperialem
1145 1659 1280 1683 coram
1322 1646 1568 1699 Imperatore
1604 1662 1747 1700 proce-

294 1702 415 1741 dente
442 1702 690 1754 praeferret,
724 1708 763 1740 et
792 1699 1060 1738 admittendos
1089 1701 1197 1738 viros
1226 1700 1503 1741 honoratiores
1531 1702 1581 1741 ad
1610 1703 1746 1756 Impe-

294 1765 471 1796 ratorem
502 1758 803 1807 introduceret3
831 1755 915 1794 vid.
936 1755 1019 1792 Leo
1042 1756 1222 1793 Gramm.
1250 1770 1290 1808 p.
1323 1755 1420 1806 465.
1442 1758 1497 1796 D.
1517 1771 1559 1811 9.
1617 1758 1746 1798 Vide-

293 1820 364 1851 tur
402 1814 567 1851 nomine
605 1811 680 1851 τοῦ
722 1807 909 1864 φύλακος
937 1824 1316 1862 paracoemomenus
1356 1811 1562 1865 designari,
1585 1814 1626 1851 in
1666 1813 1744 1853 illis

294 1867 507 1922 Anonymi
537 1868 642 1921 apud
673 1868 740 1905 Du
773 1867 909 1918 Gange
937 1879 978 1903 v.
1001 1862 1276 1916 Βεστιάριοςε
1312 1863 1428 1913 ἐκτὸς
1444 1867 1519 1907 τοῦ
1546 1864 1742 1908 τοιούτου

404 1965 414 1982 ρ
610 1963 618 1978 ι
753 1965 767 1979 e
856 1967 876 1976 1-
901 1931 940 1959 Λ
1146 1966 1157 1979 r
1340 1964 1348 1977 π
1497 1959 1519 1975 ²¹
1728 1969 1740 1984 ς

293 1982 457 2023 χωριου
486 1970 715 2021 πηγνυσθω
744 1984 769 2021 η
798 1981 873 2007 του
905 1982 932 2005 α
959 1968 1198 2020 βεστιαριου
1227 1980 1352 2020 σκηνη
1379 1990 1462 1998 ---
1492 1970 1669 2009 omo-921¹
1695 1969 1744 2010 <rs

393 2035 429 2062 Λ

294 2068 374 2109 τοῦ
403 2085 430 2109 α
459 2070 699 2120 βεστιαριόυ
745 2067 771 2121 ἦ
816 2067 893 2107 τοῦ
921 2063 1133 2122 φύλακος,
1172 2067 1244 2107 καί
1282 2067 1459 2121 καθεξῆς
1499 2071 1742 2111 κοιτωνιτῶν

296 2121 371 2163 καί
406 2119 672 2177 ἓβὸομαρίων
715 2124 788 2162 καί
825 2124 976 2162 λοιπῶν
1012 2123 1095 2161 τῶν
1135 2121 1440 2162 διακονούντων
1465 2154 1477 2175 ‚
1508 2121 1662 2174 ὁμοίως
1688 2126 1741 2180 τῇ

295 2179 494 2234 βασιλικῇ
535 2178 756 2234 ὑπηρεσίᾳ.
817 2179 934 2217 Ratio
963 2178 1240 2231 appellationis
1280 2178 1420 2231 liquet.
1479 2179 1599 2229 Quod
1642 2180 1738 2219 olim

292 2242 622 2286 paramenontes,
660 2235 929 2287 paramonarii
951 2262 962 2282 ‚
994 2241 1351 2272 clrcummanentes
1379 2242 1512 2284 erant,
1557 2234 1599 2272 id
1625 2243 1739 2275 erant

294 2290 482 2343 deinceps
524 2289 882 2343 paracoemomcni.
940 2288 1039 2326 Nam
1070 2304 1228 2327 manere
1266 2297 1305 2327 et
1338 2289 1478 2327 cubare
1520 2296 1559 2327 et
1595 2289 1738 2339 μένειν

294 2351 416 2397 atque
446 2345 678 2394 κοιμᾶσθαι,
703 2359 777 2398 pro
804 2359 940 2396 agere,
971 2346 1126 2382 venari
1145 2346 1249 2382 eirca
1278 2344 1453 2398 aliquem
1480 2351 1618 2394 notat3
1648 2346 1734 2385 vid.

295 2414 418 2452 supra
448 2400 554 2438 dicta
584 2400 635 2438 ad
670 2415 712 2452 p.
736 2400 831 2439 238.
863 2401 909 2437 Β.
943 2399 994 2437 ad
1023 2398 1122 2437 illud
1150 2399 1238 2446 πιός
1268 2395 1442 2449 ἑῖιιεινεν.
1500 2398 1559 2437 Ita
1587 2401 1737 2448 κοιμᾶ-

293 2455 398 2492 σθαι
426 2451 505 2507 πρὸ
537 2451 731 2501 κοιτῶνός
759 2468 891 2504 τινος,
931 2455 1074 2493 cubare
1117 2469 1249 2493 coram
1284 2454 1512 2493 dormitorio
1540 2454 1703 2493 alicuius·
1720 2487 1731 2503 ‚

295 2508 393 2547 dixit
407 2511 616 2562 Epictetus
627 2512 668 2548 in
681 2511 850 2548 Dissert.
870 2509 1033 2548 Arrian.
1055 2525 1096 2562 p.
1118 2509 1206 2548 280.
1228 2523 1287 2548 ιο.
1317 2522 1390 2561 pro
1416 2515 1630 2560 perpetuus
1660 2510 1733 2563 ipsi

293 2576 426 2602 comes
463 2579 568 2616 esse,
614 2573 652 2604 et
696 2566 927 2604 Athenaeus
957 2580 992 2618 p.
1039 2564 1128 2618 189.
1148 2565 1199 2603 E.
1239 2561 1518 2616 etymologiam
1547 2563 1732 2604 dictionis

291 2619 387 2656 aula
410 2622 519 2671 regia
545 2621 643 2659 dans
663 2650 673 2670 ⁷
708 2621 789 2669 ait,
832 2621 937 2658 inter
966 2619 1042 2658 alia
1071 2619 1187 2658 aedes
1216 2632 1353 2671 regum
1380 2617 1501 2656 fuisse
1530 2618 1639 2657 aulas
1667 2620 1730 2659 di-

292 2678 374 2710 ctas
414 2670 485 2712 διὰ
528 2671 572 2713 τό
616 2673 957 2728 παραυλίζεσθαι
1001 2673 1072 2714 καί
1104 2671 1451 2727 παρακοιμᾶσθαι
1479 2670 1576 2720 τούς
1605 2673 1732 2728 δορυ-
