1884 3132
307 136 417 209 708
593 152 665 194 ιο.
705 152 810 195 1Ac.
846 154 1041 195 Rmsxn
1070 153 1448 197 commum

297 256 536 297 κατοικέσια
572 259 778 297 occasione
819 259 1123 322 immigrationis
1166 259 1206 298 in
1235 258 1379 309 aedes,
1411 260 1452 298 in
1480 258 1626 312 quibus
1652 273 1738 300 ma-

296 313 474 351 nendum
501 320 541 352 et
577 313 840 352 habitandum
869 314 949 363 sit,
991 314 1268 363 celebratum,
1301 313 1422 353 semel
1453 327 1584 367 neque
1610 316 1738 379 saepi-

296 381 360 407 us.
421 367 557 408 Officit
586 376 720 407 tamen
748 369 842 407 huic
868 369 1182 421 inteipretationi
1211 371 1438 422 appositum
1465 382 1535 407 και
1563 367 1707 432 ἐτήσια
1724 397 1739 418 ,

296 437 406 476 quo,
437 424 480 462 ni
501 423 653 475 fallor,
701 423 863 462 urbium
890 423 975 463 dies
1004 424 1155 463 natales
1187 426 1395 463 annuatim
1422 425 1602 463 renovati
1631 424 1738 463 deei-

295 486 487 531 guantur.

404 535 456 571 D.
477 533 518 573 6.
552 533 644 588 [601
671 563 683 583 ,
721 532 804 588 ¹7·]
835 532 1063 586 α’γραρίων.
1144 531 1344 586 Agrariae
1372 540 1486 573 erant
1513 548 1637 588 genus
1664 532 1741 572 ali-

293 588 402 640 quod
430 588 735 628 lenunculorum
752 618 763 638 ,
817 589 869 627 ita
892 618 903 639 ‚
956 596 1002 627 ut
1026 588 1187 627 videtur
1213 618 1225 639 ‚
1256 589 1501 642 appellatum
1518 617 1531 639 ‚
1561 588 1670 642 quod
1686 589 1740 632 ,in

293 657 408 696 agros
437 644 500 682 vel
527 645 761 683 rusticatum
799 644 842 682 in
885 643 1078 683 suburbia
1106 645 1281 696 peratica
1310 651 1448 684 euntes
1478 645 1741 697 Imperatores

291 698 414 737 vehe1
417 707 495 738 ent.

361 753 467 816 548.
492 753 544 792 A.
563 767 604 806 9.
635 753 744 808 [602‚
770 752 833 807 7.]
863 753 1196 806 προσυγγέιειαν.
1233 753 1293 792 Ita
1319 752 1429 793 dedit
1456 752 1645 793 librarius
1662 766 1738 807 pro

290 805 395 859 πρὸς
415 809 563 859 συγγέν
567 822 672 848 ειαν.
697 809 854 848 Scilicet
870 810 1053 848 G1aecul1
1072 808 1128 847 illi
1146 808 1225 847 l1b1
1227 823 1299 846 arn
1314 822 1423 861 ‚pro
1448 809 1586 849 eadem
1615 822 1738 863 quam

289 863 410 901 modo
438 864 626 902 notabam
646 865 846 910 socordia,
878 879 980 916 quae
1009 864 1271 917 geminandae
1306 871 1437 902 essent
1463 863 1644 915 litterae,
1673 877 1738 903 sa-

288 919 339 956 tis
370 918 444 956 sibi
474 919 602 958 facere
632 920 819 958 videntur
841 949 851 963 ,
905 921 936 957 si
967 933 1032 958 eas
1063 918 1260 971 simplices
1288 919 1467 971 pingant.
1527 920 1632 958 Hinc
1662 932 1740 957 na-

287 980 375 1011 tum
402 981 538 1012 nostro
568 974 643 1012 hoc
677 973 765 1012 loco
795 974 952 1020 vitium,
984 974 1093 1026 quod
1124 975 1244 1012 etiam
1273 973 1476 1012 Draudius
1505 988 1573 1013 seu
1604 975 1737 1014 Maius

286 1029 475 1076 videnat,
503 1035 549 1066 ut
575 1028 681 1078 alia,
708 1043 812 1081 quae
841 1031 1040 1067 neminem
1074 1027 1189 1066 facile
1234 1028 1400 1081 fugiant.
1459 1028 1609 1068 Contra
1639 1041 1737 1067 vero

285 1096 327 1135 p.
350 1083 441 1121 550.
459 1082 506 1121 C.
526 1081 568 1134 4.
599 1084 775 1136 geminat
804 1098 864 1132 σ,
891 1083 961 1121 ubi
991 1097 1071 1121 non
1101 1083 1340 1136 oportebat,
1370 1090 1409 1121 et
1441 1083 1587 1122 dividit
1613 1097 1737 1122 voca-

283 1136 428 1175 bulum
457 1151 585 1176 unum
614 1140 655 1176 in
685 1138 766 1176 duo
795 1134 898 1190 πρὸς
927 1133 1116 1201 σχήματι
1150 1138 1325 1176 scribens
1347 1151 1422 1190 pro
1449 1151 1732 1202 προσχηματι.

397 1192 482 1230 13.3
489 1192 649 1246 .‚[602
676 1192 766 1256 14.]
799 1188 1074 1255 ἐπονομάσαι.
1125 1189 1415 1242 Ἐπονομάζειν
1443 1191 1502 1238 εἰς
1530 1190 1606 1245 τήν
1634 1205 1737 1243 πρε-

285 1244 433 1296 σβείαν
461 1247 533 1298 τῆς
561 1243 762 1286 θεοτόκου
805 1254 864 1285 est
906 1261 1089 1286 mvocare
1119 1249 1397 1301 ριόῐεοῐιοηεηι
1425 1257 1466 1287 et
1494 1249 1735 1286 intercessio-

283 1315 371 1339 nem
400 1301 605 1355 Deiparae
619 1330 631 1350 ,
678 1309 747 1340 aut
789 1301 922 1340 saltim
967 1303 1093 1340 verbis
1126 1303 1317 1355 conceptis
1343 1302 1540 1357 profiteri,
1580 1315 1619 1340 se
1657 1303 1730 1341 Ιιοο

281 1357 350 1394 vel
381 1357 485 1394 zllud
513 1358 555 1394 in
588 1358 669 1394 eius
700 1371 855 1396 nomme
881 1357 1075 1411 ipsiusque
1127 1358 1355 1395 auctoritate
1385 1366 1424 1396 et
1472 1358 1515 1396 in
1550 1357 1735 1396 honorem

281 1412 364 1449 eius
402 1412 546 1449 facere.
608 1412 668 1450 lta
698 1414 893 1464 parasitus
923 1411 1091 1464 aliquis,
1123 1419 1312 1450 narrante
1339 1411 1549 1450 Athenaeo
1574 1425 1616 1464 p.
1637 1410 1734 1451 252.

283 1465 329 1503 C.
339 1467 537 1519 ,quoties
565 1466 794 1531 prander‚et
819 1468 903 1519 regi
929 1467 1126 1505 Thraciae
1154 1466 1339 1514 cuidam,
1368 1481 1488 1519 quem
1516 1465 1731 1519 captabat,

283 1521 501 1572 παοετίθει
527 1518 736 1573 τράπεζαν
765 1522 919 1574 χωρίς,
945 1522 1131 1560 statuebat
1155 1535 1327 1560 mensam.
1347 1530 1620 1584 sequestratam
1632 1535 1735 1588 pro-

279 1589 343 1637 pe
360 1576 499 1622 i‚llam
528 1591 548 1614 e
583 1591 661 1642 qua
694 1577 775 1631 ipse
820 1577 1043 1642 epularetur·
1066 1606 1076 1623 ‚
1126 1576 1359 1629 absentique
1387 1577 1597 1629 quamvis,
1640 1572 1734 1615 ὄνο-

283 1625 430 1679 μάζων
467 1630 524 1668 τῶ
564 1629 732 1680 δαίμονι
772 1643 843 1670 του
875 1630 1104 1682 βασιλέως,
1147 1633 1339 1685 conceptis
1377 1632 1506 1670 verbis
1529 1631 1732 1694 profitens,

286 1698 374 1722 eam
401 1699 440 1722 se
467 1700 580 1737 genzo
602 1700 705 1738 regas
725 1700 878 1724 sacram
899 1701 977 1724 esse
1006 1687 1108 1724 velle
1130 1695 1243 1740 atque
1262 1687 1392 1724 tubere
1408 1716 1418 1732 ‚
1447 1685 1512 1724 vel
1543 1687 1618 1738 ipsi
1643 1699 1733 1724 eam

285 1752 327 1777 se
355 1741 582 1792 propinare.
642 1741 767 1793 Apud
808 1741 979 1779 eundem
1020 1755 1059 1793 p.
1077 1739 1173 1790 426.
1204 1741 1318 1779 initio
1346 1740 1548 1795 Ulpianus
1581 1740 1732 1780 Cituci-

284 1800 350 1831 tus
378 1793 569 1847 poculum
595 1796 828 1850 accipiens,
856 1797 927 1835 hoc
964 1810 1033 1849 ego
1064 1795 1218 1835 aiebat·

1335 1867 1452 1925 τήνδ’
1479 1867 1559 1924 ἔγω

448 1924 604 1980 μεστὴν
632 1942 826 1979 απασαν,
856 1924 1119 1979 ἐπονομάσας
1155 1925 1387 1981 προπίομαι

449 1983 690 2034 συγγενέσι,
721 1982 915 2034 πίστωμα
949 1981 1104 2036 φιλίας

292 2046 432 2085 Totum
457 2048 619 2101 plenum
646 2050 855 2097 haur-lam,
889 2049 1110 2103 propinans
1138 2050 1311 2101 cognatis
1327 2077 1341 2111 .’
1381 2055 1588 2111 postquam
1619 2046 1732 2086 clara

284 2115 379 2139 voce
409 2104 569 2141 nomina
595 2117 730 2142 eorum
774 2105 926 2156 smgula
964 2113 1134 2142 cztavero
1160 2118 1202 2142 ιη
1250 2103 1447 2141 amzcitiae
1492 2111 1571 2141 test
1557 2101 1726 2157 ficano-

283 2169 389 2194 nem.
447 2157 534 2195 Hoc
565 2165 623 2196 est
650 2159 758 2211 quod
790 2159 890 2198 alius
918 2161 1035 2211 poe'ta
1064 2158 1173 2210 apud
1200 2158 1373 2197 eundem
1401 2171 1443 2210 p.
1465 2156 1560 2208 452.
1583 2157 1666 2195 Ε..

450 2218 693 2274 Προπόσεις
721 2218 887 2291 ὀρέγειν
906 2222 1091 2272 ἐπιδέξια
1134 2237 1204 2262 και
1233 2223 1536 2275 προκαλεῖσθαι

504 2278 828 2330 ἐξονομακλήδην
857 2271 887 2334 ᾧ
916 2278 1130 2330 προπίνειν
1159 2278 1330 2324 ἐθέλεις.

286 2341 374 2381 Hoc
418 2350 476 2381 est
516 2343 559 2391 ἐξ
589 2339 790 2393 ὀνόματος
835 2345 1066 2393 καλοῦντα,
1111 2341 1435 2394 ἐπονομάζοντα.
1507 2342 1726 2394 Propterea

287 2399 427 2435 καλεῖν
455 2398 527 2436 καί
556 2394 775 2448 ὀνομάζειν
803 2399 930 2452 iungit
947 2398 1154 2451 Appianus
1182 2399 1232 2437 de
1260 2399 1306 2436 B.
1341 2396 1532 2436 Parthico
1558 2396 1724 2448 p.136.

285 2451 375 2490 init.
406 2451 454 2490 de
484 2453 616 2501 Ateio,
650 2453 812 2492 t1ibun0
841 2454 993 2507 plebis,
1039 2454 1171 2492 Crassi
1213 2455 1255 2491 in
1282 2453 1453 2492 Parthos
1482 2450 1723 2515 expeditioni

284 2506 572 2546 intercedenti·
616 2504 778 2552 δεινούς
815 2522 930 2554 τινας
973 2523 1041 2546 και
1073 2503 1320 2552 ἀλλοκότους
1358 2502 1485 2550 {hove
1524 2503 1595 2543 ἐπὶ
1635 2507 1728 2552 ’ταῖς

285 2557 409 2608 α’ραΐς
437 2561 574 2600 καλῶν
591 2575 658 2599 και
680 2558 910 2627 ὀνομάζων.
964 2563 1055 2600 Non
1073 2576 1250 2616 possum,
1279 2562 1374 2614 quin
1390 2559 1467 2598 hoc
1494 2557 1600 2608 loco,
1627 2559 1727 2611 quid

284 2613 335 2650 sit
372 2612 505 2660 daig
492 2617 815 2668 επωνομασμένη
856 2618 963 2670 apud
1001 2617 1238 2680 Sophoclem
1265 2617 1418 2654 Electr.
1448 2627 1490 2651 v.
1511 2612 1604 2652 286.
1595 2642 1635 2676 .,
1657 2627 1726 2652 ex-

284 2680 447 2729 ponam.
519 2670 602 2708 Est
631 2685 778 2717 coena,
821 2672 871 2709 ad
901 2673 1014 2710 cuius
1055 2673 1299 2709 mentionem
1350 2668 1420 2706 δεῖ
1455 2662 1726 2717 ἐπονομάζειν

283 2716 381 2768 τούς
405 2724 735 2776 προστροπαίους
763 2739 832 2764 και
861 2723 1126 2774 αλεξικάκους
1151 2720 1279 2771 θεοὺς
1294 2753 1305 2771 ,
1346 2730 1498 2776 oportet
1521 2722 1612 2761 deos
1637 2736 1724 2762 ma-

1844 2950 1852 2957 *
1853 2675 1857 2679 ι

1855 2954 1861 2961 Ν
1859 2588 1884 2909 ..ᾳ-ιώ,
