1884 3132
311 153 423 224 766
596 172 667 210 ιο.
707 168 814 210 iAC.
856 171 1048 211 REisKn
1092 169 1471 215 COMMENTARII

306 274 443 312 Nostri
463 272 574 314 locus
591 289 633 328 p.
655 274 751 329 574.
774 275 819 313 C.
841 277 902 326 8.‚
936 276 1004 314 ubi
1028 276 1066 314 in
1088 276 1260 329 quadam
1282 272 1373 317 arca
1389 278 1535 319 dicitur
1550 278 1749 322 asservari

307 330 461 368 Bai-dae
498 330 675 370 Caesaris
717 331 891 370 maxilla.
957 332 1066 384 Ergo
1104 339 1232 371 totum
1275 348 1419 387 corpus
1452 336 1537 375 eius
1574 337 1744 377 relatum

307 384 432 424 CPlin
460 399 540 424 non
570 388 667 430 init„
709 387 776 424 sed
809 387 847 424 in
891 385 979 426 loco
1031 387 1100 425 illo
1131 387 1403 439 tumulatum,
1443 390 1513 429 ubi
1543 391 1745 433 confossus

307 440 382 479 suit
413 441 575 480 Bai-das.
635 441 806 480 Carebat
832 444 936 480 enim
967 444 1148 492 ratione,
1195 445 1235 482 in
1275 445 1452 484 eiusdem
1488 445 1626 499 templi
1666 448 1745 487 alio

306 496 469 549 quidem
499 496 585 535 loco
613 511 758 550 corpus
788 498 965 536 eiusdem
995 500 1095 546 viri,
1137 497 1217 537 alio
1257 507 1390 538 autem
1420 501 1625 540 maxillam
1667 503 1745 542 hu-

307 564 432 591 mare.
492 552 618 591 Malui
649 553 769 605 igitur
797 554 836 591 in
867 553 1020 592 Latinis
1050 553 1234 592 lacunam
1263 555 1503 609 relinquere,
1533 571 1654 610 quam
1683 559 1745 598 iu—

307 614 434 648 certas
463 608 710 647 coniecturas
734 608 843 647 dare.

417 663 470 701 D.
494 663 567 702 ult.
614 663 732 718 [642
770 662 856 716 22.]
897 659 1125 702 α’πόκειται.
1193 664 1291 703 Post
1328 665 1405 705 hoc
1453 666 1623 706 verbum
1661 675 1747 708 erat

309 732 481 758 vacuum
514 721 685 772 spatium
706 720 823 757 unius
855 733 1004 757 versus.
1066 718 1121 758 At
1141 719 1254 772 plura
1275 719 1422 767 deesse,
1450 730 1558 774 patet
1587 737 1632 761 ex
1659 738 1745 762 am-

306 774 435 813 bobus
467 774 678 827 catalogis,
716 788 889 827 quorum
919 775 984 811 Du
1009 774 1234 822 Gangianus
1264 775 1362 814 haec
1390 776 1526 828 habet,
1551 792 1575 817 a
1602 779 1747 831 quibus

308 830 398 869 AB.
428 844 553 882 paene
581 845 661 868 non
694 830 876 869 dlsccdit.
934 828 1090 867 Scilicet
1119 837 1205 882 post
1236 829 1380 870 factam
1410 834 1645 871 memoriam
1680 847 1748 872 ar·-

306 899 378 924 cac
407 885 575 936 Annae,
613 899 716 939 quae
749 886 823 924 suit
851 885 932 924 filia
962 885 1106 923 Leonis
1135 893 1173 924 ct
1203 886 1325 934 zoes,
1369 889 1503 927 statim
1543 889 1747 943 subiungit

308 939 406 980 hacc
432 941 519 979 DC.
537 956 547 979 :

353 1001 500 1060 εΕτέροι
530 1002 711 1060 λάρναξ,
742 1007 786 1046 ἐν
812 1000 842 1061 ᾖ
869 1003 1081 1045 ἀπόκειται
1113 1001 1352 1060 Νικηφόρος
1379 1004 1403 1045 ὅ
1435 1008 1636 1056 Φωκᾶς.““

353 1069 499 1126 Ἑτέρα
527 1070 704 1126 λάρναξ,
737 1072 781 1113 ἐν
809 1064 833 1127 ᾗ
867 1068 1081 1111 ἀπόκειται
1110 1068 1291 1124 ΙΠιχαὴλ
1320 1069 1343 1110 ὅ
1368 1069 1639 1128 Ἀμορῥαΐος.

353 1136 501 1191 Ἑτέρα
529 1135 709 1190 λάρναξ,
741 1139 784 1179 ἐν
815 1131 842 1191 ἧ
869 1131 1088 1176 ἀπόκειται
1107 1133 1320 1188 Ῥωμανὸς
1348 1134 1369 1178 ὃ
1399 1135 1491 1186 υἱὸς
1515 1141 1749 1182 Κωνσταν-

416 1203 530 1244 τίνου
553 1203 626 1243 τοῦ
642 1200 1049 1257 Πορφυρογεννήτου
1078 1199 1100 1240 ὁ
1119 1200 1337 1253 λεγόμενος
1355 1200 1402 1243 τὸ
1415 1201 1563 1244 Καλὸν
1591 1206 1750 1247 παιδ’ίν.

297 1252 484 1299 ’Έσωθεν
523 1260 600 1298 τοῦ
635 1259 769 1298 αὐτοῦ
814 1259 916 1298 ναοῦ
964 1255 1085 1309 ἑτέρα
1135 1255 1322 1309 λάρναξ,
1367 1258 1411 1299 ἐν
1467 1252 1494 1313 ᾗ
1531 1255 1751 1301 ἀπόχρη-αι,

309 1315 624 1360 Κωνσταντῑνος
651 1312 672 1352 ὁ
703 1313 1107 1368 Πορφρρογέννητος
1136 1311 1157 1351 ὁ
1189 1311 1373 1365 α’ὁέλφὸς
1401 1315 1477 1353 τοῦ
1505 1315 1749 1369 Βουλγαρο-·

309 1365 471 1410 κτὸνου.
530 1369 662 1423 [addit
690 1369 774 1408 AB.
806 1368 929 1407 οὗτοί
950 1366 1074 1421 εἰσιν]
1107 1366 1143 1406 οἱ
1174 1365 1260 1406 vioe
1283 1367 1503 1419 Ῥωμανοῦ
1529 1372 1606 1409 τοῦ
1634 1372 1751 1423 λεγο-

307 1423 436 1475 μένου
468 1421 615 1464 Καλὸν
642 1415 894 1472 παιὸ“ι“ν,,ὦν
921 1419 1058 1474 μήτηρ
1092 1421 1296 1475 Θεοφανώ
1337 1423 1362 1476 ἦ
1404 1423 1570 1478 κειμένη
1607 1424 1667 1472 εἰς
1701 1422 1748 1466 τὰ

309 1476 441 1528 δεξιὸν
469 1477 598 1531 μέρος
624 1478 696 1518 τοῦ
723 1479 826 1518 ναοῦ
859 1478 931 1517 τοῦ
960 1475 1144 1527 μεγάλου
1178 1476 1518 1519 Κωνσταντίνου.

307 1536 429 1586 Quod
457 1536 499 1574 in
538 1535 600 1573 his
639 1541 944 1573 monumentum
982 1534 1151 1572 Romani
1183 1542 1436 1584 recensetur,
1477 1536 1644 1574 miratus
1672 1535 1748 1586 fui,

305 1598 518 1644 postquam
545 1591 596 1629 T.
619 1591 674 1628 II.
734 1590 931 1628 ltinerarii
957 1588 1148 1641 Sponiani
1171 1589 1246 1641 legi
1275 1603 1316 1641 p.
1345 1589 1406 1628 15.
1433 1592 1624 1629 versionis
1646 1591 1748 1629 Ger-

307 1649 514 1698 manicae,
544 1646 737 1698 Sponium
769 1646 808 1683 in
841 1646 1080 1683 monasterio
1112 1645 1154 1682 S.
1191 1645 1322 1682 Lucae
1362 1645 1467 1683 inter
1493 1645 1672 1698 Delphos
1710 1652 1751 1685 et

304 1702 493 1752 Thebas,
546 1701 598 1740 ab
642 1703 718 1740 isto
766 1701 948 1739 Romano
997 1700 1185 1748 condito,
1234 1699 1378 1738 vidisse
1417 1700 1596 1752 sepulcra
1638 1700 1749 1752 duo,

306 1771 434 1796 unum
471 1772 517 1796 ex
547 1756 837 1795 monachorum
864 1754 1077 1794 traditione
1107 1756 1279 1793 Romam·
1291 1755 1423 1809 Imp.‚
1449 1755 1539 1809 filii
1560 1755 1751 1794 Constan-

305 1814 382 1852 tini
409 1813 456 1852 V
450 1813 535 1862 IL,
562 1813 710 1866 nepotis
740 1812 908 1862 Leonis,
939 1810 1110 1848 alterum
1139 1810 1270 1848 uxoris
1298 1810 1397 1849 eius.
1457 1810 1610 1849 Ibidem
1636 1810 1753 1849 affert

306 1868 479 1922 Sponius
508 1869 807 1919 inscriptionem
827 1867 1022 1905 Graecam
1050 1865 1223 1903 duorum
1252 1878 1440 1904 versuum
1469 1865 1750 1916 iambicorum,

309 1923 654 1976 Constantinopoli
684 1937 706 1961 a
736 1936 777 1961 se
805 1929 1078 1974 conspectam,
1109 1935 1230 1973 quam
1258 1928 1374 1973 putat
1401 1921 1453 1960 ad
1483 1921 1585 1959 illud
1611 1934 1755 1959 mona-

309 1981 476 2018 sterium
503 1980 725 2031 respicere3
755 1991 835 2030 quo
863 1979 976 2025 iure,
1007 1978 1088 2028 ipse
1119 1976 1276 2014 viderit.
1334 1977 1471 2026 Quum
1497 1983 1628 2015 tamen
1658 1974 1752 2014 nul-

310 2033 381 2073 libi
427 2034 584 2072 dicatur
612 2047 636 2071 a
663 2033 923 2084 scriptoribus
952 2033 1157 2070 Romanus
1186 2030 1284 2068 CPli
1313 2031 1546 2081 excessisse,
1575 2030 1646 2069 sed
1676 2032 1754 2069 ibi-

309 2089 401 2128 dem
431 2090 538 2127 diem
566 2103 683 2128 suum
713 2102 947 2140 supremum
977 2087 1146 2133 obierit,
1178 2085 1387 2138 probabile
1415 2093 1485 2135 est,
1521 2086 1640 2124 fimus
1667 2087 1754 2124 eius

309 2146 351 2183 in
378 2144 554 2183 tumulos
585 2145 782 2182 maiorum
811 2143 965 2181 illatum
995 2142 1135 2186 fuisse,
1167 2155 1397 2194 meramque
1425 2155 1508 2180 esse
1535 2140 1754 2179 monacha-

311 2199 392 2239 lem
420 2199 595 2238 fabulam
626 2213 738 2244 eam.
782 2213 903 2251 quam
931 2198 1080 2249 Sponio
1108 2196 1366 2234 obtruserunt
1393 2195 1595 2237 Graeculi.

396 2255 491 2308 572.
522 2254 575 2292 A.
601 2255 641 2293 3.
685 2252 798 2308 [644,
829 2254 889 2305 5.]
926 2250 1235 2290 Ἰουστινιανοῦ.
1305 2247 1513 2304 *[Νεκρὸς
1543 2250 1751 2289 Iustiniani

313 2310 497 2349 inventus
536 2316 594 2347 est
637 2324 660 2348 a
699 2308 880 2358 Latinis,
925 2321 998 2345 nec
1036 2308 1063 2344 ii
1108 2320 1251 2344 manus
1295 2306 1346 2344 ab
1381 2320 1427 2344 eo
1455 2306 1751 2344 abstinuerunt.

310 2363 476 2419 Fragm.
508 2364 639 2402 Nicet.
668 2364 795 2402 Chon.
829 2362 935 2415 apud
965 2361 1126 2400 Fabric.
1149 2361 1253 2399 Bibl.
1277 2363 1349 2399 Gr.
1370 2361 1419 2399 T.
1443 2362 1518 2399 VI.
1547 2374 1588 2412 p.
1610 2357 1752 2411 405.]*

423 2420 477 2458 A.
500 2418 541 2457 6.
572 2417 685 2473 [644,
704 2420 764 2469 5.]
792 2414 992 2470 Ὀστρίτῃ.
1052 2417 1148 2454 Vid.
1184 2417 1392 2454 Constant.
1421 2417 1507 2454 Vit.
1549 2413 1668 2452 Basil.
1708 2427 1750 2466 p.

314 2489 407 2514 201.
467 2475 631 2512 Dictum
651 2473 810 2512 videtur
831 2473 908 2511 hoc
938 2486 1059 2524 genus
1103 2473 1312 2510 marmoris
1347 2463 1583 2519 ab³¹Oorpog
1623 2475 1662 2506 et
1682 2461 1753 2508 '‘O—

312 2543 480 2580 στρους,
509 2529 596 2567 loco
628 2529 667 2566 in
698 2529 873 2582 Phrygia
904 2527 1107 2576 Salutat-13
1138 2526 1220 2565 vid.
1250 2525 1425 2564 Hierocl.
1455 2522 1691 2578 Synccdem.
1711 2537 1757 2576 p«

312 2583 408 2637 676.
442 2591 481 2623 et
512 2584 568 2622 ibi
600 2583 684 2622 Cel.
712 2583 1036 2634 Wesselingium.

425 2639 478 2677 A.
503 2654 542 2692 7.
571 2637 686 2689 [644
705 2637 765 2690 G.]
790 2635 1093 2689 Ἵεραπολίτου.
1152 2635 1220 2674 Ab
1249 2633 1478 2687 Hierapoli,
1509 2632 1609 2671 urbe
1627 2632 1754 2686 Phry-

315 2695 427 2746 giae,
473 2696 555 2731 sive
589 2693 807 2740 Salutaris,
849 2694 931 2731 sive
970 2692 1207 2730 Pacatianae
1250 2689 1377 2728 malis.
1443 2688 1546 2725 Nam
1582 2695 1752 2740 utraque

317 2747 494 2801 Phrygia
516 2747 748 2800 llierapolin
778 2746 942 2796 habuit3
984 2746 1068 2784 vid.
1090 2744 1261 2785 Wessel.
1291 2744 1318 2782 l.
1343 2758 1377 2786 c.
1405 2757 1446 2796 p.
1468 2742 1562 2782 665.
1592 2750 1631 2782 et
1657 2741 1756 2796 6761
