1884 3132
329 146 439 202 388
603 164 676 207 10.
716 161 820 208 IAC.
860 166 1056 208 REISKII
1096 163 1472 210 COMMENTARH

330 267 508 307 adhibito
541 274 581 308 et
615 270 778 309 abeunti
807 269 929 309 dabat
958 285 1117 310 saccum
1143 273 1350 312 cervinum
1380 276 1545 326 argento
1572 269 1739 326 plenum
1753 302 1767 323 ‚

328 329 375 361 ut
399 323 583 376 perhibet
603 326 759 364 Donizo
781 328 823 364 in
845 327 941 364 Vita
961 326 1167 366 Mathildis
1193 328 1240 366 L.
1260 328 1295 366 I.
1319 342 1355 366 c.
1386 341 1472 366 120:
1708 336 1711 339 '

490 381 580 419 Rex
595 382 669 419 sihi
698 391 909 420 mastrucas
933 391 1024 435 post
1050 397 1176 420 escam
1197 383 1374 421 maxime
1391 383 1552 436 pulcras

490 435 673 474 Donavit
687 466 698 485 ,
729 436 879 490 florent
902 439 1058 490 pariter
1082 451 1231 492 quoque
1256 438 1490 491 pellic-eones

492 490 584 528 Hoc
597 492 698 543 reglis
718 491 933 549 [Henrici]
952 506 1087 531 mimus
1113 492 1220 531 ducis
1249 491 1472 546 [BOnisacii]
1494 491 1553 531 ad
1568 506 1771 531 camaram

591 546 648 600 [id
677 555 736 585 est
766 554 995 598 coetonem,
1026 548 1266 595 ⁴vestiarium
1280 577 1291 596 ‚
1311 545 1618 601 thesaurariam]
1653 547 1768 600 tulit,

589 615 706 640 unum

491 654 533 694 E
533 664 551 699 ι
571 658 718 695 coriam
743 658 876 709 cervi,
895 656 1003 711 qaod
1021 659 1147 696 narnis
1180 659 1262 712 ipse
1280 658 1460 712 replevit.

326 707 442 750 Idem
465 725 554 763 cap.
578 710 619 762 4.
638 725 650 750 τ

958 767 1069 806 dedit
1084 768 1150 806 illi
1167 768 1343 822 plurima
1357 769 1496 821 grans.

494 821 679 861 Cet-vinos
700 823 838 877 plenos
861 825 987 861 munis
1013 837 1142 861 saccos
1162 823 1361 862 duodenos

493 878 682 932 Liquerat
702 880 743 916 in
768 879 938 932 propria
958 879 1110 930 genitor
1128 892 1289 917 camara
1313 878 1512 918 Camcsina
1533 907 1545 927 ‚

496 933 601 986 Quos
622 934 777 987 penitas
799 942 894 971 totos
913 933 1025 971 dedit
1049 946 1123 971 uno
1148 942 1319 987 tempore
1341 933 1460 972 dono.

327 984 510 1025 Pertinet
531 987 611 1025 huc
636 1001 796 1040 quoque
828 987 939 1026 locus
967 987 1213 1026 Theodoreti
1237 1002 1417 1027 sermone
1449 987 1524 1028 IX.
1556 986 1608 1026 ad
1642 987 1768 1033 Grae-

329 1054 421 1079 cos:
453 1042 699 1092 συλλέγουσι
738 1039 790 1081 ἰα
820 1040 1039 1094 ψήγματα,
1069 1040 1340 1095 διορύσσουσι
1365 1038 1418 1082 τὰ
1439 1041 1625 1092 μέταλλα
1645 1072 1656 1091 ,
1698 1042 1771 1082 καί

327 1093 529 1147 ἐπίσημον
578 1096 754 1150 [cusum]
792 1093 1006 1148 γενόμενον
1039 1093 1107 1136 τὸν
1143 1093 1304 1148 χρυσὸν
1341 1095 1415 1136 καὶ
1450 1093 1521 1136 τὸν
1546 1093 1768 1148 βασιλικὸν

328 1145 552 1199 δεξάμενον
576 1151 853 1204 χαρακτῆρα,
886 1150 939 1189 ου’
961 1147 1120 1203 χρυσὸς
1149 1148 1332 1202 ἔξωθεν,
1380 1151 1472 1191 ἀλλ’
1515 1145 1543 1204 ἢ
1578 1149 1769 1190 σκύτιναι

327 1196 356 1255 ἢ
386 1201 550 1251 ξύλιναι
591 1206 844 1259 φυλάττουσι
884 1205 1027 1257 θῆκαι.
1087 1206 1292 1245 Succurrit
1336 1207 1411 1246 hac
1441 1208 1648 1245 occasione
1664 1235 1676 1257 ,
1717 1205 1769 1245 de

327 1271 427 1298 voce
441 1261 650 1314 persicizcm
669 1262 909 1314 disputanti,
933 1260 1044 1300 locus
1067 1261 1251 1314 Agnelli,
1278 1263 1343 1300 cui
1374 1276 1451 1302 vox
1489 1261 1558 1300 illa
1578 1261 1679 1300 forte
1701 1274 1767 1300 re-

327 1314 529 1354 stituenda
545 1317 609 1354 sit.
664 1317 737 1355 Est
757 1331 797 1369 p.
827 1315 917 1357 155.
939 1316 1032 1359 edit.
1053 1317 1275 1355 Murator.:
1307 1315 1555 1360 Abiecerunt‚
1579 1317 1652 1366 ait,
1663 1316 1766 1367 jbe-

328 1370 460 1408 minae
502 1372 544 1408 in
587 1371 690 1410 lacta
722 1372 879 1426 publico
924 1372 1078 1410 inaures
1110 1380 1149 1409 et
1166 1372 1330 1410 annulos
1367 1381 1407 1410 et
1440 1371 1650 1417 dextraria
1678 1369 1766 1424 [ar-

330 1423 481 1478 millas]
503 1434 540 1463 et
559 1426 800 1479 pereselidas
825 1426 883 1480 [id
907 1433 965 1464 est
993 1426 1265 1480 periscelidas]
1286 1435 1323 1465 et
1348 1427 1513 1465 monilia
1536 1434 1574 1464 et
1590 1425 1767 1477 obfacto-

330 1480 396 1516 ria
426 1475 471 1518 et'
501 1494 591 1518 acas
626 1491 664 1520 et
702 1482 856 1535 specula
897 1490 936 1519 et
960 1482 1113 1520 lunulas
1155 1490 1194 1520 et
1225 1482 1380 1530 liliola,
1421 1481 1587 1536 [figuras
1623 1493 1766 1520 aureas
1809 1530 1822 1536 μ

329 1533 382 1572 ad
411 1533 588 1574 liliorum
622 1538 747 1575 instar
783 1536 907 1575 factas
925 1565 936 1586 ,
977 1550 1075 1589 quas
1112 1550 1230 1590 super
1261 1537 1392 1575 fronte
1413 1565 1424 1586 ,
1448 1543 1517 1574 aut
1553 1535 1673 1574 etiam
1695 1549 1766 1589 pe-

330 1595 442 1627 ctore
464 1590 685 1643 gerebant,]
708 1592 914 1646 praesidia
936 1600 973 1629 et
1001 1591 1211 1635 laudosias,
1266 1592 1348 1630 Pro
1362 1605 1461 1630 voce
1476 1590 1682 1645 praesidia
1699 1596 1767 1629 re-'-

329 1645 561 1696 ponendum
582 1654 717 1698 putem
742 1654 812 1685 aut
829 1646 1032 1701 prandea,
1064 1646 1106 1684 id
1125 1653 1183 1685 est
1211 1648 1362 1686 taenias
1387 1647 1530 1685 sericas
1548 1674 1561 1695 ,
1598 1652 1670 1683 aut
1693 1659 1767 1698 po-

330 1698 411 1736 tius
436 1699 624 1740 brasiolia
644 1731 654 1749 ,
684 1701 838 1750 fascias,
876 1701 1021 1754 quibus
1047 1701 1210 1740 brachia
1234 1701 1440 1753 illigabant
1458 1729 1470 1750 ‚
1498 1706 1569 1740 aut
1601 1699 1765 1739 tandem

326 1755 519 1807 persicia,
544 1755 585 1793 id
612 1763 670 1794 est
701 1755 883 1795 bursulas
898 1786 908 1806 ,
935 1755 1072 1809 quales
1092 1757 1224 1795 medio
1255 1770 1354 1795 aevo
1379 1769 1498 1808 super
1528 1754 1698 1808 cingulis
1725 1762 1766 1794 et

331 1807 396 1846 his
416 1811 722 1850 circumvolutas
739 1840 750 1861 ‚
775 1819 956 1850 ventrem
978 1811 1220 1860 ambientes,
1248 1818 1317 1849 aut
1343 1812 1463 1850 etiam
1497 1824 1520 1849 e
1546 1809 1765 1848 femoribus

331 1862 612 1915 dependentes,
644 1866 850 1918 gestabant
866 1896 875 1913 ,
898 1880 1086 1919 magnum
1110 1867 1150 1904 in
1165 1867 1213 1905 iis
1233 1866 1411 1904 luxuriae
1437 1871 1673 1918 quaerentes
1695 1878 1762 1908 ar-

333 1927 589 1970 gumentum,
631 1928 824 1973 tantoque
860 1920 948 1959 illas
981 1921 1231 1974 pretiosiores
1267 1928 1306 1959 et
1342 1921 1565 1959 ornatiores
1595 1932 1695 1957 auro
1725 1925 1767 1959 et

335 1975 500 2024 gemmis
521 1982 562 2013 et
591 1977 814 2029 margaritis
849 1975 1034 2015 iactantes
1050 2006 1060 2023 ,
1104 1983 1253 2028 quanto
1280 1976 1370 2028 quis
1393 1981 1494 2014 esset
1527 1973 1703 2013 nobilior
1722 1981 1764 2014 et

334 2027 586 2079 opulentior,
617 2038 662 2068 ut
694 2033 877 2083 protinus
913 2045 935 2069 e
969 2031 1078 2069 zonis
1110 2038 1150 2069 et
1184 2031 1314 2069 bursis
1346 2029 1424 2068 illis
1439 2029 1597 2083 agnosci
1633 2036 1764 2081 posset

333 2081 508 2122 hominis
534 2085 723 2123 conditio.
780 2086 835 2124 Et
856 2087 950 2138 quia
980 2087 1109 2138 pictae
1130 2085 1206 2124 filis
1229 2085 1358 2124 aureis
1381 2092 1420 2123 et
1449 2083 1645 2138 argenteis
1669 2081 1762 2122 illae

333 2146 479 2187 bursae
498 2149 676 2188 solebant
700 2164 784 2189 esse
798 2180 809 2200 ,
838 2150 931 2188 hine
955 2151 1083 2189 dictae
1107 2151 1269 2189 fuerunt
1285 2152 1506 2205 marsupia,
1557 2135 1761 2200 Ulb‘of,

333 2201 376 2240 id
406 2210 465 2241 est
481 2218 542 2242 res
560 2219 675 2259 opere
695 2207 951 2259 phrygionico
969 2207 1203 2244 elaboratae.
1261 2206 1335 2244 Est
1350 2206 1455 2244 enim
1480 2219 1556 2246 vox
1573 2202 1763 2242 Arabica.

335 2257 456 2306 Quod
478 2266 609 2297 autem
643 2260 693 2298 ad
722 2267 962 2312 postremam
982 2274 1120 2300 vocem
1154 2261 1349 2299 laudosias
1379 2262 1540 2310 attinet,
1573 2257 1762 2297 videntur

333 2311 533 2351 laadosiae
548 2343 559 2363 ,
595 2321 634 2352 et
659 2329 760 2367 quae
781 2314 909 2362 idem,
934 2317 975 2353 ni
992 2314 1109 2354 fallor
1127 2344 1138 2365 ,
1170 2316 1392 2368 significant
1418 2314 1638 2360 lundanae,
1665 2312 1763 2362 (vid.

334 2365 402 2403 Du
429 2367 562 2420 Gange
590 2368 632 2407 h.
655 2372 713 2420 v.)
739 2383 822 2407 esse
844 2369 1021 2409 armillae
1048 2371 1246 2422 precariae
1263 2400 1275 2421 ,
1303 2372 1478 2417 rosaria,
1513 2368 1632 2406 series
1662 2380 1759 2405 con-

334 2419 442 2459 filata
457 2422 758 2474 sphaerularum
775 2426 994 2463 vitrearum
1015 2424 1300 2477 lignearumve,
1319 2432 1387 2463 aut
1404 2431 1443 2462 et
1462 2422 1756 2476 pretiosiorum,

335 2474 387 2511 ad
427 2491 595 2528 quarum
620 2493 832 2517 numerum
862 2479 1010 2518 multae
1041 2479 1288 2519 Christianae
1321 2486 1478 2532 gentes,
1501 2475 1761 2516 mulierculae

334 2532 570 2582 praecipue,
600 2540 638 2571 et
675 2547 698 2571 a
730 2533 963 2573 Christianis
997 2535 1255 2574 orientalibus
1286 2535 1391 2572 docti
1430 2530 1760 2570 Muhammedani

333 2595 468 2632 preces
503 2600 593 2625 suas
629 2587 842 2627 absolvunt
871 2597 909 2627 et
938 2589 1012 2628 deo
1039 2595 1315 2628 annumerant.
1374 2586 1526 2626 Arabes
1564 2585 1659 2624 talia
1690 2585 1758 2625 fila

333 2646 605 2689 orbiculorum
638 2645 847 2701 &Ul-Smne,
879 2654 1155 2703 Musabbelzat,
1200 2654 1240 2692 id
1258 2660 1315 2692 est
1330 2652 1553 2691 laudatoria
1576 2680 1586 2697 ,
1621 2650 1757 2703 appel—

333 2697 442 2753 lant3
473 2706 583 2758 quia,
610 2709 678 2759 qui
704 2722 750 2747 ea
776 2708 960 2748 manibus
986 2716 1121 2749 tenent
1146 2715 1186 2748 et
1205 2715 1366 2749 versant
1386 2736 1398 2760 ,
1417 2706 1538 2746 deum
1559 2704 1724 2745 laudant
1741 2733 1755 2757 ‚
