1884 3132
285 119 400 198 470
600 137 672 178 10.
713 138 818 179 1Ac.
857 139 1056 179 REISKII
1095 138 1475 182 COMMENTARu

286 239 435 294 gloriae
461 240 779 295 ornamenta-T*
839 242 1059 296 Cingulum
1086 257 1169 282 non
1197 243 1452 298 chlamydem
1469 273 1482 294 ‚
1511 245 1582 285 sed
1607 245 1736 293 chito-

282 310 405 344 nem,
445 296 768 347 constringebat,
817 305 857 336 et
896 313 990 337 raro
1020 297 1201 352 chlamys
1244 298 1352 338 ultra
1398 300 1575 339 medium
1604 300 1736 341 femur

285 350 542 403 procedebat.
602 351 746 391 Chiton
781 360 839 390 est
870 355 1031 406 proprie
1058 355 1179 392 vestis
1207 354 1368 404 talaris,
1397 354 1622 394 DalmatIca
1651 370 1739 396 me·-

289 405 357 443 dio
386 419 485 444 aevo
515 406 636 445 dicta.
696 408 867 446 Manicis
895 409 1058 447 carebat
1088 408 1284 463 chlamys,
1311 417 1352 448 at
1382 408 1518 449 chiton
1546 409 1738 461 habebat,

287 468 393 499 certe
432 458 685 514 plerumque.
759 463 861 501 Nam
894 471 1007 503 erant
1035 477 1196 518 quoque
1225 464 1404 505 chitones
1432 466 1580 519 absque
1607 467 1738 505 mani-

289 517 370 565 cis,
400 515 554 556 colobia
591 518 720 556 dictae
743 548 753 565 ,
788 525 827 556 et
857 515 1090 570 δι’σχιστοι,
1134 521 1327 572 quoniam
1356 528 1447 559 ante
1466 527 1507 559 et
1533 528 1643 559 retro
1670 535 1739 560 su-

290 585 364 624 per
390 578 562 624 utraque
610 572 786 612 mamilla
836 587 963 627 usque
1002 574 1053 612 ad
1083 574 1204 614 finem
1249 575 1433 628 scapulae
1461 577 1571 615 scissi
1599 583 1737 624 erant,

288 626 428 680 quales
458 628 498 666 in
529 628 761 681 Menologio
775 629 973 668 Basiliano
1005 631 1154 682 passim
1173 637 1231 669 est
1256 631 1393 670 videre
1413 661 1425 683 ,
1458 633 1739 684 antiquitatem

289 679 474 721 altiorem
501 683 741 723 redolentes.
817 684 1062 737 Plerumque
1090 692 1224 724 tamen
1253 694 1366 725 erant
1394 689 1582 726 manicati
1609 686 1740 726 chito-

289 750 360 776 nes
403 740 625 777 recentiore
682 740 881 778 instituto.
941 740 1046 778 Hinc
1075 741 1348 793 Luitprandus
1378 743 1551 781 Graecos
1599 743 1740 782 aetatis

289 806 386 831 suae
414 795 626 845 tunicatos,
661 796 874 833 manicatos
891 809 963 848 per
990 794 1210 834 ludibrium
1239 796 1426 850 appellat.
1488 797 1592 836 Hinc
1621 797 1740 836 etiam

291 847 486 887 invidiam
518 857 557 888 et
592 849 941 903 reprehensionem
990 850 1065 888 sibi
1095 851 1333 890 conciliabat
1364 852 1470 904 apud
1498 866 1589 891 suos
1617 853 1740 891 Caro-

292 900 355 941 lus
387 902 535 949 Calvus
564 919 658 955 rex,
699 906 808 957 qnod
845 905 896 943 de
923 904 1049 944 Italia
1077 906 1119 944 in
1153 907 1332 945 Galliam
1361 908 1512 946 rediens
1541 922 1664 946 novos
1704 916 1744 947 et

292 958 465 997 insolitos
505 960 657 999 habitus
684 962 861 999 assumsit
879 990 890 1006 ‚
921 966 967 999 ut
996 967 1193 1000 testantur
1226 961 1404 1000 Annales
1432 961 1652 1001 Fuldenses
1691 962 1743 1002 ad

291 1013 346 1051 A.
373 1013 470 1067 876.
525 1013 588 1053 Illi
627 1014 791 1054 habitus
831 1018 995 1067 quinam
1041 1020 1161 1055 sunt?
1217 1016 1327 1056 Nam
1362 1018 1510 1065 talari,
1538 1025 1742 1070 pergunt,

291 1067 524 1107 Dalmatica
546 1069 700 1108 indutus
726 1079 763 1108 ec
801 1070 951 1109 baltheo
976 1072 1167 1109 accinctas
1190 1101 1200 1117 ‚
1245 1073 1372 1126 capite
1398 1074 1520 1111 serico
1543 1073 1742 1111 velamine

294 1124 489 1162 involatus
495 1125 707 1178 procedere
718 1125 876 1163 solebat.
902 1126 1017 1176 Quae
1029 1125 1094 1164 hic
1107 1134 1352 1169 memoratur
1369 1130 1487 1166 vestis
1499 1127 1636 1166 talaris
1651 1126 1744 1166 Dal-

293 1180 455 1225 matica,
470 1178 537 1218 illa
554 1187 612 1218 est
632 1179 783 1219 chiton.
813 1181 875 1218 Ea
895 1179 1055 1233 cingulo
1078 1181 1421 1234 adstringebatur.
1482 1183 1627 1222 Aetate
1640 1182 1746 1222 Pro-

295 1236 399 1286 copii
429 1233 667 1274 affectabant
705 1235 935 1274 factionales
963 1237 1006 1273 in
1035 1236 1264 1275 chitonibus
1294 1238 1469 1276 manicas
1497 1238 1548 1276 ad
1577 1252 1743 1290 carpum

293 1290 477 1337 strictas,
525 1290 576 1329 ad
605 1290 762 1328 humeri
792 1299 913 1342 caput
940 1291 1166 1343 peramplus
1195 1299 1348 1345 gestare
1371 1323 1382 1339 ‚
1413 1307 1534 1345 quem
1561 1292 1628 1332 ille
1657 1307 1744 1332 mo-

294 1357 380 1382 rem
397 1345 522 1384 facete
548 1345 652 1383 ridet
668 1345 898 1384 Anecdotae
925 1345 1116 1385 historiae
1143 1361 1185 1399 p.
1216 1347 1305 1397 32„
1333 1348 1403 1401 qui
1430 1347 1539 1387 locus
1565 1347 1747 1387 nonnul-

295 1397 334 1437 la
362 1414 446 1439 rem
475 1401 703 1439 vestiariam
732 1400 838 1440 illius
870 1402 1010 1440 aetatis
1039 1400 1282 1441 illustrantia
1310 1402 1608 1456 complectitur,
1641 1417 1746 1456 quo-

295 1468 388 1492 rum
428 1462 582 1507 partem
629 1457 672 1497 in
719 1455 995 1495 dissertatione
1042 1457 1091 1495 de
1137 1456 1245 1496 hosis
1285 1457 1336 1496 ad
1374 1472 1415 1511 p.
1446 1457 1544 1510 416.
1574 1459 1741 1512 attingo.

297 1508 564 1564 Chlamydem
595 1510 717 1550 fuisse
745 1519 897 1551 vestem
926 1513 1164 1563 Romanam,
1194 1526 1276 1552 non
1302 1513 1513 1564 Graecam,
1544 1527 1664 1566 supra
1692 1513 1748 1552 di-

297 1565 350 1606 xi.
406 1567 485 1604 Res
513 1566 597 1619 ipsa
627 1566 806 1619 loquitur
857 1575 897 1606 et
926 1566 1150 1606 luculenter
1198 1568 1407 1607 confirmat
1435 1569 1678 1608 Themistins
1703 1583 1744 1622 p.

305 1618 394 1670 144.
442 1621 525 1659 D.:
554 1617 592 1660 οἱ
620 1622 704 1660 τῶν
749 1622 888 1661 καλῶν
908 1621 1112 1672 σωμάτων
1141 1622 1314 1674 ἐρῶντες
1342 1619 1448 1673 πρὸς
1473 1623 1552 1674 μὲν
1582 1621 1635 1662 τὰ
1665 1621 1750 1673 ἆμ-

298 1674 513 1726 φιέσματα
561 1671 612 1714 οὗ
653 1675 921 1730 διαφέρονται
943 1707 954 1725 ‚
1001 1674 1081 1716 εἴτε
1104 1672 1321 1730 (Ελληνικὰ
1354 1676 1444 1731 εἴη,
1476 1676 1557 1717 εἴτε
1581 1675 1758 1729 χλαμύ-,

299 1728 383 1774 ὸές.
439 1731 621 1784 Opponit
650 1733 812 1771 Graecis
840 1733 1017 1771 vestibus
1045 1733 1291 1787 chlamydes.
1347 1734 1456 1786 Ergo
1485 1734 1646 1772 Graecis
1674 1748 1748 1772 an-

297 1784 420 1837 tiquis
450 1787 491 1825 in
521 1801 595 1826 usu
625 1786 804 1841 chlamys
834 1803 913 1826 non
945 1795 1054 1827 erat:
1088 1803 1181 1841 ergo
1210 1788 1361 1828 alienae
1376 1788 1539 1842 originis
1567 1795 1641 1835 est,
1665 1789 1747 1827 Ro-

298 1853 442 1879 manae
470 1842 621 1880 scilicct
643 1871 653 1888 ‚
687 1843 792 1882 idem
822 1858 910 1882 eum
942 1843 1241 1896 paludamento.
1302 1843 1407 1882 Nam
1436 1851 1592 1883 vetusta
1622 1845 1748 1883 Grae-

299 1908 441 1933 corum
467 1896 587 1948 pallia
616 1897 788 1936 multum
818 1905 930 1937 eraut
958 1914 981 1938 a
1009 1897 1288 1951 chlamydibus
1319 1899 1490 1938 diversa.
1550 1899 1748 1938 Patebant

300 1950 406 1988 enim
436 1954 556 1990 scissa
588 1955 779 2006 utrinque
807 1953 858 1993 ab
888 1955 966 1992 ima
997 1953 1165 2006 pedibus
1193 1954 1324 1993 vicina
1352 1968 1422 1992 ora
1448 1968 1576 2007 usque
1603 1954 1655 1994 ad
1682 1968 1748 1992 ar-

298 2005 470 2044 ticulum
510 2006 667 2047 humeri
717 2023 808 2047 cum
847 2008 1016 2061 scapulis
1059 2009 1109 2047 ad
1140 2016 1356 2062 utrumque
1384 2009 1511 2058 latus,
1551 2016 1597 2048 ut
1623 2009 1748 2048 exseri

300 2068 462 2112 possent
493 2062 612 2101 ambo
649 2063 839 2114 humeri,
880 2063 997 2116 plane
1042 2071 1087 2102 ut
1115 2064 1308 2103 candidae
1336 2063 1492 2103 casulae
1519 2063 1582 2104 vel
1609 2063 1748 2117 plane-

299 2121 366 2153 tae
381 2146 393 2165 ,
416 2130 515 2169 quas
543 2118 836 2170 praedicatores
865 2120 990 2157 nostri
1015 2120 1162 2172 passim
1201 2119 1382 2158 locorum
1411 2119 1542 2158 adhuc
1570 2125 1712 2172 gerunt
1733 2146 1746 2167 ,

303 2169 595 2211 Clzorhembden
624 2180 663 2210 et
693 2173 910 2212 Clzorrb'cke
938 2173 1078 2212 dictas.
1132 2173 1261 2213 Erant
1299 2188 1393 2228 ergo
1422 2177 1597 2227 ipsorum
1627 2172 1748 2226 pallia

304 2222 500 2276 δι’σχιστα
541 2234 580 2266 et
609 2227 670 2266 ala
688 2229 913 2282 utriusque,
935 2236 1014 2267 tam
1035 2230 1188 2267 anticae
1219 2243 1339 2282 quam
1359 2231 1532 2282 posticae
1552 2258 1563 2278 ‚
1594 2235 1747 2266 utram-

302 2292 382 2330 que
413 2294 553 2331 oram,
586 2282 765 2321 dextram
795 2285 1098 2336 sinistramque,
1143 2284 1406 2323 revolvebant
1434 2297 1572 2323 versus
1599 2281 1747 2322 collum

302 2341 342 2371 et
370 2348 490 2388 super
517 2336 694 2376 humeris
727 2338 854 2377 infixis
885 2339 1036 2378 acubus
1049 2346 1118 2377 aut
1140 2341 1315 2378 traiectis
1327 2339 1460 2378 fibulis
1473 2336 1748 2377 conserebant.

303 2387 323 2410 '⁴‘
339 2388 406 2442 [In
437 2398 571 2430 vetere
590 2407 753 2431 nummo
784 2401 841 2432 est
858 2393 992 2432 Alexis
1020 2395 1109 2433 veta
1130 2395 1247 2433 cl’mze
1267 2395 1405 2447 longae
1419 2394 1532 2432 rohbe
1549 2401 1703 2431 ouverte
1720 2406 1750 2429 a

303 2443 491 2485 Z’endroit
516 2447 566 2484 de
591 2449 632 2485 la
654 2448 781 2486 droile
797 2479 808 2498 ,
838 2449 886 2486 dc
906 2450 1084 2504 laquelle
1112 2450 1146 2487 il
1180 2451 1275 2488 tiene
1298 2465 1350 2488 ιιη
1387 2444 1543 2499 νάρθηξ
1559 2477 1570 2495 ,
1606 2454 1651 2485 ut
1690 2447 1747 2484 ait

303 2497 370 2535 Du
402 2500 536 2554 Gange
563 2503 613 2540 ad
642 2503 816 2542 Ioinvill.
860 2519 900 2556 p.
933 2503 1042 2558 296]
1061 2502 1082 2526 *
1155 2506 1292 2557 Longa
1329 2503 1397 2543 illa
1424 2501 1523 2540 roba
1553 2509 1612 2540 est
1637 2500 1749 2540 chla—

304 2565 408 2603 mys,
450 2559 563 2595 cuius
583 2559 772 2610 imagines
802 2559 842 2597 in
874 2573 1056 2607 nummo,
1088 2574 1208 2614 quem
1221 2556 1481 2598 Ceremoniali
1509 2556 1603 2595 huic
1631 2570 1750 2609 prae-

303 2609 392 2646 misi
412 2609 663 2651 Constantini
695 2621 733 2652 et
758 2614 1144 2668 Porphyrogenneti,
1177 2617 1271 2653 item
1298 2614 1339 2651 in
1366 2611 1528 2650 illorum
1557 2626 1748 2651 nummo-

304 2674 394 2700 rum
423 2666 663 2716 quibusdam
686 2698 697 2718 ,
742 2683 841 2721 quos
870 2670 1146 2709 Dissertationi
1186 2668 1422 2708 Leichianae
1449 2666 1499 2705 de
1525 2667 1607 2705 vita
1638 2667 1746 2706 Cou-

303 2719 464 2756 stantini
496 2721 692 2774 Porphyr.
724 2724 933 2776 praemisi,
970 2732 1008 2763 ct
1035 2727 1074 2763 in
1117 2723 1302 2772 omnibus
1323 2735 1449 2775 paene
1473 2751 1484 2772 ‚
1514 2723 1744 2775 praesertim
