1832 3126
810 40 843 79 Ο

260 144 371 181 200
516 142 605 183 10.
646 139 752 183 1AC.
800 141 997 183 REISKII
1035 141 1416 186 COMMENTARH

252 247 342 285 vice
373 243 424 285 d
404 244 529 296 serre
562 252 771 299 poterant,
813 253 851 284 et
887 259 1047 299 msnper·
1075 259 1280 285 namot-um
1313 259 1545 300 eupmomm
1577 246 1714 294 modun

251 301 397 340 decem.
453 300 659 339 Tantosne
686 299 858 339 honores
885 300 1041 338 Godofi
1032 302 1118 340 edo
1145 300 1334 341 habuerit
1357 300 1427 341 ille
1446 300 1711 365 Alexius,qui

253 354 488 395 Boemundo
523 355 818 419 Noimanno,
843 355 1085 395 Antiochiae
1126 363 1167 395 et
1202 357 1317 396 Baris
1349 358 1554 410 plincipi‚
1590 358 1640 396 ad
1670 371 1716 399 se

254 411 412 450 admitti
441 410 641 464 cupienti,
673 425 755 450 non
786 399 917 450 solum
946 412 1109 462 sedere,
1151 412 1220 451 sed
1238 411 1304 451 vel
1330 419 1436 452 stare
1469 427 1515 452 ex
1557 412 1716 466 aequali

253 466 451 520 negabat,
481 473 581 506 teste
616 466 739 507 Anna
761 467 967 506 Comnena
994 467 1110 510 Alex.
1132 482 1175 520 p.
1199 466 1328 518 401.?
1356 467 1439 519 Qui
1461 467 1573 508 locus
1601 468 1712 522 quod

253 522 500 561 ceremonias
516 551 528 573 ‚
558 522 799 575 quibuscum
822 525 945 562 exteri
968 523 1166 576 principes
1189 523 1240 562 ab
1277 523 1411 576 lmpp.
1443 523 1616 563 CPtanis
1645 538 1713 564 ex-

253 578 332 631 cipi
356 576 560 624 solebant,
592 578 694 617 bene
717 579 903 631 exprimit
919 607 930 628 ,
961 579 1108 632 dignus
1140 586 1223 627 est,
1255 578 1326 631 qui
1360 585 1471 618 totus
1505 579 1714 618 adscriba-

252 641 336 674 tur.
392 633 593 672 Discimus
622 648 667 672 ex
686 648 751 680 eo,
787 635 986 686 principes
1014 634 1200 673 CPtanos
1235 635 1379 674 exteris
1409 648 1493 673 non
1533 649 1714 674 assurre-

253 690 356 728 xisse
379 688 708 737 advenientibus,
741 696 847 729 stare
871 704 937 728 eos
963 690 1100 728 sivisse
1117 697 1155 728 et
1174 689 1337 744 quidem
1369 689 1586 729 humiliore
1605 689 1711 738 loco,

252 758 419 783 manum
451 759 534 783 non
566 747 808 798 porrexisse,
840 752 879 783 et
915 744 1184 798 flagitasse,ut
1212 759 1317 798 genu
1345 752 1386 784 et
1405 752 1526 798 caput
1537 745 1595 785 illi
1618 759 1713 798 erga

254 814 298 838 se
323 799 587 847 inclinarent,
614 815 747 853 neque
776 801 913 839 sivisse
936 815 1002 840 eos
1037 815 1131 840 cum
1154 800 1412 849 thoracibus,
1443 808 1539 851 aut,
1581 801 1615 840 si
1644 802 1713 840 Du

254 855 395 908 Cangii
420 855 682 908 praeferimus
700 857 806 894 1nte1
808 858 1073 908 pretationem
1088 886 1100 907 ,
1133 870 1225 895 cum
1247 857 1345 896 viris
1373 857 1537 895 armatis
1559 857 1601 894 in
1624 870 1714 895 con·

254 912 459 949 sistorium
483 911 649 950 intrare.
695 911 954 950 Conditiones
975 910 1296 980 igitu1‚quibus
1326 911 1485 950 admitti
1508 912 1717 951 Boemun-

254 966 330 1005 dus
369 966 572 1034 cupiebat,
607 967 684 1006 hae
713 974 852 1030 ciant:
888 963 948 1019 μη
988 966 1148 1030 α’τιμως
1170 965 1464 1032 ὑποδεχθῆναι.
1496 963 1611 1019 παρά
1638 966 1715 1007 τοῦ

254 1021 463 1087 βασιλέως
481 1052 492 1072 ,
523 1018 631 1061 α’λλά
662 1019 742 1089 πρὸ
773 1023 816 1071 ἐξ
841 1022 1025 1062 σταδίων
1045 1036 1152 1088 τους
1179 1018 1490 1086 γνησιωτάτους
1507 1021 1591 1062 τῶν
1614 1021 1714 1061 καθ’

256 1069 365 1126 αἷμα
393 1075 775 1143 προσιίικειωιιέιων
819 1075 934 1131 αὐτῷ
963 1074 1039 1130 τὴν
1075 1074 1181 1140 ε’μην
1215 1073 1478 1143 ποιήσασθαι
1508 1072 1719 1141 προῦπάν-

255 1146 395 1184 τησιν.-
426 1146 527 1199 περι
545 1131 591 1171 δὲ
605 1147 681 1186 την
709 1117 933 1195 βασιλικήν
961 1129 1116 1184 σκηνὴν
1152 1129 1396 1172 πελάσαντα
1425 1128 1515 1182 ἅμα
1547 1132 1605 1188 τῶ
1637 1128 1714 1180 τὰς

255 1185 392 1233 πύλας
419 1185 623 1238 εισιέναι,
653 1202 721 1227 και
750 1184 883 1227 αὕτὸν
912 1188 984 1241 τῆς
1011 1188 1231 1251 βασιλικῆς
1255 1186 1540 1236 ἐξαναστάντα
1560 1200 1717 1250 περιιο-

255 1255 337 1294 πης
371 1241 547 1292 ἐντίμως
572 1256 625 1291 με
649 1241 927 1291 ὖποὸέξαῧαι.
936 1267 955 1273 -
972 1267 993 1273 -
1024 1239 1129 1295 ποὺς
1151 1242 1198 1282 δὲ
1235 1255 1398 1289 τουτοις
1423 1257 1494 1282 και
1531 1237 1605 1282 τὸν
1633 1243 1716 1294 βα·-

256 1295 377 1336 σιλέα
397 1296 470 1360 τῆς
495 1296 600 1349 ἐμῆς
619 1298 826 1351 κρατῆσαι
850 1294 997 1363 χειρὸς
1026 1312 1096 1336 και
1123 1294 1229 1347 πρὸς
1259 1298 1310 1351 τῇ
1338 1297 1501 1362 κεφαλῇ
1530 1297 1604 1361 τῆς
1623 1296 1714 1337 κλί-

256 1365 330 1403 νης
358 1345 490 1391 αυτοῦ
510 1353 785 1417 παραστῆσαί
806 1367 876 1403 με,
896 1367 965 1392 και
986 1348 1095 1404 μετὰ
1129 1349 1203 1391 δύο
1236 1349 1468 1416 χλαμύδων
1497 1348 1574 1407 τήν
1602 1348 1716 1392 εἴσο-

258 1405 332 1446 δον
382 1404 669 1475 ποιησάμενον
699 1406 891 1461 μηὸόλως
935 1406 994 1455 εἰς
1034 1404 1314 1461 προσκι’νησιν
1353 1403 1523 1459 κάμψαι
1554 1401 1656 1460 γόνυ
1687 1401 1717 1460 ἦ

256 1459 469 1516 τράχηλον
500 1463 559 1501 τῶ
591 1460 802 1517 οἷνάκτορι,
859 1463 1084 1502 Audiamus
1114 1465 1217 1511 iam,
1249 1462 1351 1529 quid
1373 1463 1521 1502 horum
1561 1477 1718 1507 conces*

258 1532 374 1566 sum,
422 1502 547 1571 quid
564 1526 755 1583 negatum
799 1519 934 1558 fuerit.
995 1520 1123 1573 Igitur
1156 1514 1204 1557 τὸ
1228 1518 1307 1569 μὲν
1331 1516 1606 1571 ἐξαναστῆναι
1635 1516 1716 1557 τοῦ

254 1573 479 1624 βασιλικοῦ
506 1571 675 1642 θρόνου
689 1569 823 1614 αυτὸν
856 1572 907 1613 οὔ
931 1573 1248 1638 προσεδέξαντο,
1281 1574 1523 1612 intemuncii
1571 1587 1721 1636 nempe

256 1627 417 1691 Alexii,
465 1624 573 1669 ἀλλὰ
599 1643 672 1668 και
712 1644 770 1677 ως
794 1626 992 1696 περιττὴν
1022 1625 1100 1680 τὴν
1129 1626 1294 1695 αὶτησιν
1309 1628 1622 1678 α’πεπέιιψαντο
1660 1641 1710 1666 ου

255 1679 385 1734 μόνον
414 1682 460 1722 δὲ
481 1683 604 1724 τοῦτο
625 1679 953 1735 άπεὸοκιζιιασαν,
962 1681 1067 1724 ἀλλὰ
1098 1699 1169 1723 και
1192 1681 1239 1724 τὸ
1263 1679 1323 1736 μή
1343 1685 1479 1723 κλῖναι
1496 1680 1596 1747 γόνυ
1610 1678 1718 1736 μήτε

256 1737 482 1803 τράχηλον
503 1753 563 1786 εις
593 1738 876 1808 προσκύνησιν
893 1740 950 1779 τῶ
975 1741 1154 1791 βασιλεῖ’.
1213 1739 1323 1779 Haec
1355 1747 1529 1792 negata3
1550 1740 1624 1778 ista
1650 1738 1717 1778 ad-

257 1795 402 1844 missa,
434 1789 482 1833 τό
513 1808 629 1841 τινας
651 1796 737 1835 τῶν
765 1780 1023 1848 πορ’ῥωτὲρω
1052 1794 1262 1846 συγγενῶν
1298 1794 1533 1856 μεταβῆναι
1554 1789 1719 1860 ‹11qu-

255 1863 317 1899 μα
348 1846 504 1913 ἱκανὸν,
527 1864 599 1889 και
618 1845 727 1890 οὕτω
755 1851 902 1890 τοῦτον
931 1850 1310 1900 προσὸέξασθαι--
1339 1845 1445 1888 α2λά
1480 1846 1531 1901 δὴ
1558 1863 1628 1888 και
1663 1844 1714 1888 τό

253 1903 330 1967 τῆς
347 1900 491 1957 χειρὸς
504 1900 651 1944 τούτου
666 1901 740 1945 τὸν
758 1906 935 1957 βασιλέα
957 1901 1213 1958 ἐφάψασθαι
1233 1918 1304 1944 και
1340 1903 1491 1968 στῆσαι
1521 1900 1629 1968 πρὸς
1657 1902 1717 1969 τῷ

256 1951 418 1998 ιὶνωθεν
439 1959 560 2011 μέρει
593 1960 668 2000 τοῦ
694 1961 918 2012 βασιλικου
932 1959 1158 2010 σκίμποδος
1181 1983 1203 1989 -
1223 1983 1244 1990 -
1274 1961 1370 1999 item
1410 1955 1458 1998 τό
1490 1956 1572 1999 σὺν
1608 1956 1710 1998 δυσί

252 2012 473 2064 χλαμύσιν
489 2013 692 2054 εισελθεῖν
712 2014 789 2055 οὐκ
807 2014 1117 2066 ἀπεπέμψαντο.
1149 2015 1268 2054 Conf.
1287 2014 1433 2068 Polyb.
1453 2029 1493 2067 p.
1514 2014 1714 2068 1037.ed.

254 2071 460 2120 Gronov„
488 2070 559 2108 ubi
590 2070 640 2109 de
669 2071 846 2124 Philippi
874 2086 967 2110 cum
984 2071 1079 2109 Tito
1099 2069 1302 2124 colloquio
1326 2077 1476 2110 narrat.
1509 2069 1717 2110 Traducta

256 2125 332 2163 suit
371 2140 395 2164 a
421 2125 668 2164 Parthorum
697 2128 857 2180 regibus
881 2127 980 2165 haec
1006 2125 1193 2180 superbia
1213 2126 1264 2166 ad
1289 2127 1490 2166 Romanos
1530 2125 1715 2178 Impera-

255 2186 364 2219 tores
395 2182 571 2233 primos,
620 2188 660 2220 et
688 2182 834 2221 deinde
864 2196 935 2235 per
974 2181 1050 2221 hos
1085 2181 1136 2220 ad
1168 2183 1341 2221 Graecos
1372 2182 1636 2235 Byzantinos,
1666 2186 1721 2221 ut.

254 2243 364 2298 patet
393 2250 439 2276 ex
483 2236 694 2276 Athenaeo
728 2252 770 2291 p.
809 2237 899 2278 152.
939 2237 1020 2276 fine
1040 2266 1052 2290 ,
1083 2244 1122 2276 et
1150 2251 1196 2277 ex
1233 2238 1307 2288 iis,
1346 2251 1449 2291 quae
1486 2236 1537 2276 de
1576 2249 1715 2277 mensa

257 2284 474 2346 άποκοπτῇ
501 2292 610 2345 adp
584 2307 622 2345 p.
655 2291 744 2344 142.
767 2293 913 2332 dicam.

310 2345 379 2386 55.
417 2347 465 2386 C.
491 2347 533 2388 8.
559 2347 648 2402 [93,
678 2363 691 2387 1
704 2348 736 2403 .“Ι
775 2346 873 2404 ὁδῶ.
918 2349 979 2387 M.
1014 2346 1154 2403 οὐδῷ,
1179 2349 1330 2387 limine.
1372 2347 1569 2401 Saepius‘
1557 2340 1602 2386 in
1634 2346 1722 2386 hoe*

254 2401 452 2441 1003111110
483 2411 699 2456 peccarunt
725 2419 869 2469 operae
895 2411 1070 2443 nostrae.
1107 2405 1161 2443 V.
1194 2420 1240 2468 Ρ.
1259 2404 1327 2444 58.
1357 2402 1412 2442 A.
1449 2417 1512 2442 12.

364 2457 780 2514 D.pen.[93,15.]
811 2454 850 2510 ὅ,
876 2473 919 2498 τε
960 2458 1031 2512 τῆς
1056 2455 1363 2504 καταστάσεως.
1404 2457 1490 2497 Aut
1523 2457 1574 2496 ad
1602 2456 1712 2496 hunc

253 2517 324 2548 aut
350 2511 402 2549 ad
415 2513 540 2554 Rese1
543 2515 754 2554 endamum
789 2515 986 2569 pertinet,
1023 2514 1167 2567 quod'
1158 2529 1198 2552 111
1239 2513 1567 2553 membranarum
1602 2527 1715 2550 mar-

252 2579 344 2617 gine
365 2567 488 2619 paulo
517 2570 684 2610 infelius
713 2571 958 2626 adscriptum
972 2577 1059 2610 erat
1077 2569 1121 2609 ὲν
1148 2561 1259 2608 αλλω
1282 2573 1436 2622 (nempe
1453 2561 1715 2621 ἀντιγράφω)

251 2618 274 2657 ὀ
305 2620 589 2674 καστρήσιοςη

304 2673 374 2716 56.
405 2677 451 2715 C.
490 2692 552 2717 11.
587 2680 678 2734 [94,
704 2681 794 2745 ¹92]
842 2683 1080 2721 συναπτεῖν.
1128 2681 1204 2721 Est
1231 2695 1284 2720 ex
1307 2677 1559 2732 idiographia
1594 2652 1723 2714 libra..

250 2731 328 2779 rii,
357 2731 428 2786 qui
464 2747 491 2786 η
521 2741 561 2773 et
581 2748 616 2774 ει
642 2738 866 2789 piomiscue
885 2737 1034 2777 habere
1061 2736 1286 2778 consuent
1344 2736 1405 2774 lta
1430 2746 1552 2789 supra
1569 2746 1609 2786 P·
1640 2729 1710 2783 54·
