1884 3132
316 131 430 207 396
601 149 674 193 10.
714 149 820 193 1Ac.
871 151 1064 193 Rsslsxn
1105 121 1484 196 coMifflNTAmi

315 254 436 293 modo
458 253 613 304 mulus;
641 254 726 294 vid.
745 255 828 293 Du.
857 254 988 309 Gange
1006 270 1046 294 v.
1066 254 1257 303 Animal,
1290 256 1414 296 Iuret.
1437 257 1489 296 ad
1517 256 1749 312 Symmaeh.

314 310 374 350 ΙΙ.
396 324 463 364 27.
500 317 539 348 et
575 309 748 349 Paullin.
785 311 834 349 de
872 311 966 349 Vita
999 313 1163 350 Martini
1200 313 1270 355 IV.
1307 325 1368 366 ¹7·
1391 313 1559 366 Papias:
1583 314 1751 353 But-ides

316 363 368 419 [l.
400 366 611 404 Bam-lohes
645 380 719 419 pro
747 366 954 420 Barriclzi]
993 368 1188 405 animalia
1204 396 1215 416 ‚
1255 369 1406 406 manni.
1461 369 1555 419 Quo
1589 370 1632 407 in
1664 369 1753 408 loeo

314 421 509 459 animalia
545 435 619 473 pro
655 421 774 460 mulis
816 435 867 459 an
902 423 1012 475 equis
1049 423 1216 475 accipias
1250 423 1416 475 perinde
1447 430 1522 462 est.
1580 425 1754 463 Mannus

314 476 423 514 enim
449 475 514 515 vel
548 476 762 515 burrichus
797 477 901 515 inter
931 477 1068 516 ambos
1088 477 1385 530 quodammodo
1413 477 1755 533 ἐπαμφοτερίζει.

314 530 404 570 Vox
436 532 659 581 bzcrrz'clms,
703 531 811 585 quod
853 533 893 570 in
925 535 1096 571 transitu
1127 533 1364 586 adspergere
1395 533 1511 573 liceat
1528 564 1539 582 ‚
1561 541 1620 573 est
1646 534 1752 573 Ara-

315 595 434 636 bica:
463 598 508 636 al
526 597 684 645 Borak,
719 588 868 662 (ᾗῇ-ΑΗ,
899 597 1141 638 celebratum
1168 599 1314 638 fabulis
1355 607 1394 639 et
1423 600 1585 639 somniis
1615 599 1754 639 docto-

315 677 409 702 rum
452 663 886 703 Muhammedanorum
920 665 1084 704 animal.
1121 665 1331 716 Alborak,
1382 680 1462 719 quo
1495 665 1756 704 Muhammed

316 726 454 772 raptus
482 719 520 758 in
548 718 700 758 coelum
728 721 984 772 perhibetur,
1026 728 1065 759 et
1087 727 1132 759 ut
1155 721 1333 760 medium
1349 721 1447 774 quid
1468 722 1572 759 inter
1597 722 1755 760 asinum

317 781 356 812 et
385 773 540 813 mulum
566 775 831 826 describitur,
861 783 945 815 erat
970 776 1047 815 hoe
1078 776 1128 814 de
1159 790 1326 830 genere,
1357 791 1380 814 a
1408 776 1574 815 diversis
1615 776 1759 815 coloris

317 829 484 869 maculis
517 831 571 869 sic
603 830 769 869 dictum.
829 832 961 870 Omne
1003 833 1110 870 enim
1141 830 1342 882 ποικίλον,
1370 833 1527 870 varium
1546 861 1557 879 ‚
1586 832 1760 884 Scheckig

315 904 455 937 nostro
474 911 659 935 sermone
677 927 687 945 ‚
721 896 923 937 Arabibus
949 905 1008 937 est
1033 889 1156 962 (ᾖα-ξς,
1186 897 1374 949 Abrack5
1417 897 1502 936 vid.
1532 897 1600 935 Du
1622 897 1756 952 Gange

317 967 358 994 v.
392 954 619 991 Bur-richm-

432 1008 476 1050 B.
503 1022 516 1046 1
531 1022 561 1046 1.
584 1007 699 1061 [401‚
720 1006 784 1061 4.]
806 1005 1067 1060 Καλχηδόνι.
1124 1007 1246 1046 Modo
1271 1009 1327 1046 sic
1351 1007 1541 1060 scriptum
1557 1009 1687 1060 reperi
1713 1008 1755 1047 in

316 1061 562 1101 membranis
576 1091 587 1112 ,
622 1062 741 1100 modo
771 1060 1026 1115 Χαλκηδόνι.
1085 1063 1315 1116 Utrumque
1334 1069 1469 1102 vetera
1490 1062 1588 1102 dant
1609 1077 1757 1102 monu-

316 1125 451 1156 menta
467 1147 479 1169 ‚
514 1131 586 1156 nec
624 1117 755 1156 adhuc
797 1125 1069 1170 compertum,
1118 1127 1256 1157 utrum
1298 1119 1455 1157 rectius.
1524 1117 1756 1172 Utrumque

316 1187 460 1226 nempe
491 1174 533 1211 in
556 1186 632 1211 usu
651 1180 751 1211 erat.

427 1228 472 1267 C.
490 1241 527 1267 2.
547 1227 662 1282 [401,
685 1226 746 1281 6.]
777 1224 959 1267 ὄπτίωνα
1003 1227 1085 1268 τῶν
1112 1224 1354 1281 βαρβάρων.
1411 1229 1629 1282 Optionem
1659 1229 1757 1267 bar-

315 1283 508 1322 barorum
545 1297 664 1336 penes
709 1284 910 1322 Romanos
947 1284 1205 1323 militantium
1243 1284 1465 1323 ministerio
1503 1284 1753 1336 deputatum.

315 1339 390 1378 Est
410 1346 546 1378 autem
564 1340 672 1391 optio
701 1338 813 1378 miles
837 1346 996 1392 optatus
1011 1370 1022 1389 ‚
1050 1339 1092 1378 h.
1112 1353 1148 1377 e.
1168 1337 1343 1378 delectus
1362 1368 1373 1388 ,
1400 1339 1635 1378 honestioris
1664 1353 1758 1392 gra-

317 1393 395 1433 dus
415 1424 426 1444 ‚
448 1392 586 1447 quales
610 1395 649 1432 in
665 1394 890 1447 provincias
919 1394 1181 1433 mittebantur
1205 1393 1256 1432 ad
1276 1393 1456 1432 celeriter
1473 1394 1566 1433 inde
1594 1395 1758 1434 nuntios

322 1449 561 1502 Imperatori
590 1448 842 1488 referendum
859 1481 868 1497 ‚
894 1457 934 1488 et
973 1449 1060 1488 aliis
1101 1449 1221 1488 rebus
1257 1449 1489 1502 peragendis
1515 1448 1568 1487 ob
1606 1450 1757 1503 ingenii

323 1503 600 1546 dexteritatem
641 1503 816 1558 aliquam
853 1506 893 1544 in
924 1506 1019 1558 ipsis
1061 1504 1348 1557 deprehensam
1389 1504 1757 1558 praeficiebantur3

322 1560 408 1599 vid.
429 1560 657 1602 Casaubon.
680 1561 729 1598 ad
749 1561 894 1614 Script.
930 1561 988 1599 H.
1021 1560 1072 1602 A.
1097 1562 1144 1601 T.
1168 1560 1201 1598 Ι.
1223 1575 1264 1613 p.
1295 1559 1358 1599 16.
1416 1560 1571 1598 Eorum
1597 1574 1758 1612 quoque

324 1621 364 1654 et
388 1616 638 1668 potissimum
659 1623 744 1654 erat
768 1616 961 1656 militibus
981 1615 1055 1654 sibi
1081 1615 1283 1655 attributis
1311 1629 1489 1654 annonas
1520 1614 1759 1654 distribuere

325 1676 366 1709 et
391 1670 442 1709 de
462 1671 618 1710 metatis
638 1685 706 1710 seu
729 1670 910 1724 hospitiis
924 1671 1160 1725 prospicere.
1214 1670 1311 1709 Vid.
1341 1669 1550 1710 Alemann.
1578 1670 1629 1708 ad
1655 1670 1759 1709 Pro-

327 1739 416 1778 cop.
433 1740 476 1779 p.
504 1740 589 1765 100.
649 1727 771 1765 Turci
808 1727 906 1766 tales
942 1728 1151 1766 Tsclzansos
1189 1725 1390 1780 appellant
1410 1756 1421 1775 ,
1461 1739 1535 1764 nos
1549 1726 1755 1778 Jburiers,

321 1783 546 1836 provisores
566 1812 576 1829 ,
608 1777 816 1834 χορηγούς
845 1780 1177 1836 στρατιωτικούς.

440 1836 546 1886 (1.4.
570 1836 681 1891 [4οι,
701 1836 762 1890 7.]
803 1835 994 1890 ἡμερῶν,
1038 1829 1097 1876 ὧν
1125 1833 1214 1888 ἔχει
1253 1835 1436 1888 ποιῆσαι.
1490 1835 1554 1874 De
1587 1835 1760 1875 dictione

323 1886 438 1943 ἔχειν
474 1895 604 1931 ποιεῖν
618 1922 630 1942 ,
658 1892 798 1931 habere
818 1894 962 1945 facere
998 1907 1073 1945 pro
1111 1892 1247 1930 debere
1272 1893 1417 1943 facere
1432 1921 1443 1938 ‚
1487 1898 1556 1929 aut
1590 1890 1758 1941 μέλλειν

321 1949 478 1998 ποιεῖν,
489 1948 702 1998 facturum
725 1963 818 1995 esse,
849 1948 929 1986 dixi
952 1947 1029 1986 alio
1056 1947 1173 1997 loco3
1203 1950 1338 1985 ποιεῖν
1369 1944 1529 1999 ἡμέρας
1558 1953 1693 1984 autem
1720 1952 1760 1984 et

306 2003 452 2054 ficere
479 2002 562 2040 dies
593 2002 735 2041 Graeci
763 2004 975 2056 Latinique
1007 2004 1116 2041 iuxta
1135 2003 1273 2041 dicunt
1290 2015 1364 2054 pro
1396 2003 1637 2054 transigere3
1670 2000 1755 2040 vid.

322 2057 561 2110 Theophan.
581 2071 623 2110 p.
647 2058 711 2111 37.
733 2058 779 2096 C.
798 2072 840 2112 9.
863 2066 903 2097 et
917 2072 983 2111 90.
1009 2058 1063 2096 A.
1086 2057 1123 2100 6.
1140 2087 1152 2107 ‚
1187 2057 1319 2109 Gange
1336 2055 1470 2095 Gloss.
1490 2057 1580 2095 Lat.
1597 2070 1638 2095 v.
1673 2056 1758 2093 Fa-

317 2127 404 2152 cere
418 2143 428 2160 ‚
464 2112 664 2152 Wetsten.
689 2112 740 2151 ad
761 2113 813 2152 N.
829 2114 880 2152 T.
899 2113 1092 2152 Matthaei
1106 2113 1204 2151 XX.
1232 2126 1289 2152 12.
1303 2119 1342 2150 et
1360 2111 1535 2150 Palairet
1554 2111 1754 2149 observat.

317 2167 369 2207 ad
387 2169 490 2207 Nov.
524 2168 636 2206 Test.
673 2167 812 2207 Actor.
845 2169 964 2207 XVI.
995 2169 1059 2207 35.
1118 2165 1166 2206 In
1188 2166 1259 2206 illo
1281 2167 1439 2205 Lucillii
1464 2173 1533 2204 aut
1560 2165 1753 2212 Luciani,

315 2222 585 2276 Anthologiae
600 2236 741 2276 p.127.
759 2237 770 2261 :
800 2219 929 2262 νύκτα
946 2221 1078 2274 μέσην
1091 2220 1258 2274 ἐποίησε
1279 2221 1438 2274 τρέχων
1465 2220 1565 2259 ποτὲ
1578 2214 1758 2269 Μάρκος

315 2274 503 2330 anatim,
533 2278 706 2316 mediam
737 2287 884 2317 noctem
897 2277 1104 2329 faciebat,
1133 2284 1190 2316 est
1222 2277 1328 2315 idem
1354 2284 1473 2329 atque
1500 2273 1753 2321 conficiebat,

316 2333 460 2386 agebat
473 2363 485 2385 ‚
515 2332 760 2386 transigebat
774 2362 786 2384 ,
810 2333 1028 2388 aliquando
1054 2332 1214 2371 Marcus
1251 2347 1407 2370 currens
1434 2332 1476 2369 in
1508 2329 1639 2369 stadio
1668 2342 1756 2366 cum

315 2390 450 2428 armis.
505 2387 571 2427 Ad
604 2387 777 2426 mediam
800 2402 927 2440 usque
949 2394 1107 2426 noctem
1131 2402 1155 2425 a
1181 2387 1246 2426 die
1263 2386 1327 2425 vel
1355 2399 1520 2437 vespera
1543 2382 1637 2422 inde
1663 2397 1756 2421 cur-

111 2451 175 2485 Ed.
190 2453 310 2491 L.125
321 2444 456 2490 rebat,
490 2451 530 2482 et
557 2451 691 2482 tamen
723 2443 853 2482 media
883 2450 1000 2482 nocte
1033 2442 1214 2481 nondum
1250 2447 1483 2495 pervenerat
1507 2438 1558 2477 ad
1588 2444 1752 2500 metam.

318 2498 408 2550 Ipse
435 2500 515 2537 iam
542 2498 830 2538 Demosthenes
869 2499 911 2538 in
936 2504 1037 2537 orat.
1070 2505 1212 2536 contra
1247 2496 1450 2536 Cononem
1474 2495 1604 2532 ποιεῖν
1648 2504 1755 2544 χρο-

320 2565 417 2599 νους
447 2554 561 2592 dixit.

405 2618 500 2657 235.
514 2619 560 2657 C.
581 2619 623 2658 8.
637 2619 748 2673 [401‚
766 2619 846 2674 10.]
866 2615 1062 2670 ἐσιάνθη.
1093 2618 1138 2656 V
1132 2626 1288 2666 eac-acus,
1317 2614 1560 2667 aegrimonia
1573 2613 1754 2664 cffictus,

319 2671 484 2723 offensus
499 2703 510 2718 ‚
537 2674 814 2726 laesusficerit.
849 2676 910 2713 Ita
932 2672 1273 2725 interpretandum
1302 2683 1385 2708 csse
1411 2667 1488 2706 hoc
1519 2667 1687 2706 verbum
1708 2680 1754 2705 ex

320 2725 396 2765 hoc
410 2733 450 2766 et
466 2726 551 2766 aliis
563 2728 598 2766 N
603 2730 698 2769 ostri
707 2728 802 2769 locis
818 2737 857 2769 et
876 2728 1116 2782 quibusdam
1131 2739 1268 2766 eorum
1290 2731 1413 2779 patet,
1430 2736 1533 2777 quae
1550 2722 1758 2774 DuCange
