1884 3132
253 119 366 176 550
488 152 490 155 f
532 137 606 179 10.
655 138 761 180 1Ac.
801 139 996 180 nsisxn
1035 137 1441 183 confflem-Anu,

256 243 540 282 circumrotatis
574 241 638 296 [id
667 249 726 281 est
754 242 906 282 circulo
934 242 1118 298 inclusis]
1148 244 1276 297 regali
1311 245 1428 286 modo
1447 245 1699 302 equitantium

257 297 317 349 [id
351 304 410 336 est
438 299 480 336 in
509 298 622 351 equis
653 311 744 336 cum
771 312 918 352 pompa
946 298 1264 353 procedentium]
1279 301 1419 354 pollet.
1473 300 1700 355 Pingebant

253 359 386 391 autem
416 353 550 392 Latini
585 352 748 406 quidem
776 367 887 407 reges
916 367 1008 392 suos
1036 368 1129 392 cum
1156 356 1313 394 coronis
1339 355 1503 395 radiatis
1520 357 1563 394 in
1589 357 1697 408 capi-

254 414 295 446 te
335 415 376 446 et
413 415 569 461 sceptro
615 408 657 446 in
697 421 849 455 manu,
895 408 1045 453 Graeci.
1068 416 1202 448 autem
1232 424 1323 448 cum
1352 410 1488 450 infulis
1515 417 1555 449 et
1582 424 1700 449 cruce

260 470 380 515 atque
421 465 568 502 acacia.
629 463 804 501 Obstant
839 470 975 502 tamen
1018 464 1112 502 huic
1140 466 1492 517 interpretationi,
1523 479 1574 504 ne
1601 465 1700 518 quid

261 517 526 568 dissimulem,
557 518 633 557 loci
660 518 824 571 quidam
843 548 855 568 ,
884 533 983 571 quos
1001 519 1069 556 Du
1088 519 1222 572 Cange
1250 534 1287 559 v.
1305 520 1520 575 Imperiale
1544 521 1696 560 citavit.

259 573 364 611 Nam
405 574 624 627 imperialis
662 580 703 611 et
731 574 911 612 basilicus
940 587 1097 627 pannus
1125 574 1231 613 idem
1258 582 1332 614 est.
1385 576 1435 615 E.
1456 589 1493 615 e.
1516 575 1703 614 Visitatio

259 627 550 667 Thesaurariac
579 628 842 667 Londinensis
871 635 1067 667 memorat
1094 631 1267 668 tunic-am
1292 630 1342 668 de
1371 630 1573 684 imperiali
1612 643 1702 668 cum

256 683 458 722 arboribus
490 684 618 722 rubeis
643 692 681 722 et
707 684 894 722 leonibus.
925 684 966 723 Si
1001 698 1094 737 ergo
1122 683 1332 723 basilicum
1359 685 1521 724 arbores
1547 691 1588 724 et
1617 683 1702 724 leo-

257 752 328 777 nes
358 741 487 777 tenuit
504 768 516 790 ,
563 752 647 777 non
675 752 769 777 sane
797 740 926 778 tenuit
953 739 1090 778 vultus
1110 753 1276 793 regum,
1318 739 1487 793 ideoque
1514 738 1704 779 vacillare

256 793 419 832 videtur
443 794 542 832 haec
585 793 846 847 etymologia,
893 808 996 848 quae
1024 793 1076 832 ab
1104 808 1244 834 eorum
1278 795 1518 846 imaginibus
1546 794 1704 834 intextis

258 850 437 902 petitur3
467 849 552 888 vid.
582 863 686 902 quae
710 848 831 902 paulo
858 856 949 901 post
987 849 1038 887 de
1065 849 1330 902 appellatione
1359 845 1528 902 ῥηγικὸς
1555 849 1700 888 dicam.

258 904 529 957 Qualisqualis
552 911 689 943 autem
705 903 945 958 etymologia
969 904 1140 957 denique
1152 905 1283 955 fuerit,
1314 918 1513 958 apponam
1523 903 1702 957 exempla

256 959 484 1012 quaedam,
520 960 562 998 in
590 960 737 1012 quibus
774 957 988 1011 imperialis
1016 961 1140 1012 panni
1168 960 1212 999 fit
1239 961 1389 999 mentio
1406 988 1418 1010 ,
1449 959 1517 998 Du
1550 959 1704 1012 Gangio

256 1015 300 1053 in
330 1014 460 1054 Gloss.
499 1015 591 1053 Lat.
622 1028 663 1053 v.
702 1014 920 1069 Imperiale
963 1016 1178 1066 praeterita
1195 1044 1208 1065 ,
1258 1028 1280 1053 e
1318 1014 1464 1067 quibus
1491 1013 1704 1065 constabit,

256 1084 437 1124 pannum
465 1069 573 1108 hunc
603 1071 822 1122 pretiosum
851 1076 891 1107 et
919 1083 1018 1108 aevo
1039 1070 1171 1108 medio
1192 1068 1390 1108 celebrem
1409 1069 1542 1108 fiiisse.
1572 1068 1704 1108 Chro-

257 1125 378 1164 nicon
407 1123 788 1178 Reicherspergense
818 1124 936 1176 (apud
957 1125 1021 1162 Du
1045 1124 1178 1178 Gange
1198 1139 1238 1164 v.
1257 1123 1511 1177 Examitum)
1532 1138 1545 1164 ε
1595 1125 1700 1176 sra-

259 1192 315 1231 m·
333 1189 735 1229 Saladintsabid1·n0
763 1179 1053 1244 [ffla35Q‚
1074 1189 1358 1245 Saffiddinum‚
1388 1203 1508 1243 quem
1535 1188 1703 1228 Arabici

261 1253 444 1285 auctores
477 1251 613 1283 amant
640 1244 679 1283 al
706 1245 835 1284 Malec
862 1244 900 1283 al
928 1245 1104 1283 Adelum
1133 1243 1275 1298 citare]
1303 1246 1410 1284 misit
1427 1258 1500 1283 sex
1525 1243 1701 1283 Samitas

258 1310 297 1340 ec
322 1301 422 1340 duas
440 1309 561 1339 vestes
584 1300 819 1354 imperiales.
845 1298 1082 1353 Radulphus
1109 1299 1159 1339 de
1178 1297 1320 1339 Diceto
1346 1299 1466 1353 (apud
1482 1299 1548 1337 Du
1570 1298 1704 1352 Gange

258 1370 302 1395 v.
329 1357 534 1406 Parmam
587 1369 750 1410 peregre
779 1356 979 1410 profectas
1019 1355 1181 1409 [nempe
1215 1355 1255 1394 in
1283 1351 1574 1407 Palaestinam]
1609 1354 1707 1392 sicut

260 1411 408 1450 altaria
435 1410 648 1449 multarum
673 1425 750 1465 per
777 1409 970 1463 Angliam
997 1410 1244 1448 ecclesiarum
1278 1409 1466 1448 habuerat
1491 1410 1533 1448 in
1559 1421 1706 1447 memo-

262 1468 367 1505 riam
383 1495 395 1516 ,
424 1466 480 1504 sic
508 1473 546 1503 ec
568 1465 722 1504 rediens
744 1465 878 1505 habuit
903 1466 946 1504 in
970 1466 1219 1504 veneratione
1236 1494 1248 1516 ,
1265 1478 1443 1519 pannos,
1476 1477 1571 1519 quos
1606 1463 1708 1501 civi-

261 1530 321 1560 tas
350 1521 470 1561 CPlis
498 1529 614 1560 vocat
635 1521 857 1575 imperiales
875 1550 887 1572 ,
949 1521 1066 1558 assim
1092 1520 1264 1559 locorum
1283 1519 1511 1558 distribuens
1543 1517 1708 1570 religio-

259 1577 327 1615 sis.
387 1575 439 1616 ln
471 1582 630 1614 vetusta
657 1575 801 1614 charta
819 1589 898 1628 apu
947 1576 1143 1616 Murator.
1163 1575 1262 1614 Ant.
1286 1573 1378 1612 Ital.
1400 1575 1453 1613 T.
1481 1570 1706 1626 II.·p.894.

262 1630 340 1684 legi
383 1631 529 1685 drapos
557 1631 607 1669 de
647 1631 845 1670 hacilicz'o:
888 1629 997 1684 quod
1016 1660 1027 1678 ,
1067 1631 1111 1668 ni
1138 1629 1238 1668 alius
1277 1629 1400 1667 codex
1427 1628 1477 1667 de
1507 1627 1708 1666 bambacio

266 1685 487 1738 praeferret
509 1715 521 1737 ,
550 1699 634 1725 non
661 1685 887 1724 dubitarem
914 1687 956 1724 in
983 1685 1034 1724 de
1063 1685 1238 1723 basilicio
1267 1683 1499 1723 reformare.
1556 1681 1708 1735 Appel-

262 1740 402 1780 labant
440 1741 584 1780 Gracci
629 1755 808 1795 pannum
853 1739 962 1779 hunc
1023 1753 1107 1779 non
1135 1740 1337 1778 basilicum
1390 1737 1671 1776 tantummodo
1690 1766 1704 1785 ,

266 1795 336 1835 sed
364 1795 443 1834 alio
471 1810 632 1849 quoque
653 1825 665 1847 ,
710 1796 816 1836 idem
841 1803 976 1834 tamen
1018 1794 1264 1848 significante
1313 1794 1476 1831 nomine
1504 1784 1674 1846 ᾆηγικὸν
1691 1820 1705 1842 ,

267 1852 461 1903 regl‘cam,
493 1851 534 1890 id
564 1857 623 1890 est
653 1852 833 1903 regium3
861 1865 903 1890 v.
924 1851 991 1889 Du
1022 1850 1156 1901 Gange
1182 1863 1225 1887 v.
1249 1843 1462 1900 Ῥηγικὸς,
1502 1846 1575 1885 ubi
1603 1847 1709 1885 inter

266 1905 343 1944 alia
374 1907 446 1956 ait,
476 1907 517 1944 in
547 1906 683 1944 codice
711 1914 813 1945 msto
842 1904 1019 1959 quodam
1041 1903 1304 1943 bibliothecae
1346 1902 1477 1955 regiae
1504 1901 1709 1940 Parisinae

263 1968 416 1999 exstare
439 1961 746 2014 descriptionem
775 1959 905 1999 aulaei
933 1957 1054 2012 regici
1075 1987 1087 2007 ‚
1118 1959 1160 1996 in
1188 1971 1269 2011 quo
1296 1959 1450 2010 pictum
1476 1956 1598 1995 fuerit
1624 1968 1711 1995 ver.

262 2014 528 2065 Describitur,
559 2018 635 2066 ait,
651 2017 694 2054 in
721 2023 818 2054 msto
844 2029 926 2067 reg.
956 2027 1050 2068 791.
1071 2012 1272 2052 Manue'lis
1303 2011 1539 2064 Palaeologi
1567 2007 1708 2060 εἴαρος

267 2066 390 2109 εἰκών
422 2069 466 2108 ἐν
493 2068 668 2126 ὖφαντῷ
710 2064 1057 2120 παραπετάσματι
1086 2064 1242 2122 ῥηγικῷ
1259 2095 1271 2116 ,
1316 2081 1415 2120 qaae
1451 2068 1568 2105 etiam
1601 2065 1710 2104 edica

268 2133 322 2164 est
347 2139 374 2163 a
393 2125 633 2163 Lemzclavio
673 2139 715 2178 p.
754 2123 847 2174 442.
876 2137 961 2162 cum
989 2123 1060 2160 hoc
1088 2123 1199 2161 titulo
1226 2122 1371 2160 Latino
1386 2139 1398 2159 .·
1453 2120 1597 2174 Imago
1607 2120 1712 2158 veris

264 2181 307 2218 in
335 2180 474 2218 aulaeo
513 2180 647 2218 textili
686 2180 817 2234 operis
841 2178 1009 2233 phrygii
1042 2185 1112 2216 etc.
1168 2177 1212 2215 Si
1238 2190 1332 2229 ergo
1361 2190 1432 2215 ver
1454 2176 1606 2228 pictum
1633 2173 1710 2212 fuit

270 2235 314 2272 in
342 2233 483 2273 aulaeo
511 2235 623 2287 regio
639 2263 651 2285 ,
683 2248 765 2272 non
794 2234 924 2286 potuit
951 2232 1003 2270 ab
1030 2232 1186 2271 intextis
1230 2245 1369 2285 regum
1401 2229 1579 2270 vultibus
1605 2229 1711 2267 basi-

265 2286 390 2328 licum
421 2296 490 2328 aut
526 2293 679 2342 regium
707 2288 826 2327 fuisse
852 2286 1110 2341 appellatum.
1167 2287 1291 2325 Forte
1319 2287 1441 2340 igitur
1467 2284 1710 2324 tutissimum

268 2343 414 2394 fuerit,
443 2343 563 2382 huius
592 2344 768 2382 nominis
793 2344 990 2382 rationem
1017 2354 1063 2380 ex
1093 2356 1139 2380 eo
1167 2348 1325 2394 petere,
1368 2340 1479 2393 quod
1518 2338 1559 2378 hi
1587 2337 1710 2390 panni

269 2398 312 2436 in
339 2398 490 2437 fabrica
519 2398 715 2452 imperiali
745 2405 984 2437 texerentur.
1045 2396 1242 2435 Habuisse
1269 2396 1533 2448 Imperatores
1558 2392 1712 2445 Byzan-

269 2453 376 2492 tinos
416 2453 588 2492 fabricas
624 2467 848 2507 pannorum
886 2452 1104 2491 sericorum
1141 2458 1180 2490 et
1221 2452 1484 2503 pretiosorum
1512 2445 1588 2486 sibi
1614 2460 1711 2499 pro-

272 2509 394 2558 prias,
423 2507 550 2547 multa
581 2508 764 2547 suadent.
822 2508 1042 2560 Procopius
1071 2512 1178 2545 certe
1206 2506 1310 2545 Hist.
1341 2505 1523 2543 Arcanae
1548 2515 1591 2554 p.
1619 2499 1711 2551 124.

272 2574 309 2598 c.
345 2561 417 2600 fin.
473 2563 739 2601 Iustinianum
767 2564 823 2602 ait
855 2564 1002 2601 sericae
1031 2567 1070 2600 et
1101 2572 1326 2613 purpureae
1362 2558 1481 2597 vestis
1517 2569 1713 2608 monopo-

276 2613 376 2652 lium
407 2616 458 2654 ad
506 2631 547 2656 se
576 2619 741 2656 traxisse
794 2625 834 2656 et
874 2617 1043 2655 fabricas
1073 2615 1172 2654 tales
1199 2611 1436 2659 instituisse,
1467 2610 1576 2663 quod
1603 2623 1714 2649 mer-

271 2675 426 2707 catores
464 2671 515 2708 ad
572 2672 714 2711 incitas
757 2683 797 2710 et
835 2671 887 2710 ad
923 2670 1162 2711 vertendum
1197 2666 1326 2707 solum
1352 2665 1555 2719 adegerit,
1582 2678 1714 2719 neque

275 2721 417 2762 dubito
456 2725 694 2777 posteriores
735 2727 999 2780 Imperatores
1066 2725 1107 2764 id
1147 2722 1371 2764 institutum
1412 2721 1619 2761 retinuisse
1676 2727 1715 2758 et
