1884 3132
244 145 318 189 An
357 141 654 188 cousrm.
696 140 894 183 Pomm.
938 139 1010 180 DE
1058 137 1239 179 cmm.
1274 136 1371 176 Lm.
1413 136 1445 174 1.
1492 113 1600 169 303

165 249 318 290 ctorale
346 256 416 288 aut
442 247 635 288 cancellos
662 245 861 286 moeniani
876 274 888 295 ‚
926 243 1106 297 adeoque
1132 243 1386 281 moenianum
1433 240 1560 293 ipsum
1586 268 1598 288 ‚

167 320 192 344 e
219 319 299 359 quo
323 304 636 358 prospiciebatur
662 303 704 340 in
733 303 883 340 circum
899 330 909 347 ‚
940 299 1061 338 fuisse
1087 299 1162 337 sub
1199 296 1456 336 camelaucio.
1513 295 1598 347 Ap-

164 367 277 413 paret
312 359 471 412 tegmen
499 358 627 407 illud,
666 357 878 395 moeniano
915 356 1204 407 superpositum
1222 383 1234 402 ,
1266 350 1492 402 (umbellam
1532 355 1602 387 aut

164 416 383 454 meniscum
416 411 626 467 appelles)
669 410 779 464 quod
817 410 996 463 pluviam
1031 410 1232 461 solemque
1269 407 1321 445 ab
1349 421 1395 445 eo
1418 412 1594 448 arceret,

166 470 286 509 fuisse
324 468 609 508 camelaucium
643 473 852 519 propterea
890 464 1064 515 dictum,
1117 463 1225 516 quod
1252 465 1307 500 ita
1343 461 1599 500 moenianum

163 531 340 578 tegeret,
382 530 429 562 ut
465 522 751 562 camelaucium
791 527 911 573 caput
946 522 1070 573 tegit3
1105 518 1335 571 praesertim
1373 518 1404 556 si
1433 515 1600 554 haberet

162 587 232 619 aut
258 578 538 628 orbicularem,
566 583 635 615 aut
661 576 839 615 conicam
863 575 1045 627 figuram.

254 648 339 688 ¹7⁰·
361 633 409 672 A.
430 647 469 686 7.
491 632 600 687 [291‚
629 630 709 684 17.]
747 634 833 676 τοῖς
869 628 1084 681 τέσσαρσι.
1138 628 1268 666 Erant
1292 629 1397 666 enim
1426 633 1600 679 quatuor

163 696 352 742 tagmata‚
381 701 554 740 quorum
581 685 735 740 singula
765 683 942 738 singulos
970 684 1205 723 domesticos
1226 682 1452 722 habebant:
1483 681 1600 720 scho-

160 742 248 792 lae,
282 743 554 791 excubitores,
582 742 756 780 hicanati
785 747 824 779 et
852 740 1022 778 numeri.

269 799 324 837 D.
346 805 481 850 antep.
503 796 622 851 [293‚
646 795 708 850 2.]
748 790 831 834 a'no'
878 809 921 834 τε
964 791 1173 849 ἐπάρχων.
1228 795 1288 833 Μ.
1328 789 1408 831 dud
1441 804 1485 831 τε
1514 787 1596 830 clud

155 849 375 906 ἐπάρχων,
403 854 453 891 ab
472 852 732 907 expraefecti&
755 850 862 889 inde.

178 946 180 948 .
249 921 339 962 ¹7¹·
362 907 416 946 A.
436 907 477 947 6.
500 905 618 961 [295‚
637 905 702 960 9.]
732 904 792 952 εἰς
820 903 1006 956 σάξιμον.
1046 906 1105 943 Μ.
1138 902 1197 949 εἷς
1223 898 1270 941 τὸ
1305 899 1494 952 σᾰξιμον.
1527 901 1600 940 Sa-

160 964 311 1002 ximum
356 961 581 1015 appellatur
630 960 865 1014 tripudiatio
881 990 893 1012 ‚
936 960 1080 999 chorea
1096 990 1107 1010 ,
1143 959 1298 998 saltatio
1315 987 1327 1008 ‚
1372 959 1602 1010 praesertim

162 1031 268 1071 quae
294 1031 429 1056 coram
458 1018 703 1070 Imperatore
732 1015 865 1054 fiebat.
922 1016 976 1054 Et
1003 1015 1094 1054 talis
1122 1015 1265 1053 chorea
1283 1043 1295 1063 ,
1341 1027 1444 1066 quae
1480 1012 1600 1051 fiebat

162 1080 376 1126 postquam
414 1071 594 1111 saltaturi
623 1071 674 1110 ad
701 1070 950 1110 adorandum
978 1070 1185 1109 dominum
1214 1069 1374 1107 admissi
1401 1068 1566 1107 fuissent
1588 1097 1601 1117 ‚

162 1127 496 1167 saximodeximon
518 1157 531 1177 ‚
550 1127 591 1165 id
620 1134 679 1165 est
702 1125 868 1175 δὲ’·ςίμον
893 1122 998 1175 μετὰ
1027 1121 1204 1175 σαξίμου
1220 1153 1231 1175 ,
1263 1119 1366 1174 ὁόχὴ
1395 1119 1498 1173 μετὰ
1525 1120 1604 1162 σά-

157 1183 282 1231 ξεως,
317 1182 555 1235 appellatur.
614 1181 793 1220 Choreas
820 1183 863 1220 iu
889 1181 1085 1220 honorem
1121 1179 1397 1233 Augustorum
1434 1180 1600 1231 agitatas

160 1237 311 1287 fuisse,
350 1245 515 1290 apparet
545 1251 591 1275 ex
619 1238 795 1289 Vopisco
821 1237 873 1275 T.
905 1237 961 1275 11.
994 1237 1100 1275 Hist.
1130 1234 1238 1288 Aug.
1266 1248 1358 1287 pag.
1382 1232 1496 1287 427„
1526 1233 1598 1271 ubi

157 1291 244 1331 vid.
266 1290 522 1331 Salmasium.
563 1293 626 1330 De
653 1292 808 1331 choreis
827 1298 915 1344 post
933 1290 1069 1344 epulas
1086 1290 1266 1343 publicas
1285 1290 1365 1342 agit
1377 1289 1444 1327 Du
1464 1289 1599 1341 Cange

156 1346 256 1385 CPli
285 1347 435 1385 Christ.
469 1362 511 1401 p.
549 1345 637 1386 138.
675 1347 761 1387 init.
817 1345 1026 1386 saltabant
1068 1352 1201 1384 autem
1236 1345 1424 1382 factiones
1463 1358 1598 1382 coram

154 1401 319 1440 domino
357 1402 478 1440 variis
522 1403 563 1439 in
609 1400 734 1451 locis3
771 1408 819 1439 ut
848 1403 889 1439 in
919 1403 1054 1452 circ03
1098 1402 1213 1438 cuius
1251 1401 1309 1437 rei
1337 1396 1448 1451 origo
1474 1399 1548 1436 fuit
1575 1413 1599 1437 a

156 1454 407 1508 pyrrhichis,
437 1456 492 1494 ibi
520 1455 617 1493 olim
648 1455 783 1494 saltari
811 1455 935 1494 solitis
951 1486 963 1506 ,
990 1456 1039 1494 de
1065 1455 1211 1507 quibus
1225 1453 1361 1492 Vales.
1386 1453 1435 1491 ad
1457 1453 1596 1491 Amm.

160 1509 343 1548 Marcell.
371 1525 412 1563 p.
441 1524 530 1564 127.
590 1510 668 1547 Hic
710 1508 789 1548 loci
825 1510 1018 1549 habemus
1056 1509 1304 1548 saltationem
1338 1510 1381 1546 in
1422 1507 1598 1546 triclinio

159 1565 370 1604 Iustiniani
397 1565 501 1603 circa
530 1578 707 1603 mensam
735 1579 916 1616 sacram3
944 1579 971 1616 p
991 1577 1084 1603 222.
1112 1563 1360 1602 saltationem
1388 1562 1600 1602 Gothicam

152 1620 196 1657 in
241 1618 415 1658 triclinio
451 1620 569 1658 XIX.
601 1619 889 1658 accubitorum.
946 1621 1166 1673 Regionum
1212 1625 1415 1657 curatores
1460 1625 1500 1656 et
1537 1632 1600 1656 se-

150 1673 383 1727 bastophori
418 1674 616 1713 saltabant
638 1675 727 1712 XV.
755 1674 943 1713 Octobris
971 1677 1012 1713 in
1034 1674 1262 1727 Augustaeo
1301 1674 1342 1711 in
1369 1674 1472 1726 regis
1519 1672 1595 1712 ho-

157 1743 324 1780 norem,
353 1731 412 1767 ait
442 1728 599 1783 Gyllius
627 1729 677 1768 de
706 1730 829 1777 CPh,
857 1729 922 1767 ed.
952 1730 1128 1768 Bandur.
1150 1744 1192 1782 p.
1224 1727 1320 1767 582.
1340 1729 1393 1767 A.
1413 1743 1435 1767 e
1457 1728 1594 1767 Suida.

157 1783 288 1822 Locus
316 1785 390 1822 erit
417 1787 459 1822 in
487 1784 743 1837 sequentibus
771 1785 821 1823 de
850 1784 924 1822 hac
951 1799 995 1823 re
1021 1783 1202 1837 pluribus
1219 1783 1377 1836 agendi.
1431 1782 1598 1837 *[The-

154 1839 317 1890 ophilus
345 1840 450 1892 Imp.
463 1841 608 1891 gradus
639 1854 685 1878 ac
702 1838 888 1878 subsellia'
901 1868 918 1886 ,
939 1836 1202 1891 αἰάβάθρας,
1225 1839 1438 1881 factionum
1458 1839 1592 1889 struit,

154 1893 332 1945 phialam
369 1908 553 1947 quoque,
602 1896 644 1932 in
671 1909 750 1946 qua
779 1894 1095 1944 σαξιμοὸέξιμον
1122 1895 1182 1933 fit.
1238 1894 1350 1947 Sym.
1380 1893 1594 1947 Logothet.

154 1961 197 1999 p.
219 1946 364 2001 424.]*
421 1948 539 1988 Conf.
559 1951 640 1988 Leo
672 1950 852 1988 Gramm.
883 1964 924 2002 p.
954 1949 1045 1999 455.
1076 1949 1121 1989 C.
1151 1949 1189 1988 5.
1222 1956 1262 1987 et
1290 1950 1449 1987 Contin.
1483 1948 1594 1987 The-

155 2001 255 2055 oph.
285 2017 326 2054 p.
344 2001 412 2041 88.
475 2001 535 2042 Τά
567 2003 867 2054 σαξιμοδέξιμα
904 2005 1028 2057 igitur
1064 2011 1102 2043 et
1128 2001 1179 2043 τὰ
1210 2000 1466 2055 ἱπποδρόμια
1497 2018 1593 2042 con-

155 2059 326 2095 veniunt
348 2071 439 2094 cum
463 2060 580 2096 curiis
597 2059 717 2098 medii
739 2061 841 2105 aevi,
871 2074 973 2112 quae
988 2061 1117 2098 curiae
1140 2059 1323 2097 banditae
1337 2058 1592 2111 appellaban-

157 2117 226 2149 tur
254 2125 318 2161 eo,
350 2111 458 2164 quod
486 2113 755 2167 undecunque
781 2114 934 2154 nobiles
963 2122 1002 2154 et
1028 2115 1171 2153 divites
1193 2117 1334 2152 emisso
1352 2113 1486 2152 banno
1509 2115 1593 2164 (ve-

151 2164 214 2204 lut
240 2164 501 2217 κρεμαμένου
530 2169 679 2206 πανιόυ
710 2163 736 2221 ἢ
763 2165 908 2220 βήλου)
938 2169 988 2208 ad
1016 2184 1080 2208 eas
1109 2170 1389 2208 invitarentur.
1447 2169 1492 2206 In
1514 2168 1592 2207 iltis

151 2222 260 2259 enim
281 2222 401 2258 curiis
422 2220 681 2275 indulgebant
697 2225 889 2263 conviviis
901 2231 940 2263 et
974 2223 1139 2263 choreis.
1182 2225 1278 2263 vid.
1298 2223 1591 2276 Murat.Antiq‚

154 2274 245 2313 Ital.
263 2275 315 2313 T.
346 2275 400 2313 ΙΙ.
431 2275 526 2314 diss.
551 2278 702 2316 XXIX.
723 2308 735 2329 ,
767 2278 837 2316 ubi
877 2280 926 2318 de
964 2280 1067 2317 ludis
1100 2279 1294 2318 Italorum
1327 2279 1455 2317 medio
1494 2293 1592 2317 aevo

154 2330 247 2382 agit.
306 2329 540 2382 Plerumque
565 2333 683 2370 eliam
729 2348 862 2372 mensa
886 2335 1070 2389 palatina
1098 2335 1271 2372 omnihus
1297 2334 1588 2372 advenientibus

146 2393 295 2437 parata
323 2393 430 2431 erat,
461 2391 507 2422 ut
538 2386 593 2423 ait
614 2387 735 2425 idem.
791 2388 1031 2427 Praesertim
1065 2389 1210 2427 hilares
1240 2389 1303 2427 isti
1343 2387 1586 2442 populorum

150 2446 368 2478 conventus
397 2438 588 2478 celebrari
608 2441 809 2492 solebant,
838 2444 999 2496 quando
1041 2445 1224 2496 princeps
1251 2443 1393 2496 aliquis
1422 2457 1587 2483 uxorem

151 2492 339 2543 duceret,
393 2501 462 2532 aut
503 2494 655 2534 honore
699 2497 863 2536 militiae
909 2498 1141 2537 donaretur.
1196 2498 1443 2552 Philippicus
1479 2498 1586 2552 apud

153 2545 424 2610 IJicephorum
441 2549 615 2588 Patriar.
633 2551 752 2590 Brev.
782 2567 824 2604 p.
849 2551 962 2591 151.:
991 2550 1067 2604 τὴν
1095 2550 1307 2603 γενέθλιον
1332 2553 1404 2604 τῆς
1432 2549 1590 2599 πόλεως

152 2600 312 2661 ημέραν
339 2602 575 2650 ἐπιτελέσας
602 2605 675 2643 καί
705 2600 1000 2659 ἆμιλλητήριον
1026 2607 1111 2645 τῶν
1139 2605 1274 2646 ἵππων
1314 2601 1455 2659 ἇγῶι·α
1496 2606 1588 2647 ἐπι-

151 2651 413 2717 δειξάμξνος,
443 2652 534 2696 εἶτα
564 2656 662 2705 τούς
690 2660 838 2724 φάους
878 2657 1195 2711 ουμποσιάσας,
1234 2665 1369 2701 amicis
1404 2663 1587 2701 convivio

149 2718 343 2762 exceptcs,
368 2710 426 2757 εἰς
455 2707 582 2752 ὕπνον
609 2728 713 2754 κατα
743 2711 817 2755 τὸν
843 2713 1129 2769 μεσημβρινὸν
1155 2717 1227 2769 τῆς
1251 2715 1410 2771 ἡμέρας
1437 2713 1585 2770 καιρὸν
