1884 3132
273 128 348 170 An
385 125 726 169 Appmmcffl
765 129 862 167 Lm.
903 129 936 167 1.
979 129 1049 184 m:
1091 127 1351 170 cffllmoN.
1457 108 1560 185 57¹

119 232 256 288 Gange
284 246 328 272 v.
351 228 557 287 Σεφέριον
573 261 588 279 ,
615 245 718 286 quae
746 245 823 271 vox
853 231 1033 272 Arabica
1052 240 1112 272 est
1154 241 1194 273 et
1236 240 1351 274 notat
1374 248 1572 275 commea·

1206 305 1217 321 Ξ

117 339 223 380 nan,
253 331 405 372 cibaria
440 332 484 371 in
512 335 621 371 viam
665 330 729 372 vel
748 333 824 371 iter
848 332 1095 383 necessaria,
1130 330 1229 390 35³²*
1271 339 1311 372 et
1367 334 1409 372 in
1455 334 1563 388 plur.

115 395 140 420 ⁸:-
168 402 180 420 ι

111 427 193 481 35-
239 444 343 484 quae
377 431 427 470 ad
465 431 540 470 iter
566 444 701 469 secum
738 429 858 468 sumit
909 428 1091 468 ciborum
1133 431 1288 469 viator:
1319 429 1416 478 ἕνας
1436 446 1567 485 στρα-

116 489 269 547 τιώτης
299 488 413 548 εἶχεν
441 495 513 535 ἕνα
554 490 738 546 μουλάρι
758 525 769 542 ,
811 489 862 532 ‘to'
891 489 1035 533 ὁποῖον
1065 488 1154 546 εἶχε
1177 494 1358 548 σεησανὰ
1397 496 1445 552 [s.
1473 507 1567 539 sunt

116 558 319 614 sagmata,
351 549 573 604 sarcinae‚]
610 549 681 589 καί
707 543 808 589 ὅταν
839 544 1011 600 ἐπάγενε
1034 547 1094 596 εἰς
1125 545 1196 589 τὸν
1214 547 1407 602 πόλεμον,
1433 551 1568 626 ἐφορ-

120 618 233 644 τωνα
262 602 312 646 τοὶ
338 606 547 658 ροῦχατου
566 634 578 652 ,
609 605 682 643 καί
710 602 784 644 τὸν
818 599 1041 644 ἐδούλευσε
1071 601 1203 644 πολλοὶ
1235 606 1429 659 σεφέρια.
1468 610 1568 648 Ηλ-

116 659 172 698 θε
197 656 343 712 καιρὸς
380 660 454 700 καί
492 656 679 700 ἔπαυσαν
713 655 763 699 τά
794 658 1031 712 σεφέρασου
1070 659 1142 698 καί
1186 656 1230 699 τὸ
1257 658 1464 713 μουλάρι,
1492 664 1569 704 καί

116 712 224 753 πλέα
249 713 322 754 δὲν
357 714 563 764 ἐκοίταζεν
589 711 611 753 ὄ
651 712 901 767 στρατιώτης
939 714 1013 753 καί
1038 710 1083 754 τὸ
1115 711 1299 767 μουλιίρι
1329 713 1565 772 ἐπτώχηνε,

118 766 344 821 ἔψωρίασε.
401 770 559 826 Aliquis
589 770 699 808 miles
726 770 891 808 habebat
912 770 1058 808 mulum
1083 772 1323 823 sagmariwn
1338 801 1350 821 ,
1379 774 1449 811 cut*
1470 784 1572 814 stra-

268 833 307 863 et
333 826 456 864 multa
502 826 652 864 cibaria
694 825 941 879 imponebat,
990 839 1136 864 exeun-5
1178 827 1220 865 in
1258 826 1565 880 expeditebnem.

124 878 303 919 Tandem
329 880 558 936 deficiebant
583 880 734 919 cibaria
761 890 799 919 et
818 882 900 935 ipsi
916 889 954 918 et
980 881 1085 919 mulo
1098 909 1111 931 ,
1138 895 1208 919 nec
1237 882 1427 937 reliquum
1450 886 1564 924 vide-

115 933 185 972 bat
207 935 319 974 miles
351 936 581 992 quidquam.
645 935 759 975 Unde
783 950 941 991 pauper
967 935 1026 990 [id
1055 943 1114 975 est
1147 935 1297 991 macer]
1339 947 1378 976 et
1413 940 1567 980 scabio-

115 1002 180 1027 sus
202 990 395 1030 evadebat
422 992 562 1031 mulus.
620 990 675 1029 V.
705 991 772 1029 Du
802 991 999 1044 Cangium
1028 1005 1070 1030 v.
1101 990 1264 1047 Pauper
1282 1023 1293 1042 ,
1332 992 1404 1032 ubi
1430 998 1565 1036 carni-

117 1042 185 1082 bus
215 1059 437 1100 pauperum
481 1061 526 1085 ex
564 1044 700 1099 aliquo
738 1053 901 1085 auctore
932 1047 1042 1085 citat.

227 1110 280 1150 D.
310 1110 383 1150 ult.
414 1110 528 1166 [487,
551 1111 610 1165 5.]
650 1108 812 1151 πιλωτα
846 1112 1144 1152 κεντουκλὲϊνα.
1213 1113 1309 1154 Una
1330 1129 1430 1155 voce
1460 1120 1570 1171 opti·

120 1177 186 1203 me
211 1165 480 1220 significamus
502 1167 755 1219 Matrazzen,
785 1166 966 1206 coactilia
989 1182 1011 1206 e
1036 1167 1128 1207 lana
1147 1197 1161 1219 ‚
1189 1168 1409 1225 bombyce,
1438 1174 1566 1214 serico

118 1218 278 1271 viliori,
308 1229 453 1275 stuppa
487 1229 564 1265 etc,
597 1225 701 1262 inter
744 1222 846 1262 duos
880 1237 1034 1275 pannos
1074 1222 1229 1275 lineos,
1269 1225 1529 1268 bombacinos
1549 1259 1566 1280 ,

116 1276 264 1314 sericos
298 1283 372 1320 etc,
406 1279 692 1330 interpassata,
721 1292 791 1317 seu
823 1278 973 1317 crebris
1011 1277 1089 1317 filis
1122 1281 1296 1319 traiectis
1325 1283 1480 1333 insuta,
1510 1299 1568 1324 ne

119 1326 210 1369 loco
239 1330 532 1371 dimoveantur.
607 1334 716 1372 Haec
756 1341 850 1372 sunt
879 1333 947 1372 illa
980 1334 1291 1386 κεντουκλέϊνα,
1322 1337 1363 1375 id
1384 1345 1443 1376 est
1472 1352 1564 1378 κεν-

118 1391 222 1446 τητά
239 1425 252 1448 ,
298 1399 429 1437 crebre
465 1408 693 1453 compuncta
748 1398 903 1438 Arabes
948 1389 1061 1456 jd-JQA
1105 1400 1338 1440 Motharraz
1363 1403 1569 1456 appellant

119 1461 199 1502 tale
231 1476 357 1516 opus,
381 1465 560 1516 gestickt‚
592 1464 848 1516 ἐστιγμένον,
875 1465 984 1504 unde
998 1465 1163 1518 vulgare
1180 1480 1326 1505 nomen
1342 1468 1563 1518 Mamm,-

119 1517 226 1556 conf.
247 1519 397 1558 Murat.
423 1519 473 1562 Τ.
502 1521 555 1558 11.
577 1520 745 1573 Antiqu.
782 1520 872 1559 Ital.
896 1521 1003 1560 Diss.
1038 1522 1236 1560 XXXIII.
1267 1537 1309 1575 p.
1336 1523 1452 1574 1245.
1483 1525 1564 1563 La-

121 1573 195 1612 tini
233 1574 354 1613 medii
387 1576 475 1613 aevi
512 1576 692 1614 culcitras
734 1583 902 1629 punctas
938 1575 1195 1630 appellabant
1239 1585 1278 1617 et
1295 1589 1563 1633 perpunctas3

118 1642 161 1668 v.
189 1628 257 1666 Du
276 1629 411 1682 Gange
444 1629 487 1669 h.
523 1644 564 1669 v.
579 1660 590 1680 ,
607 1631 714 1670 unde
738 1630 979 1670 vocabulum
1007 1633 1236 1687 pour-point.
1290 1633 1405 1672 Talia
1431 1637 1563 1674 πιλω-

117 1679 169 1723 τὰ
213 1683 467 1738 appellabant
505 1700 666 1740 quoque
710 1687 920 1739 levitoneS‚
969 1687 1193 1733 λευιτῶνας
1211 1719 1224 1738 ,
1291 1689 1559 1742 λεβητῶνας,

119 1739 170 1778 de
191 1753 271 1792 quo
292 1754 333 1778 v.
356 1740 441 1779 vid.
473 1741 523 1780 ad
559 1757 604 1795 p.
628 1741 722 1792 241.
743 1742 788 1780 B.
814 1741 856 1793 4.

199 1804 291 1845 281.
313 1805 367 1845 A.
393 1821 452 1846 10.
490 1806 601 1862 [4833
627 1809 707 1861 13.]
733 1806 836 1861 πρὸς
869 1807 913 1847 ἓν
952 1806 1087 1856 ξύλον.
1142 1809 1463 1864 Subintelligitur
1483 1804 1560 1863 εἷς,

118 1875 214 1899 unus
241 1861 300 1899 ad
341 1876 459 1901 unum
474 1892 485 1910 ‚
515 1863 555 1901 id
601 1871 658 1903 est
689 1879 785 1902 unus
818 1878 937 1903 unum
972 1866 1113 1916 firme
1129 1895 1140 1913 ‚
1201 1873 1271 1904 aut
1304 1868 1562 1921 unusquisque

119 1929 263 1965 unum,
290 1917 435 1968 singuli
465 1919 621 1970 singula
661 1921 769 1971 tzlgna
805 1920 956 1958 tollunt.
1022 1920 1087 1958 Sic
1118 1935 1237 1974 supra
1272 1921 1367 1960 251.
1395 1922 1446 1963 A.
1485 1923 1526 1961 3.
1545 1937 1558 1961 ε

118 1963 278 2025 ἑκάστῳ
310 1967 474 2010 διδόναι
501 1969 604 2023 πρὸς
622 1974 740 2014 πέντε
767 1975 1003 2024 νομίσματα
1019 2005 1031 2025 ‚
1071 1977 1228 2015 viritim
1249 1977 1385 2030 quinos
1414 1977 1564 2016 solidos·

118 2025 239 2071 dare,
286 2033 325 2064 et
345 2040 388 2078 p.
409 2040 504 2080 272.
532 2028 578 2066 C.
597 2043 639 2082 9.
659 2044 670 2068 ε
703 2024 1061 2082 συμπαράκεινται
1083 2029 1233 2077 αὕταῖς
1259 2027 1364 2082 πρὸς
1394 2030 1438 2070 ἓν
1461 2031 1560 2083 τρία

120 2077 347 2131 κηρούλια,
386 2081 458 2119 ubi
494 2079 598 2133 πρὸς
638 2084 683 2124 ἓν
719 2084 826 2122 idem
865 2083 973 2123 valet
1003 2092 1124 2136 atque
1157 2079 1339 2138 ἑκάστῳ,
1379 2086 1565 2126 adiacent

120 2136 329 2190 unicuique
357 2138 434 2174 tria
465 2138 626 2176 cer-ulia.
683 2139 734 2178 P.
758 2139 852 2180 285.
869 2139 923 2178 A.
947 2139 989 2178 8.
1014 2136 1119 2189 πρὸς
1150 2138 1223 2178 ἕνα
1247 2133 1375 2178 ἆσκὸν
1401 2139 1561 2192 βόειον,

120 2191 186 2227 cui
212 2190 333 2240 {velut
390 2193 606 2244 opponitur
646 2191 726 2232 ἀνὰ
751 2193 971 2247 particula,
1034 2191 1113 2234 ἄνα
1164 2192 1240 2232 δύο
1285 2193 1436 2233 ἀσκῶν.
1493 2196 1561 2235 Sic

121 2244 200 2283 iam
222 2253 374 2285 veteres
403 2261 576 2300 quoque.
633 2249 830 2303 Diogenes
850 2250 986 2288 Laert.
1002 2264 1043 2302 p.
1068 2250 1156 2292 161.
1177 2263 1213 2287 c.
1234 2249 1304 2287 fin.
1331 2245 1438 2301 πρὸς
1455 2245 1561 2302 ἔτος,

117 2301 282 2352 singulis
316 2303 445 2340 annis.
521 2301 714 2356 Polybius
743 2319 783 2357 p.
819 2305 912 2357 5⁰7·
948 2304 1037 2343 28.:
1077 2299 1182 2356 πρὸς
1211 2300 1341 2342 εἴκοσι
1375 2301 1560 2346 τάλαντα

119 2352 500 2408 κατεγγυησάμενος
515 2386 527 2405 ,
556 2372 645 2395 cum
676 2360 753 2397 sihi
786 2368 954 2398 cur-asset
984 2361 1124 2398 vicena
1156 2359 1302 2396 talenta
1329 2359 1379 2397 ab
1418 2374 1559 2402 eorum

119 2423 350 2466 unoquoque
369 2442 380 2457 ‚
419 2412 523 2450 vade
541 2413 634 2451 clato
653 2443 663 2459 ‚
698 2414 964 2468 compromitti
988 2414 1269 2469 dependenda,
1304 2413 1381 2453 hoc
1404 2423 1463 2454 est
1494 2418 1559 2456 vi-

121 2464 219 2514 giuti
249 2466 398 2505 talenta
435 2482 456 2505 a
497 2467 674 2520 Megalea
717 2476 757 2507 et
792 2468 1027 2507 tantundem
1065 2484 1088 2507 a
1119 2469 1295 2507 Critone.
1356 2469 1460 2509 Hinc
1490 2487 1558 2511 ex-

120 2531 226 2569 pono
260 2520 393 2560 locum
430 2522 617 2561 Chronici
664 2522 924 2562 Alexandrini
951 2524 993 2562 in
1036 2523 1223 2562 Heraclio
1255 2537 1296 2575 p.
1327 2539 1444 2578 902.:
1481 2523 1557 2566 ἐὰν

122 2565 198 2610 οὖν
221 2574 364 2614 θέλετε
389 2578 531 2627 λαβεῖν
562 2575 732 2624 ἕκαστος
761 2578 842 2617 τῶν
871 2576 919 2615 ἐν
940 2577 988 2632 τῇ
1025 2574 1143 2617 πόλει
1183 2576 1288 2629 πρὸς
1332 2579 1453 2631 σαγίν
1484 2581 1558 2621 καί

120 2628 290 2676 καμίσιν
332 2632 530 2682 ποιοῦμεν
553 2631 728 2684 σιγγίλιν
742 2664 752 2682 ‚
802 2635 838 2672 si
862 2646 952 2684 ergo
987 2634 1108 2671 vultis
1144 2635 1308 2690 quisque
1338 2637 1559 2690 oppidano·

124 2695 214 2721 rum
235 2685 388 2737 singula
423 2701 519 2740 saga
555 2698 593 2727 et
621 2690 786 2728 camisia
831 2703 1001 2738 sumet-e,
1018 2689 1203 2742 facimus
1232 2700 1413 2744 pactum.
1467 2693 1557 2732 Me·-
