1884 3132
228 147 305 189 AD
344 144 644 188 consum.
682 142 882 185 Pomm.
921 141 994 181 m:
1028 138 1213 182 cmm.
1252 138 1354 179 un.
1395 139 1429 179 1.
1481 117 1596 186 463

150 258 194 291 et
223 250 473 291 chirothecas
511 256 551 289 et
588 247 743 288 tibialia
780 262 804 287 e
830 246 922 301 pilis
950 252 1153 285 castorum
1181 251 1336 298 parata.
1394 241 1503 293 Quid
1532 255 1599 280 er-

214 310 234 346 ?
289 306 585 359 Designabatne
626 311 761 343 noster
799 303 967 356 pallium
996 315 1019 340 e
1050 301 1141 354 pilis
1183 307 1384 339 castorum
1421 298 1598 346 factum,

149 376 202 400 au
231 362 401 415 pellibus
428 362 591 413 integris
617 366 817 398 castorum
837 357 1062 396 foderatum
1083 371 1153 396 seu
1176 356 1421 394 subsutum?
1447 354 1598 393 Decer-

149 430 247 455 nere
273 418 446 456 arduum
482 422 566 464 est,
597 414 723 454 ausim
762 421 896 452 tamen
924 413 1121 465 posterius
1158 412 1292 464 potius
1319 411 1597 463 pronuntiare.

150 472 359 511 Castoreas
386 473 492 510 euim
520 470 641 524 pelles
667 468 843 508 vestibus
869 474 1019 506 assutas
1046 473 1087 505 et
1114 466 1299 506 subsutas
1324 467 1405 504 iam
1432 479 1504 504 sua
1530 478 1598 503 ae-

150 533 235 566 tate
261 527 406 580 gestari
432 527 683 565 consuevisse
709 531 878 563 testatur
914 522 1142 562 Herodotus
1170 519 1366 583 1V3108.
1385 535 1397 559 ε
1427 519 1472 559 ἐν
1496 514 1598 559 tati-
1611 513 1676 550 Ed·
1687 514 1729 549 1⁴·
1746 515 1812 560 146

147 595 199 634 τη
229 577 417 633 ἐνύδριες
461 578 701 620 ἁλίσκονται
762 579 836 618 καί
861 573 1062 629 κάστορες
1113 577 1190 615 καί
1232 577 1342 615 αλλα
1369 571 1502 628 θηρία
1528 587 1597 614 τε-

146 623 561 689 τῇαγωνοπρόσωπα,
588 633 672 674 τῶν
710 630 761 673 τὰ
791 632 978 682 δέρματα
1008 632 1107 684 περὶ
1134 626 1211 677 τὰς
1239 625 1420 681 σισύρας
1446 627 1595 683 asgup*-

149 686 372 740 ῥάπτεται,
401 690 457 729 V.
486 691 555 728 Du
583 689 718 739 cange
746 703 785 732 v.
816 689 1015 727 Castorini
1051 694 1091 726 et
1136 687 1296 732 Behem
1327 700 1432 738 quae
1454 699 1530 724 vox
1557 686 1592 724 si

145 745 250 784 forte
275 745 484 799 Scythicae
524 752 594 784 aut
632 744 833 784 Sibericae
876 744 1001 796 magis
1044 749 1130 793 est,
1180 754 1302 796 quam
1332 741 1592 780 Germanicae

145 801 335 854 originis,
366 799 520 840 obtinet
547 807 680 839 tamen
725 802 767 839 in
797 812 981 839 sermone
1007 805 1147 837 nostro
1173 805 1219 837 ut
1246 803 1442 836 castorem
1470 797 1595 835 Bibes-

144 854 406 910 appellemus.
464 856 633 894 loannes
657 855 708 894 de
736 854 951 895 Gallandia
979 854 1021 892 in
1049 854 1293 907 Syuonymis
1313 867 1325 890 ε

338 911 455 951 Dant
475 912 602 966 pelles
623 911 749 966 pallis
768 910 950 956 stlat-der,
980 909 1134 957 Bever,
1166 907 1425 961 erogrillus,

338 966 396 1005 Id
413 980 564 1022 qnoque
586 966 782 1006 amiculus
795 995 807 1016 ,
844 966 981 1004 cismus
1005 965 1106 1004 dant
1125 972 1165 1004 et
1187 964 1379 1003 lareones.

142 1019 372 1060 Bernardus
394 1022 621 1075 sylvester:

338 1076 489 1115 Cismus
520 1077 690 1131 obrepsit
709 1083 748 1113 et
772 1075 961 1113 vestitura
977 1082 1150 1129 potentes

402 1132 619 1178 stlat-curis,
660 1140 698 1169 et
724 1130 850 1185 spolio
869 1144 949 1168 non
985 1131 1134 1170 leviore
1156 1130 1264 1169 hiber
1281 1160 1293 1177 ‚

142 1185 182 1224 id
211 1193 271 1225 est
297 1193 455 1237 castor,
484 1188 597 1226 cuius
623 1185 797 1239 spolium
815 1215 828 1236 ‚
854 1181 1013 1232 σπολὰς
1034 1214 1047 1235 ,
1076 1185 1224 1232 σκῦλος
1242 1215 1255 1236 ,
1286 1184 1460 1236 σκῦτος,
1490 1200 1586 1226 exu-

140 1241 258 1291 viae,
285 1241 401 1294 pellis
426 1243 618 1288 detracta,
650 1255 731 1280 non
760 1240 900 1279 leviori
929 1241 1083 1293 pretio,
1124 1255 1246 1294 quam
1273 1248 1445 1291 marter,
1473 1256 1587 1282 com-

138 1303 318 1348 paratur.
375 1297 581 1336 Habemus
623 1296 691 1335 hic
718 1296 871 1349 aliquot
914 1295 1059 1334 bestias
1087 1296 1129 1334 in
1156 1295 1302 1349 vulgus
1330 1310 1411 1334 non
1451 1305 1583 1337 notas.

141 1351 384 1404 Cymgrillus
427 1359 487 1391 est
513 1349 829 1403 χοιρόγρυλλος.
862 1350 1011 1389 Cismm
1040 1351 1325 1390 Germanicum
1351 1352 1585 1402 Ziesmmcs,

136 1418 244 1452 mus,
276 1407 346 1459 qui
376 1406 541 1445 odorem
567 1408 716 1459 spargit
743 1407 879 1444 cisimo
915 1405 980 1443 vel
994 1405 1162 1453 bisamo,
1193 1406 1235 1444 id
1263 1414 1321 1445 est
1346 1418 1502 1457 masec,
1529 1409 1585 1446 si-

137 1459 290 1498 milem.
316 1461 646 1514 Frequentissimi
658 1475 753 1500 usus
771 1467 885 1498 erant
895 1460 1028 1499 medio
1045 1475 1159 1511 aevo,
1178 1474 1259 1499 non
1278 1468 1436 1499 tantum
1455 1462 1496 1499 in
1510 1461 1584 1500 sri-

138 1515 359 1568 gidioribus
393 1524 433 1555 et
449 1515 676 1555 borealibus
707 1515 816 1554 orbis
842 1514 1038 1568 partibus,
1063 1515 1133 1554 sed
1152 1518 1272 1554 etiam
1305 1517 1346 1554 in
1366 1517 1451 1568 ipsa
1468 1516 1583 1557 ltalia

136 1569 295 1623 pellicia
322 1572 493 1624 pretiosa
509 1601 520 1615 ,
550 1578 596 1609 ut
623 1585 705 1610 non
740 1577 899 1609 tantum
940 1577 1068 1609 vestes
1107 1569 1277 1623 pellibus
1304 1570 1579 1623 duplicarent,

134 1638 280 1664 verum
297 1628 416 1665 etiam
437 1625 560 1680 pelles
587 1628 668 1665 suis
696 1626 806 1664 lectis
832 1626 1125 1675 insternerent3
1156 1626 1265 1678 quod
1293 1640 1316 1664 e
1339 1625 1437 1664 locis
1463 1641 1487 1665 a
1511 1627 1581 1666 Du

135 1679 269 1734 Gange
287 1682 416 1720 citatis
442 1681 603 1720 abunde
625 1681 850 1730 constabit3
879 1687 950 1732 ut,
979 1680 1088 1733 quod
1115 1680 1236 1733 paulo
1264 1688 1356 1719 ante
1383 1683 1463 1720 iam
1489 1694 1581 1735 pro-

132 1734 261 1775 fessus
277 1736 336 1775 fui
353 1766 365 1786 ,
385 1737 451 1776 hic
475 1751 669 1790 nequeam
689 1735 963 1784 dissimulare,
990 1749 1055 1774 me
1071 1736 1190 1775 valde
1218 1737 1378 1783 mirari,
1394 1738 1465 1790 qui
1492 1737 1578 1786 fiat,

87 1802 90 1804 ’
134 1793 251 1829 utin
294 1792 431 1831 codice
469 1799 607 1831 nostro
649 1794 754 1830 inter
790 1798 854 1831 tot
890 1792 1053 1830 nomina
1091 1792 1422 1830 vestimentorum
1450 1806 1583 1845 paene

134 1844 248 1885 nulla
274 1845 345 1884 fiat
373 1848 523 1886 mentio
562 1847 810 1900 pelliciorum
825 1876 838 1896 ‚
878 1846 1024 1899 quibus
1052 1845 1191 1885 luxum
1220 1847 1429 1889 ostendere
1455 1847 1579 1886 lauti-

128 1914 248 1950 ores,
284 1901 355 1954 qui
393 1908 480 1940 tum
519 1910 658 1950 erant,
681 1902 864 1941 homines
907 1901 1173 1952 affectabant,
1202 1909 1242 1940 et
1268 1916 1442 1955 quorum
1469 1902 1579 1942 fama

133 1954 241 2008 pleni
268 1963 361 1995 sunt
386 1957 470 1996 eius
498 1960 637 1997 aetatis
665 1957 860 1997 homines.
915 1957 994 1995 Vix
1021 1957 1159 1996 credas
1185 1971 1303 1996 usum
1331 1956 1581 2010 pelliciorum

135 2011 298 2049 Graecis
338 2011 494 2051 nullum
536 2013 678 2060 fuisse,
738 2013 870 2066 algido
898 2011 1009 2051 coelo
1050 2013 1263 2066 suppositis
1300 2019 1340 2051 et
1381 2013 1581 2052 amicitiae

133 2067 543 2121 commerciorumque
586 2082 690 2107 nexu
732 2082 826 2107 cum
853 2067 1019 2106 Russica
1046 2075 1163 2121 gente
1190 2068 1335 2106 iunctis
1350 2098 1362 2118 ,
1391 2069 1468 2107 nisi
1496 2083 1579 2107 non

131 2128 269 2160 nostro
298 2121 427 2160 solum
441 2123 479 2160 in
505 2123 657 2173 codiee,
686 2124 755 2162 sed
786 2124 906 2162 etiarn
935 2122 1042 2175 apud
1070 2122 1228 2161 nullum
1244 2125 1408 2162 omnino
1425 2153 1437 2173 ‚
1466 2124 1578 2176 quod

132 2178 255 2216 sciam
273 2205 285 2226 ‚
315 2178 548 2229 scriptorem
580 2178 846 2231 Byzantinum
864 2192 1003 2217 eorum
1044 2179 1195 2216 mentio
1222 2178 1348 2217 fieret.
1403 2179 1452 2217 ln
1480 2180 1579 2231 ipsis

131 2232 308 2285 antiquis
346 2232 506 2271 Graecis
550 2235 716 2286 picturis
734 2263 747 2285 ‚
794 2247 894 2287 quas
922 2233 1086 2286 quidem
1114 2247 1179 2272 me
1207 2233 1356 2272 vidisse
1382 2235 1575 2281 memini,

131 2300 253 2326 nemo
281 2284 441 2339 pellitus
469 2290 724 2341 conspicitur.
782 2289 907 2327 Cuius
935 2289 994 2326 rei
1027 2302 1189 2326 causam
1217 2288 1324 2326 dicat
1350 2290 1420 2341 qui
1447 2292 1573 2336 norit,

130 2343 202 2394 qui
238 2341 350 2381 velit.
420 2342 562 2381 Lectos
597 2344 701 2396 ipsos
747 2345 918 2396 pretiosa
962 2342 1067 2396 pelle
1095 2343 1286 2382 instratos
1314 2344 1445 2382 medm
1472 2357 1575 2382 aevo

129 2397 250 2436 fuisse
278 2404 443 2450 apparet
470 2411 492 2436 e
519 2396 607 2436 loco
631 2399 742 2438 Petri
768 2399 1063 2448 Cluniacensis‚
1099 2412 1221 2451 quem
1249 2412 1297 2437 eo
1325 2398 1498 2446 adduco,
1526 2406 1575 2438 ut

129 2451 326 2491 illustrem
353 2459 472 2505 atque
500 2453 723 2492 emendem.
792 2454 898 2493 citat
927 2466 1020 2492 eum
1047 2453 1116 2491 Du
1145 2453 1279 2507 Gange
1307 2467 1349 2492 v.
1378 2454 1576 2493 Amant-n·-

129 2520 187 2545 ses
203 2514 243 2546 et
271 2507 576 2562 Cbopereon‘tcm.
636 2508 710 2547 Est
745 2516 878 2548 autem
914 2507 1007 2547 hic:
1063 2506 1169 2547 nihil
1188 2523 1228 2546 se
1261 2509 1429 2563 putabat
1452 2509 1572 2548 habe-

131 2575 176 2599 re
189 2589 201 2608 ‚
241 2563 321 2602 nisi
355 2577 411 2601 ex
433 2564 573 2618 pilosis
603 2564 683 2601 illis
723 2572 763 2601 et
795 2561 996 2603 condensis
1018 2562 1347 2602 Numantinorum
1364 2592 1376 2613 ,
1418 2566 1490 2603 Ιιοσ
1514 2573 1573 2603 esc

131 2615 246 2654 ἰιιτια
283 2617 487 2657 modernos
523 2618 796 2657 Amorensium
837 2627 1028 2657 cattorum
1052 2619 1221 2673 pellibus
1251 2627 1419 2659 contecto
1456 2621 1572 2659 multi

124 2672 249 2722 pmii
266 2674 506 2726 coopertorio
534 2672 651 2712 lectus
674 2675 890 2712 muniretur·
915 2674 1073 2727 paritet·
1101 2688 1150 2712 ac
1184 2683 1405 2714 ornaretur.
1464 2676 1569 2725 Qui-

131 2737 225 2763 nam
250 2725 292 2764 hi
319 2734 411 2766 sunt
426 2728 660 2768 Numantini
674 2736 713 2768 et
729 2727 958 2768 Amor-enses
977 2730 1097 2767 catti?
1149 2726 1287 2768 Dubio
1306 2737 1422 2769 vacat
1439 2731 1568 2781 omni,
