<?xml version="1.0" encoding="UTF-8"?>
<!DOCTYPE html PUBLIC "-//W3C//DTD XHTML 1.0 Transitional//EN"
    "http://www.w3.org/TR/xhtml1/DTD/xhtml1-transitional.dtd">
<html xmlns="http://www.w3.org/1999/xhtml" xml:lang="en" lang="en">
 <head>
  <title>
</title>
<meta http-equiv="Content-Type" content="text/html;charset=utf-8" />
  <meta name='ocr-system' content='tesseract 3.04.00' />
  <meta name='ocr-capabilities' content='ocr_page ocr_carea ocr_par ocr_line ocrx_word'/>
</head>
<body>
  <div class='ocr_page' id='page_1' title='image "./corpusscriptorum08niebuoft/corpusscriptorum08niebuoft_0759.png"; bbox 0 0 1884 3132; ppageno 0'>
   <div class='ocr_carea' id='block_1_1' title="bbox 214 137 1570 212">
    <p class='ocr_par' dir='ltr' id='par_1_1' title="bbox 214 137 1570 212">
     <span class='ocr_line' id='line_1_1' title="bbox 214 137 1570 212; baseline -0.01 -4"><span class='ocrx_word' id='word_1_1' title='bbox 214 165 290 207; x_wconf 80' lang='lat' dir='ltr'>AD</span> <span class='ocrx_word' id='word_1_2' title='bbox 334 159 631 206; x_wconf 80' lang='lat' dir='ltr'><strong>CONSTANT.</strong></span> <span class='ocrx_word' id='word_1_3' title='bbox 668 150 865 204; x_wconf 71' lang='lat' dir='ltr'><strong>PORPH‘.</strong></span> <span class='ocrx_word' id='word_1_4' title='bbox 904 160 976 201; x_wconf 81' lang='lat' dir='ltr'>DE</span> <span class='ocrx_word' id='word_1_5' title='bbox 1000 158 1183 200; x_wconf 72' lang='lat' dir='ltr'><strong>CERIM.</strong></span> <span class='ocrx_word' id='word_1_6' title='bbox 1226 159 1326 199; x_wconf 83' lang='lat' dir='ltr'>Lm.</span> <span class='ocrx_word' id='word_1_7' title='bbox 1369 159 1420 197; x_wconf 85' lang='lat'>11.</span> <span class='ocrx_word' id='word_1_8' title='bbox 1469 137 1570 212; x_wconf 85' lang='lat'>751</span> 
     </span>
    </p>
   </div>
   <div class='ocr_carea' id='block_1_2' title="bbox 131 253 1575 426">
    <p class='ocr_par' dir='ltr' id='par_1_2' title="bbox 131 253 1575 426">
     <span class='ocr_line' id='line_1_2' title="bbox 244 253 1575 320; baseline -0.006 -15"><span class='ocrx_word' id='word_1_9' title='bbox 244 266 297 305; x_wconf 82' lang='lat' dir='ltr'>A.</span> <span class='ocrx_word' id='word_1_10' title='bbox 326 265 370 305; x_wconf 87' lang='grc'>6.</span> <span class='ocrx_word' id='word_1_11' title='bbox 401 264 514 320; x_wconf 80' lang='lat'>[638‚</span> <span class='ocrx_word' id='word_1_12' title='bbox 538 262 624 316; x_wconf 63' lang='lat' dir='ltr'>an]</span> <span class='ocrx_word' id='word_1_13' title='bbox 652 257 996 315; x_wconf 78' lang='grc' dir='ltr'><strong><em>χρονοκράτορες.</em></strong></span> <span class='ocrx_word' id='word_1_14' title='bbox 1052 261 1155 299; x_wconf 85' lang='lat' dir='ltr'><strong>Sunt</strong></span> <span class='ocrx_word' id='word_1_15' title='bbox 1176 255 1213 298; x_wconf 82' lang='grc' dir='ltr'><strong><em>οἱ</em></strong></span> <span class='ocrx_word' id='word_1_16' title='bbox 1242 255 1312 298; x_wconf 72' lang='grc' dir='ltr'>διὰ</span> <span class='ocrx_word' id='word_1_17' title='bbox 1329 253 1502 310; x_wconf 73' lang='grc' dir='ltr'><strong><em>χρόνον,</em></strong></span> <span class='ocrx_word' id='word_1_18' title='bbox 1535 258 1575 297; x_wconf 85' lang='lat' dir='ltr'>id</span> 
     </span>
     <span class='ocr_line' id='line_1_3' title="bbox 132 314 1573 375; baseline -0.006 -15"><span class='ocrx_word' id='word_1_19' title='bbox 132 329 192 360; x_wconf 81' lang='lat' dir='ltr'>est</span> <span class='ocrx_word' id='word_1_20' title='bbox 210 335 282 375; x_wconf 86' lang='lat' dir='ltr'>per</span> <span class='ocrx_word' id='word_1_21' title='bbox 301 335 469 371; x_wconf 89' lang='lat' dir='ltr'>annum,</span> <span class='ocrx_word' id='word_1_22' title='bbox 485 317 743 373; x_wconf 79' lang='grc' dir='ltr'><strong><em>κρατοῦντες,</em></strong></span> <span class='ocrx_word' id='word_1_23' title='bbox 767 331 920 357; x_wconf 87' lang='lat' dir='ltr'>summa</span> <span class='ocrx_word' id='word_1_24' title='bbox 935 331 1069 355; x_wconf 83' lang='lat' dir='ltr'>rerum</span> <span class='ocrx_word' id='word_1_25' title='bbox 1084 317 1293 368; x_wconf 87' lang='lat' dir='ltr'>potientes.</span> <span class='ocrx_word' id='word_1_26' title='bbox 1347 314 1451 352; x_wconf 87' lang='lat' dir='ltr'>Nam</span> <span class='ocrx_word' id='word_1_27' title='bbox 1471 326 1573 366; x_wconf 77' lang='grc' dir='ltr'><strong><em>χρο-</em></strong></span> 
     </span>
     <span class='ocr_line' id='line_1_4' title="bbox 131 368 1574 426; baseline -0.007 -10"><span class='ocrx_word' id='word_1_28' title='bbox 131 389 201 416; x_wconf 72' lang='grc' dir='ltr'><strong><em>νον</em></strong></span> <span class='ocrx_word' id='word_1_29' title='bbox 228 391 374 415; x_wconf 76' lang='lat' dir='ltr'>sumum</span> <span class='ocrx_word' id='word_1_30' title='bbox 412 376 525 414; x_wconf 87' lang='lat' dir='ltr'>novis</span> <span class='ocrx_word' id='word_1_31' title='bbox 554 375 716 412; x_wconf 86' lang='lat' dir='ltr'>Graecis</span> <span class='ocrx_word' id='word_1_32' title='bbox 742 387 826 412; x_wconf 86' lang='lat' dir='ltr'>esse</span> <span class='ocrx_word' id='word_1_33' title='bbox 842 402 854 425; x_wconf 87' lang='lat'>‚</span> <span class='ocrx_word' id='word_1_34' title='bbox 882 371 1115 426; x_wconf 76' lang='lat' dir='ltr'>pervulgata</span> <span class='ocrx_word' id='word_1_35' title='bbox 1140 384 1269 424; x_wconf 84' lang='lat' dir='ltr'>neque</span> <span class='ocrx_word' id='word_1_36' title='bbox 1296 368 1412 408; x_wconf 87' lang='lat' dir='ltr'>nobis</span> <span class='ocrx_word' id='word_1_37' title='bbox 1438 371 1480 408; x_wconf 89' lang='lat' dir='ltr'>iu</span> <span class='ocrx_word' id='word_1_38' title='bbox 1508 383 1574 408; x_wconf 81' lang='lat' dir='ltr'>su-</span> 
     </span>
    </p>
   </div>
   <div class='ocr_carea' id='block_1_3' title="bbox 131 431 1573 538">
    <p class='ocr_par' dir='ltr' id='par_1_3' title="bbox 131 431 1573 538">
     <span class='ocr_line' id='line_1_5' title="bbox 131 431 728 486; baseline -0.008 -15"><span class='ocrx_word' id='word_1_39' title='bbox 131 431 355 486; x_wconf 77' lang='lat' dir='ltr'>perioribns</span> <span class='ocrx_word' id='word_1_40' title='bbox 385 431 532 469; x_wconf 83' lang='lat' dir='ltr'>intacta</span> <span class='ocrx_word' id='word_1_41' title='bbox 561 443 626 468; x_wconf 85' lang='lat' dir='ltr'>res</span> <span class='ocrx_word' id='word_1_42' title='bbox 656 435 728 467; x_wconf 89' lang='lat' dir='ltr'>est.</span> 
     </span>
     <span class='ocr_line' id='line_1_6' title="bbox 241 480 1573 538; baseline -0.007 -13"><span class='ocrx_word' id='word_1_43' title='bbox 241 486 293 525; x_wconf 80' lang='lat' dir='ltr'>A.</span> <span class='ocrx_word' id='word_1_44' title='bbox 315 499 374 525; x_wconf 84' lang='grc' dir='ltr'>ιο.</span> <span class='ocrx_word' id='word_1_45' title='bbox 408 484 520 538; x_wconf 68' lang='grc'><strong>[639.</strong></span> <span class='ocrx_word' id='word_1_46' title='bbox 545 483 604 537; x_wconf 79' lang='grc'>5.]</span> <span class='ocrx_word' id='word_1_47' title='bbox 636 481 900 534; x_wconf 75' lang='grc' dir='ltr'><strong><em>διηρευνᾶτο.</em></strong></span> <span class='ocrx_word' id='word_1_48' title='bbox 958 483 1186 535; x_wconf 79' lang='lat' dir='ltr'>Respicitur</span> <span class='ocrx_word' id='word_1_49' title='bbox 1204 480 1253 519; x_wconf 90' lang='lat' dir='ltr'>ad</span> <span class='ocrx_word' id='word_1_50' title='bbox 1280 494 1425 518; x_wconf 82' lang='lat' dir='ltr'>morem</span> <span class='ocrx_word' id='word_1_51' title='bbox 1446 480 1573 517; x_wconf 81' lang='lat' dir='ltr'>maio-</span> 
     </span>
    </p>
   </div>
   <div class='ocr_carea' id='block_1_4' title="bbox 100 533 1574 2790">
    <p class='ocr_par' dir='ltr' id='par_1_4' title="bbox 118 533 1574 1308">
     <span class='ocr_line' id='line_1_7' title="bbox 129 533 1574 595; baseline -0.006 -15"><span class='ocrx_word' id='word_1_52' title='bbox 129 555 244 592; x_wconf 78' lang='lat' dir='ltr'>rum,</span> <span class='ocrx_word' id='word_1_53' title='bbox 273 541 324 580; x_wconf 89' lang='lat' dir='ltr'>de</span> <span class='ocrx_word' id='word_1_54' title='bbox 352 554 433 595; x_wconf 88' lang='lat' dir='ltr'>quo</span> <span class='ocrx_word' id='word_1_55' title='bbox 458 538 634 579; x_wconf 79' lang='lat' dir='ltr'><strong>Velleius</strong></span> <span class='ocrx_word' id='word_1_56' title='bbox 663 538 902 577; x_wconf 78' lang='lat' dir='ltr'>paterculus</span> <span class='ocrx_word' id='word_1_57' title='bbox 932 538 966 577; x_wconf 90' lang='grc' dir='ltr'>Ι.</span> <span class='ocrx_word' id='word_1_58' title='bbox 1003 552 1063 576; x_wconf 85' lang='lat'>10.</span> <span class='ocrx_word' id='word_1_59' title='bbox 1092 538 1141 575; x_wconf 88' lang='lat' dir='ltr'>de</span> <span class='ocrx_word' id='word_1_60' title='bbox 1163 538 1211 574; x_wconf 93' lang='lat' dir='ltr'>L.</span> <span class='ocrx_word' id='word_1_61' title='bbox 1235 535 1381 575; x_wconf 88' lang='lat' dir='ltr'>Paullo</span> <span class='ocrx_word' id='word_1_62' title='bbox 1402 533 1574 572; x_wconf 68' lang='lat' dir='ltr'>Aen-iiio</span> 
     </span>
     <span class='ocr_line' id='line_1_8' title="bbox 129 591 1573 636; baseline -0.006 -1"><span class='ocrx_word' id='word_1_63' title='bbox 129 608 326 636; x_wconf 82' lang='lat' dir='ltr'>narrans:</span> <span class='ocrx_word' id='word_1_64' title='bbox 373 597 407 634; x_wconf 75' lang='lat' dir='ltr'>is</span> <span class='ocrx_word' id='word_1_65' title='bbox 439 610 525 634; x_wconf 79' lang='lat' dir='ltr'>cum</span> <span class='ocrx_word' id='word_1_66' title='bbox 563 596 605 632; x_wconf 82' lang='lat' dir='ltr'>in</span> <span class='ocrx_word' id='word_1_67' title='bbox 630 595 813 632; x_wconf 78' lang='lat' dir='ltr'><em>concione</em></span> <span class='ocrx_word' id='word_1_68' title='bbox 841 603 956 633; x_wconf 61' lang='lat' dir='ltr'>extr-a</span> <span class='ocrx_word' id='word_1_69' title='bbox 983 594 1119 631; x_wconf 77' lang='lat' dir='ltr'>urbem</span> <span class='ocrx_word' id='word_1_70' title='bbox 1145 606 1252 630; x_wconf 76' lang='lat' dir='ltr'>more</span> <span class='ocrx_word' id='word_1_71' title='bbox 1270 591 1465 629; x_wconf 73' lang='lat' dir='ltr'>maim-nm</span> <span class='ocrx_word' id='word_1_72' title='bbox 1483 599 1573 628; x_wconf 77' lang='lat' dir='ltr'>(mle</span> 
     </span>
     <span class='ocr_line' id='line_1_9' title="bbox 126 646 1574 706; baseline -0.006 -16"><span class='ocrx_word' id='word_1_73' title='bbox 126 652 315 706; x_wconf 75' lang='lat' dir='ltr'>triumphi</span> <span class='ocrx_word' id='word_1_74' title='bbox 343 650 449 689; x_wconf 79' lang='lat' dir='ltr'>diem</span> <span class='ocrx_word' id='word_1_75' title='bbox 481 649 659 689; x_wconf 80' lang='lat' dir='ltr'><em>ordinem</em></span> <span class='ocrx_word' id='word_1_76' title='bbox 696 658 870 687; x_wconf 74' lang='lat' dir='ltr'>actorum</span> <span class='ocrx_word' id='word_1_77' title='bbox 908 662 1062 686; x_wconf 80' lang='lat' dir='ltr'>snorum</span> <span class='ocrx_word' id='word_1_78' title='bbox 1099 655 1440 691; x_wconf 62' lang='lat' dir='ltr'>commemoraret,</span> <span class='ocrx_word' id='word_1_79' title='bbox 1481 646 1574 683; x_wconf 77' lang='lat' dir='ltr'>deos</span> 
     </span>
     <span class='ocr_line' id='line_1_10' title="bbox 125 700 1566 760; baseline -0.004 -16"><span class='ocrx_word' id='word_1_80' title='bbox 125 707 364 746; x_wconf 77' lang='lat' dir='ltr'>immortales</span> <span class='ocrx_word' id='word_1_81' title='bbox 378 715 566 760; x_wconf 74' lang='lat' dir='ltr'>precatus</span> <span class='ocrx_word' id='word_1_82' title='bbox 585 713 640 742; x_wconf 80' lang='lat' dir='ltr'>est</span> <span class='ocrx_word' id='word_1_83' title='bbox 660 711 734 743; x_wconf 78' lang='lat' dir='ltr'>etc.</span> <span class='ocrx_word' id='word_1_84' title='bbox 760 702 819 742; x_wconf 85' lang='lat' dir='ltr'>Cl.</span> <span class='ocrx_word' id='word_1_85' title='bbox 837 702 1001 742; x_wconf 86' lang='lat' dir='ltr'>Lcichio</span> <span class='ocrx_word' id='word_1_86' title='bbox 1030 706 1070 741; x_wconf 91' lang='lat' dir='ltr'>in</span> <span class='ocrx_word' id='word_1_87' title='bbox 1093 702 1197 741; x_wconf 80' lang='lat' dir='ltr'>libro</span> <span class='ocrx_word' id='word_1_88' title='bbox 1220 701 1270 740; x_wconf 88' lang='lat' dir='ltr'>de</span> <span class='ocrx_word' id='word_1_89' title='bbox 1287 700 1498 754; x_wconf 75' lang='lat' dir='ltr'>Diptychis</span> <span class='ocrx_word' id='word_1_90' title='bbox 1527 715 1566 753; x_wconf 85' lang='lat' dir='ltr'>p.</span> 
     </span>
     <span class='ocr_line' id='line_1_11' title="bbox 127 755 1570 810; baseline -0.004 -10"><span class='ocrx_word' id='word_1_91' title='bbox 127 762 249 800; x_wconf 87' lang='lat' dir='ltr'><strong>XIII.</strong></span> <span class='ocrx_word' id='word_1_92' title='bbox 279 761 374 800; x_wconf 90' lang='lat' dir='ltr'>huic</span> <span class='ocrx_word' id='word_1_93' title='bbox 400 761 535 800; x_wconf 81' lang='lat' dir='ltr'><strong>Nostri</strong></span> <span class='ocrx_word' id='word_1_94' title='bbox 566 760 654 799; x_wconf 88' lang='lat' dir='ltr'>loco</span> <span class='ocrx_word' id='word_1_95' title='bbox 684 759 789 797; x_wconf 87' lang='lat' dir='ltr'>hanc</span> <span class='ocrx_word' id='word_1_96' title='bbox 817 766 954 798; x_wconf 88' lang='lat' dir='ltr'>notam</span> <span class='ocrx_word' id='word_1_97' title='bbox 982 757 1208 797; x_wconf 83' lang='lat' dir='ltr'>adscribere</span> <span class='ocrx_word' id='word_1_98' title='bbox 1235 756 1398 810; x_wconf 85' lang='lat' dir='ltr'>placuit.</span> <span class='ocrx_word' id='word_1_99' title='bbox 1459 755 1570 810; x_wconf 79' lang='grc' dir='ltr'>*[Ιιι-</span> 
     </span>
     <span class='ocr_line' id='line_1_12' title="bbox 124 810 1569 869; baseline -0.005 -14"><span class='ocrx_word' id='word_1_100' title='bbox 124 818 320 856; x_wconf 82' lang='lat' dir='ltr'>stinianus</span> <span class='ocrx_word' id='word_1_101' title='bbox 348 829 508 869; x_wconf 87' lang='lat' dir='ltr'>quoque</span> <span class='ocrx_word' id='word_1_102' title='bbox 537 816 760 868; x_wconf 82' lang='lat' dir='ltr'>Imperator</span> <span class='ocrx_word' id='word_1_103' title='bbox 787 814 1016 853; x_wconf 87' lang='lat' dir='ltr'>consulatus</span> <span class='ocrx_word' id='word_1_104' title='bbox 1045 827 1190 851; x_wconf 89' lang='lat' dir='ltr'>nomen</span> <span class='ocrx_word' id='word_1_105' title='bbox 1228 818 1268 851; x_wconf 87' lang='lat' dir='ltr'>et</span> <span class='ocrx_word' id='word_1_106' title='bbox 1295 811 1468 850; x_wconf 86' lang='lat' dir='ltr'>officium</span> <span class='ocrx_word' id='word_1_107' title='bbox 1497 810 1569 849; x_wconf 85' lang='lat' dir='ltr'>sso-</span> 
     </span>
     <span class='ocr_line' id='line_1_13' title="bbox 121 865 1570 925; baseline -0.004 -15"><span class='ocrx_word' id='word_1_108' title='bbox 121 879 235 910; x_wconf 84' lang='lat' dir='ltr'>rente</span> <span class='ocrx_word' id='word_1_109' title='bbox 264 871 472 925; x_wconf 82' lang='lat' dir='ltr'>republica</span> <span class='ocrx_word' id='word_1_110' title='bbox 499 870 695 909; x_wconf 88' lang='lat' dir='ltr'>bellorum</span> <span class='ocrx_word' id='word_1_111' title='bbox 736 883 854 908; x_wconf 87' lang='lat' dir='ltr'>causa</span> <span class='ocrx_word' id='word_1_112' title='bbox 894 870 1120 908; x_wconf 78' lang='lat' dir='ltr'>institutum</span> <span class='ocrx_word' id='word_1_113' title='bbox 1163 882 1209 906; x_wconf 86' lang='lat' dir='ltr'>ac</span> <span class='ocrx_word' id='word_1_114' title='bbox 1238 873 1344 906; x_wconf 80' lang='lat' dir='ltr'><strong>sorte</strong></span> <span class='ocrx_word' id='word_1_115' title='bbox 1377 865 1499 904; x_wconf 75' lang='lat' dir='ltr'>lectos</span> <span class='ocrx_word' id='word_1_116' title='bbox 1530 873 1570 905; x_wconf 88' lang='lat' dir='ltr'>et</span> 
     </span>
     <span class='ocr_line' id='line_1_14' title="bbox 124 922 1572 980; baseline -0.003 -15"><span class='ocrx_word' id='word_1_117' title='bbox 124 925 169 966; x_wconf 84' lang='lat' dir='ltr'>in</span> <span class='ocrx_word' id='word_1_118' title='bbox 198 927 422 980; x_wconf 86' lang='lat' dir='ltr'>provincias</span> <span class='ocrx_word' id='word_1_119' title='bbox 449 927 590 964; x_wconf 89' lang='lat' dir='ltr'>missos</span> <span class='ocrx_word' id='word_1_120' title='bbox 617 922 799 964; x_wconf 84' lang='lat' dir='ltr'>consules</span> <span class='ocrx_word' id='word_1_121' title='bbox 831 939 915 963; x_wconf 90' lang='lat' dir='ltr'>csse</span> <span class='ocrx_word' id='word_1_122' title='bbox 932 954 943 975; x_wconf 84' lang='lat'>‚</span> <span class='ocrx_word' id='word_1_123' title='bbox 973 926 1135 978; x_wconf 88' lang='lat' dir='ltr'>eiusque</span> <span class='ocrx_word' id='word_1_124' title='bbox 1151 923 1208 961; x_wconf 88' lang='lat' dir='ltr'>rei</span> <span class='ocrx_word' id='word_1_125' title='bbox 1235 935 1352 962; x_wconf 86' lang='lat' dir='ltr'>cansa</span> <span class='ocrx_word' id='word_1_126' title='bbox 1376 922 1572 974; x_wconf 83' lang='lat' dir='ltr'>scipiones</span> 
     </span>
     <span class='ocr_line' id='line_1_15' title="bbox 121 975 1565 1034; baseline -0.004 -14"><span class='ocrx_word' id='word_1_127' title='bbox 121 995 145 1020; x_wconf 84' lang='lat' dir='ltr'>a</span> <span class='ocrx_word' id='word_1_128' title='bbox 187 988 327 1021; x_wconf 88' lang='lat' dir='ltr'>senatu</span> <span class='ocrx_word' id='word_1_129' title='bbox 356 981 551 1034; x_wconf 81' lang='lat' dir='ltr'>accepisse</span> <span class='ocrx_word' id='word_1_130' title='bbox 588 980 719 1019; x_wconf 90' lang='lat' dir='ltr'>docet.</span> <span class='ocrx_word' id='word_1_131' title='bbox 776 979 945 1019; x_wconf 87' lang='lat' dir='ltr'>Novella</span> <span class='ocrx_word' id='word_1_132' title='bbox 975 979 1063 1018; x_wconf 88' lang='lat' dir='ltr'>CV.</span> <span class='ocrx_word' id='word_1_133' title='bbox 1094 978 1157 1018; x_wconf 88' lang='lat' dir='ltr'>cd.</span> <span class='ocrx_word' id='word_1_134' title='bbox 1178 978 1347 1030; x_wconf 85' lang='lat' dir='ltr'>Scrimg.</span> <span class='ocrx_word' id='word_1_135' title='bbox 1380 991 1416 1030; x_wconf 90' lang='lat' dir='ltr'>p.</span> <span class='ocrx_word' id='word_1_136' title='bbox 1442 975 1535 1016; x_wconf 84' lang='lat'><strong>268.</strong></span> <span class='ocrx_word' id='word_1_137' title='bbox 1553 991 1565 1015; x_wconf 89' lang='lat'><strong>:</strong></span> 
     </span>
     <span class='ocr_line' id='line_1_16' title="bbox 120 1028 1569 1089; baseline -0.005 -14"><span class='ocrx_word' id='word_1_138' title='bbox 120 1033 168 1075; x_wconf 84' lang='grc' dir='ltr'>τὸ</span> <span class='ocrx_word' id='word_1_139' title='bbox 197 1035 270 1089; x_wconf 76' lang='grc' dir='ltr'>τῆς</span> <span class='ocrx_word' id='word_1_140' title='bbox 296 1033 493 1082; x_wconf 67' lang='grc' dir='ltr'><strong><em>ὑπατείας</em></strong></span> <span class='ocrx_word' id='word_1_141' title='bbox 518 1028 650 1086; x_wconf 77' lang='grc' dir='ltr'><strong><em>ὄνομά</em></strong></span> <span class='ocrx_word' id='word_1_142' title='bbox 678 1047 722 1074; x_wconf 80' lang='grc' dir='ltr'>τε</span> <span class='ocrx_word' id='word_1_143' title='bbox 751 1034 824 1074; x_wconf 77' lang='grc' dir='ltr'>καί</span> <span class='ocrx_word' id='word_1_144' title='bbox 850 1035 1022 1087; x_wconf 77' lang='grc' dir='ltr'><strong><em>πρᾶγμα</em></strong></span> <span class='ocrx_word' id='word_1_145' title='bbox 1040 1038 1126 1080; x_wconf 78' lang='grc' dir='ltr'><strong><em>τοῖς</em></strong></span> <span class='ocrx_word' id='word_1_146' title='bbox 1143 1031 1222 1083; x_wconf 80' lang='grc' dir='ltr'>μὲν</span> <span class='ocrx_word' id='word_1_147' title='bbox 1242 1028 1375 1071; x_wconf 78' lang='grc' dir='ltr'><strong><em>πάλαι</em></strong></span> <span class='ocrx_word' id='word_1_148' title='bbox 1386 1031 1569 1081; x_wconf 66' lang='lat' dir='ltr'>‘Pamm-</span> 
     </span>
     <span class='ocr_line' id='line_1_17' title="bbox 122 1079 1564 1158; baseline -0.004 -28"><span class='ocrx_word' id='word_1_149' title='bbox 122 1104 184 1139; x_wconf 88' lang='grc' dir='ltr'><strong><em>οις</em></strong></span> <span class='ocrx_word' id='word_1_150' title='bbox 212 1088 314 1158; x_wconf 69' lang='grc' dir='ltr'><strong><em>πρὸς</em></strong></span> <span class='ocrx_word' id='word_1_151' title='bbox 339 1087 413 1144; x_wconf 67' lang='grc' dir='ltr'>τὴν</span> <span class='ocrx_word' id='word_1_152' title='bbox 438 1089 521 1130; x_wconf 76' lang='grc' dir='ltr'>ταῖν</span> <span class='ocrx_word' id='word_1_153' title='bbox 548 1090 739 1140; x_wconf 83' lang='grc' dir='ltr'><strong><em>πολέμων</em></strong></span> <span class='ocrx_word' id='word_1_154' title='bbox 767 1085 970 1142; x_wconf 66' lang='grc' dir='ltr'><strong><em>ἐπενοήθη</em></strong></span> <span class='ocrx_word' id='word_1_155' title='bbox 985 1086 1149 1141; x_wconf 77' lang='grc' dir='ltr'><strong><em>χρείαν,</em></strong></span> <span class='ocrx_word' id='word_1_156' title='bbox 1181 1079 1259 1127; x_wconf 72' lang='grc' dir='ltr'>κᾶν</span> <span class='ocrx_word' id='word_1_157' title='bbox 1277 1090 1369 1133; x_wconf 81' lang='grc' dir='ltr'><strong><em>ταῖς</em></strong></span> <span class='ocrx_word' id='word_1_158' title='bbox 1389 1084 1564 1140; x_wconf 69' lang='grc' dir='ltr'><strong><em>ψήφοις,</em></strong></span> 
     </span>
     <span class='ocr_line' id='line_1_18' title="bbox 120 1141 1566 1199; baseline -0.005 -13"><span class='ocrx_word' id='word_1_159' title='bbox 120 1142 173 1194; x_wconf 72' lang='grc' dir='ltr'>ἃς</span> <span class='ocrx_word' id='word_1_160' title='bbox 211 1149 354 1195; x_wconf 80' lang='grc' dir='ltr'><strong><em>αυτοῖς</em></strong></span> <span class='ocrx_word' id='word_1_161' title='bbox 396 1145 468 1185; x_wconf 69' lang='grc' dir='ltr'>ἐπὶ</span> <span class='ocrx_word' id='word_1_162' title='bbox 503 1145 554 1199; x_wconf 83' lang='grc' dir='ltr'>τῇ</span> <span class='ocrx_word' id='word_1_163' title='bbox 577 1144 812 1199; x_wconf 71' lang='grc' dir='ltr'><strong><em>χειροτονίᾳ</em></strong></span> <span class='ocrx_word' id='word_1_164' title='bbox 839 1142 884 1184; x_wconf 86' lang='grc' dir='ltr'>τὸ</span> <span class='ocrx_word' id='word_1_165' title='bbox 917 1141 1054 1183; x_wconf 84' lang='grc' dir='ltr'><strong><em>κοινὸν</em></strong></span> <span class='ocrx_word' id='word_1_166' title='bbox 1083 1142 1225 1183; x_wconf 73' lang='grc' dir='ltr'><strong><em>ἐδίδου</em></strong></span> <span class='ocrx_word' id='word_1_167' title='bbox 1257 1142 1329 1194; x_wconf 82' lang='grc' dir='ltr'>τῆς</span> <span class='ocrx_word' id='word_1_168' title='bbox 1359 1141 1566 1189; x_wconf 76' lang='grc' dir='ltr'><strong><em>πολιτείας</em></strong></span> 
     </span>
     <span class='ocr_line' id='line_1_19' title="bbox 118 1190 1566 1254; baseline -0.004 -14"><span class='ocrx_word' id='word_1_169' title='bbox 118 1201 281 1254; x_wconf 72' lang='grc' dir='ltr'>σχῆμα.</span> <span class='ocrx_word' id='word_1_170' title='bbox 338 1199 607 1252; x_wconf 74' lang='grc' dir='ltr'><strong><em>διελάγχανον</em></strong></span> <span class='ocrx_word' id='word_1_171' title='bbox 636 1196 716 1253; x_wconf 75' lang='grc' dir='ltr'>γὰρ</span> <span class='ocrx_word' id='word_1_172' title='bbox 748 1196 878 1247; x_wconf 72' lang='grc' dir='ltr'><em>εὐθὺς</em></span> <span class='ocrx_word' id='word_1_173' title='bbox 907 1197 979 1246; x_wconf 76' lang='grc' dir='ltr'>τὰς</span> <span class='ocrx_word' id='word_1_174' title='bbox 1017 1194 1248 1250; x_wconf 74' lang='grc' dir='ltr'><strong><em>ἐπαρχίας,</em></strong></span> <span class='ocrx_word' id='word_1_175' title='bbox 1290 1195 1335 1236; x_wconf 82' lang='grc' dir='ltr'>ἐν</span> <span class='ocrx_word' id='word_1_176' title='bbox 1371 1190 1438 1243; x_wconf 84' lang='grc' dir='ltr'>αἶς</span> <span class='ocrx_word' id='word_1_177' title='bbox 1459 1193 1566 1235; x_wconf 85' lang='grc' dir='ltr'>Ῥω-</span> 
     </span>
     <span class='ocr_line' id='line_1_20' title="bbox 118 1247 1563 1308; baseline -0.005 -13"><span class='ocrx_word' id='word_1_178' title='bbox 118 1256 260 1306; x_wconf 86' lang='grc' dir='ltr'><strong><em>μαίοις</em></strong></span> <span class='ocrx_word' id='word_1_179' title='bbox 278 1253 454 1306; x_wconf 83' lang='grc' dir='ltr'><strong><em>πόλεμος</em></strong></span> <span class='ocrx_word' id='word_1_180' title='bbox 474 1252 539 1308; x_wconf 74' lang='grc' dir='ltr'>ἦν,</span> <span class='ocrx_word' id='word_1_181' title='bbox 569 1252 640 1295; x_wconf 81' lang='grc' dir='ltr'><strong><em>καί</em></strong></span> <span class='ocrx_word' id='word_1_182' title='bbox 656 1255 742 1294; x_wconf 84' lang='grc' dir='ltr'>κατ’</span> <span class='ocrx_word' id='word_1_183' title='bbox 773 1251 908 1302; x_wconf 75' lang='grc' dir='ltr'><strong><em>αὐτὰς</em></strong></span> <span class='ocrx_word' id='word_1_184' title='bbox 938 1254 1186 1306; x_wconf 73' lang='grc' dir='ltr'><strong><em>ἐκληροῦντο</em></strong></span> <span class='ocrx_word' id='word_1_185' title='bbox 1214 1247 1291 1298; x_wconf 78' lang='grc' dir='ltr'>τάς</span> <span class='ocrx_word' id='word_1_186' title='bbox 1322 1247 1563 1304; x_wconf 75' lang='grc' dir='ltr'><strong><em>ῥάβδους.]*</em></strong></span> 
     </span>
    </p>

    <p class='ocr_par' dir='ltr' id='par_1_5' title="bbox 101 1303 1563 2242">
     <span class='ocr_line' id='line_1_21' title="bbox 227 1303 1563 1364; baseline -0.005 -14"><span class='ocrx_word' id='word_1_187' title='bbox 227 1311 275 1350; x_wconf 88' lang='grc' dir='ltr'>Β.</span> <span class='ocrx_word' id='word_1_188' title='bbox 304 1325 346 1363; x_wconf 89' lang='lat'>9.</span> <span class='ocrx_word' id='word_1_189' title='bbox 378 1310 493 1364; x_wconf 79' lang='lat'>[639‚</span> <span class='ocrx_word' id='word_1_190' title='bbox 522 1309 604 1363; x_wconf 81' lang='lat'>12.]</span> <span class='ocrx_word' id='word_1_191' title='bbox 629 1303 916 1362; x_wconf 74' lang='grc' dir='ltr'><strong><em>ἆποσκὲφθαι.</em></strong></span> <span class='ocrx_word' id='word_1_192' title='bbox 975 1310 1072 1348; x_wconf 84' lang='lat' dir='ltr'>Post</span> <span class='ocrx_word' id='word_1_193' title='bbox 1093 1308 1170 1347; x_wconf 89' lang='lat' dir='ltr'>hoc</span> <span class='ocrx_word' id='word_1_194' title='bbox 1191 1307 1358 1345; x_wconf 82' lang='lat' dir='ltr'>verbum</span> <span class='ocrx_word' id='word_1_195' title='bbox 1376 1308 1415 1344; x_wconf 89' lang='lat' dir='ltr'>in</span> <span class='ocrx_word' id='word_1_196' title='bbox 1435 1321 1563 1345; x_wconf 90' lang='lat' dir='ltr'>mcm-</span> 
     </span>
     <span class='ocr_line' id='line_1_22' title="bbox 119 1363 1561 1418; baseline -0.003 -15"><span class='ocrx_word' id='word_1_197' title='bbox 119 1365 255 1404; x_wconf 88' lang='lat' dir='ltr'>branis</span> <span class='ocrx_word' id='word_1_198' title='bbox 279 1373 475 1418; x_wconf 82' lang='lat' dir='ltr'>punctum</span> <span class='ocrx_word' id='word_1_199' title='bbox 504 1371 588 1404; x_wconf 72' lang='lat' dir='ltr'>era-t</span> <span class='ocrx_word' id='word_1_200' title='bbox 606 1395 617 1414; x_wconf 91' lang='lat'>‚</span> <span class='ocrx_word' id='word_1_201' title='bbox 649 1365 689 1403; x_wconf 89' lang='lat' dir='ltr'>id</span> <span class='ocrx_word' id='word_1_202' title='bbox 719 1372 777 1403; x_wconf 88' lang='lat' dir='ltr'>cst</span> <span class='ocrx_word' id='word_1_203' title='bbox 792 1379 960 1403; x_wconf 87' lang='lat' dir='ltr'>comma.</span> <span class='ocrx_word' id='word_1_204' title='bbox 991 1365 1095 1402; x_wconf 90' lang='lat' dir='ltr'>Nam</span> <span class='ocrx_word' id='word_1_205' title='bbox 1126 1369 1324 1401; x_wconf 86' lang='lat' dir='ltr'>commata</span> <span class='ocrx_word' id='word_1_206' title='bbox 1354 1369 1490 1400; x_wconf 86' lang='lat' dir='ltr'>nostra</span> <span class='ocrx_word' id='word_1_207' title='bbox 1519 1363 1561 1399; x_wconf 90' lang='lat' dir='ltr'>in</span> 
     </span>
     <span class='ocr_line' id='line_1_23' title="bbox 118 1417 1562 1473; baseline -0.003 -14"><span class='ocrx_word' id='word_1_208' title='bbox 118 1420 196 1459; x_wconf 82' lang='lat' dir='ltr'>illis</span> <span class='ocrx_word' id='word_1_209' title='bbox 224 1434 420 1473; x_wconf 87' lang='lat' dir='ltr'>nusquam</span> <span class='ocrx_word' id='word_1_210' title='bbox 448 1426 657 1472; x_wconf 82' lang='lat' dir='ltr'>apparent,</span> <span class='ocrx_word' id='word_1_211' title='bbox 687 1427 727 1458; x_wconf 85' lang='lat' dir='ltr'>et</span> <span class='ocrx_word' id='word_1_212' title='bbox 751 1421 947 1458; x_wconf 89' lang='lat' dir='ltr'>maiorum</span> <span class='ocrx_word' id='word_1_213' title='bbox 970 1420 1249 1470; x_wconf 89' lang='lat' dir='ltr'>minorumque</span> <span class='ocrx_word' id='word_1_214' title='bbox 1262 1417 1562 1455; x_wconf 78' lang='lat' dir='ltr'>distinctionum</span> 
     </span>
     <span class='ocr_line' id='line_1_24' title="bbox 116 1471 1560 1528; baseline -0.003 -15"><span class='ocrx_word' id='word_1_215' title='bbox 116 1477 204 1514; x_wconf 89' lang='lat' dir='ltr'>vice</span> <span class='ocrx_word' id='word_1_216' title='bbox 225 1474 447 1528; x_wconf 85' lang='lat' dir='ltr'>funguntur</span> <span class='ocrx_word' id='word_1_217' title='bbox 474 1475 623 1527; x_wconf 86' lang='lat' dir='ltr'>ubique</span> <span class='ocrx_word' id='word_1_218' title='bbox 651 1482 827 1527; x_wconf 71' lang='lat' dir='ltr'>punctat,</span> <span class='ocrx_word' id='word_1_219' title='bbox 859 1481 1068 1527; x_wconf 79' lang='lat' dir='ltr'>propterea</span> <span class='ocrx_word' id='word_1_220' title='bbox 1092 1473 1255 1511; x_wconf 81' lang='lat' dir='ltr'><strong>dederat</strong></span> <span class='ocrx_word' id='word_1_221' title='bbox 1287 1471 1560 1524; x_wconf 76' lang='lat' dir='ltr'>apographum</span> 
     </span>
     <span class='ocr_line' id='line_1_25' title="bbox 115 1526 1562 1581; baseline -0.004 -12"><span class='ocrx_word' id='word_1_222' title='bbox 115 1530 182 1569; x_wconf 87' lang='lat' dir='ltr'>hie</span> <span class='ocrx_word' id='word_1_223' title='bbox 211 1543 382 1569; x_wconf 87' lang='lat' dir='ltr'>comma.</span> <span class='ocrx_word' id='word_1_224' title='bbox 442 1530 527 1568; x_wconf 86' lang='lat' dir='ltr'>Non</span> <span class='ocrx_word' id='word_1_225' title='bbox 562 1543 914 1568; x_wconf 85' lang='lat' dir='ltr'>commemorarem</span> <span class='ocrx_word' id='word_1_226' title='bbox 940 1530 979 1567; x_wconf 85' lang='lat' dir='ltr'>id</span> <span class='ocrx_word' id='word_1_227' title='bbox 1000 1542 1124 1581; x_wconf 83' lang='lat' dir='ltr'>genus</span> <span class='ocrx_word' id='word_1_228' title='bbox 1153 1527 1364 1575; x_wconf 84' lang='lat' dir='ltr'>minutias,</span> <span class='ocrx_word' id='word_1_229' title='bbox 1394 1528 1470 1564; x_wconf 88' lang='lat' dir='ltr'>nisi</span> <span class='ocrx_word' id='word_1_230' title='bbox 1498 1526 1562 1564; x_wconf 86' lang='lat' dir='ltr'>de-</span> 
     </span>
     <span class='ocr_line' id='line_1_26' title="bbox 115 1581 1560 1638; baseline -0.004 -14"><span class='ocrx_word' id='word_1_231' title='bbox 115 1584 253 1624; x_wconf 81' lang='lat' dir='ltr'>berem</span> <span class='ocrx_word' id='word_1_232' title='bbox 282 1584 528 1638; x_wconf 83' lang='lat' dir='ltr'>significare‚</span> <span class='ocrx_word' id='word_1_233' title='bbox 558 1584 666 1623; x_wconf 91' lang='lat' dir='ltr'>unde</span> <span class='ocrx_word' id='word_1_234' title='bbox 695 1598 850 1623; x_wconf 90' lang='lat' dir='ltr'>comma</span> <span class='ocrx_word' id='word_1_235' title='bbox 878 1584 943 1622; x_wconf 91' lang='lat' dir='ltr'>hic</span> <span class='ocrx_word' id='word_1_236' title='bbox 972 1583 1049 1622; x_wconf 90' lang='lat' dir='ltr'>loci</span> <span class='ocrx_word' id='word_1_237' title='bbox 1077 1584 1117 1621; x_wconf 93' lang='lat' dir='ltr'>in</span> <span class='ocrx_word' id='word_1_238' title='bbox 1147 1582 1362 1620; x_wconf 80' lang='lat' dir='ltr'>editionem</span> <span class='ocrx_word' id='word_1_239' title='bbox 1385 1581 1560 1620; x_wconf 87' lang='lat' dir='ltr'>Lcichia-</span> 
     </span>
     <span class='ocr_line' id='line_1_27' title="bbox 115 1638 1562 1690; baseline -0.003 -11"><span class='ocrx_word' id='word_1_240' title='bbox 115 1654 211 1679; x_wconf 86' lang='lat' dir='ltr'>nam</span> <span class='ocrx_word' id='word_1_241' title='bbox 249 1641 419 1679; x_wconf 88' lang='lat' dir='ltr'>venerit.</span> <span class='ocrx_word' id='word_1_242' title='bbox 476 1638 627 1678; x_wconf 83' lang='lat' dir='ltr'>Sustrli</span> <span class='ocrx_word' id='word_1_243' title='bbox 664 1639 956 1678; x_wconf 85' lang='lat' dir='ltr'>distinctionem</span> <span class='ocrx_word' id='word_1_244' title='bbox 988 1638 1054 1677; x_wconf 87' lang='lat' dir='ltr'>hie</span> <span class='ocrx_word' id='word_1_245' title='bbox 1099 1638 1363 1690; x_wconf 79' lang='lat' dir='ltr'>importunam</span> <span class='ocrx_word' id='word_1_246' title='bbox 1402 1643 1441 1675; x_wconf 89' lang='lat' dir='ltr'>et</span> <span class='ocrx_word' id='word_1_247' title='bbox 1471 1643 1562 1690; x_wconf 89' lang='lat' dir='ltr'>post</span> 
     </span>
     <span class='ocr_line' id='line_1_28' title="bbox 113 1689 1561 1748; baseline -0.002 -15"><span class='ocrx_word' id='word_1_248' title='bbox 113 1691 219 1744; x_wconf 80' lang='grc' dir='ltr'><strong><em>πρὸς</em></strong></span> <span class='ocrx_word' id='word_1_249' title='bbox 245 1695 376 1734; x_wconf 78' lang='grc' dir='ltr'><strong><em>ταῦτα</em></strong></span> <span class='ocrx_word' id='word_1_250' title='bbox 414 1696 613 1748; x_wconf 85' lang='lat' dir='ltr'>promovi.</span> <span class='ocrx_word' id='word_1_251' title='bbox 664 1693 955 1747; x_wconf 75' lang='grc' dir='ltr'><strong><em>Ἀποσκέφθαι</em></strong></span> <span class='ocrx_word' id='word_1_252' title='bbox 995 1700 1053 1732; x_wconf 85' lang='lat' dir='ltr'>est</span> <span class='ocrx_word' id='word_1_253' title='bbox 1087 1693 1192 1730; x_wconf 89' lang='lat' dir='ltr'>idem</span> <span class='ocrx_word' id='word_1_254' title='bbox 1230 1699 1349 1744; x_wconf 83' lang='lat' dir='ltr'>atque</span> <span class='ocrx_word' id='word_1_255' title='bbox 1388 1689 1561 1730; x_wconf 73' lang='grc' dir='ltr'><strong><em>α’πεσκέ-</em></strong></span> 
     </span>
     <span class='ocr_line' id='line_1_29' title="bbox 114 1746 1557 1803; baseline -0.002 -15"><span class='ocrx_word' id='word_1_256' title='bbox 114 1750 241 1803; x_wconf 71' lang='grc' dir='ltr'><strong><em>φθαι.</em></strong></span> <span class='ocrx_word' id='word_1_257' title='bbox 300 1750 406 1789; x_wconf 88' lang='lat' dir='ltr'>Novi</span> <span class='ocrx_word' id='word_1_258' title='bbox 437 1751 541 1788; x_wconf 89' lang='lat' dir='ltr'>enim</span> <span class='ocrx_word' id='word_1_259' title='bbox 561 1749 703 1789; x_wconf 81' lang='lat' dir='ltr'>Graeci</span> <span class='ocrx_word' id='word_1_260' title='bbox 731 1756 987 1803; x_wconf 81' lang='lat' dir='ltr'>augmentum</span> <span class='ocrx_word' id='word_1_261' title='bbox 1014 1747 1196 1800; x_wconf 76' lang='lat' dir='ltr'>perfecti,</span> <span class='ocrx_word' id='word_1_262' title='bbox 1228 1746 1388 1800; x_wconf 84' lang='lat' dir='ltr'>quando</span> <span class='ocrx_word' id='word_1_263' title='bbox 1418 1746 1557 1797; x_wconf 83' lang='lat' dir='ltr'>lubet,</span> 
     </span>
     <span class='ocr_line' id='line_1_30' title="bbox 111 1801 1559 1858; baseline -0.003 -15"><span class='ocrx_word' id='word_1_264' title='bbox 111 1805 332 1854; x_wconf 85' lang='lat' dir='ltr'>omittunt,</span> <span class='ocrx_word' id='word_1_265' title='bbox 371 1812 417 1843; x_wconf 88' lang='lat' dir='ltr'>ut</span> <span class='ocrx_word' id='word_1_266' title='bbox 444 1805 564 1857; x_wconf 88' lang='lat' dir='ltr'>paulo</span> <span class='ocrx_word' id='word_1_267' title='bbox 597 1813 685 1858; x_wconf 90' lang='lat' dir='ltr'>post</span> <span class='ocrx_word' id='word_1_268' title='bbox 725 1804 1057 1853; x_wconf 79' lang='grc' dir='ltr'><strong><em>κατακλασμένα.</em></strong></span> <span class='ocrx_word' id='word_1_269' title='bbox 1113 1803 1219 1841; x_wconf 81' lang='lat' dir='ltr'>Vera</span> <span class='ocrx_word' id='word_1_270' title='bbox 1260 1801 1421 1853; x_wconf 88' lang='lat' dir='ltr'>scriptio</span> <span class='ocrx_word' id='word_1_271' title='bbox 1457 1808 1559 1840; x_wconf 69' lang='lat' dir='ltr'>esset</span> 
     </span>
     <span class='ocr_line' id='line_1_31' title="bbox 113 1853 1558 1913; baseline -0.001 -15"><span class='ocrx_word' id='word_1_272' title='bbox 113 1866 154 1898; x_wconf 87' lang='lat' dir='ltr'>et</span> <span class='ocrx_word' id='word_1_273' title='bbox 176 1859 226 1898; x_wconf 86' lang='lat' dir='ltr'>ad</span> <span class='ocrx_word' id='word_1_274' title='bbox 243 1862 523 1913; x_wconf 83' lang='lat' dir='ltr'>grammaticae</span> <span class='ocrx_word' id='word_1_275' title='bbox 538 1859 642 1913; x_wconf 84' lang='lat' dir='ltr'>leges</span> <span class='ocrx_word' id='word_1_276' title='bbox 653 1867 795 1901; x_wconf 65' lang='lat' dir='ltr'>,exacta</span> <span class='ocrx_word' id='word_1_277' title='bbox 812 1853 1096 1910; x_wconf 72' lang='grc' dir='ltr'>ἅπεσκῆφθαι.</span> <span class='ocrx_word' id='word_1_278' title='bbox 1151 1858 1242 1896; x_wconf 91' lang='lat' dir='ltr'>Non</span> <span class='ocrx_word' id='word_1_279' title='bbox 1265 1859 1369 1895; x_wconf 85' lang='lat' dir='ltr'>enim</span> <span class='ocrx_word' id='word_1_280' title='bbox 1389 1853 1558 1896; x_wconf 75' lang='grc' dir='ltr'><strong><em>ἀποσκέ-</em></strong></span> 
     </span>
     <span class='ocr_line' id='line_1_32' title="bbox 110 1912 1557 1966; baseline -0.001 -14"><span class='ocrx_word' id='word_1_281' title='bbox 110 1914 311 1960; x_wconf 73' lang='grc' dir='ltr'><strong><em>πτεσθαι,</em></strong></span> <span class='ocrx_word' id='word_1_282' title='bbox 355 1914 423 1953; x_wconf 91' lang='lat' dir='ltr'>sed</span> <span class='ocrx_word' id='word_1_283' title='bbox 469 1912 807 1966; x_wconf 71' lang='grc' dir='ltr'><strong><em>α”ῑοσκὴπτεσθαι</em></strong></span> <span class='ocrx_word' id='word_1_284' title='bbox 839 1921 898 1952; x_wconf 82' lang='lat' dir='ltr'>est</span> <span class='ocrx_word' id='word_1_285' title='bbox 925 1914 1044 1951; x_wconf 79' lang='lat' dir='ltr'>inniti</span> <span class='ocrx_word' id='word_1_286' title='bbox 1068 1927 1111 1951; x_wconf 81' lang='lat' dir='ltr'>re</span> <span class='ocrx_word' id='word_1_287' title='bbox 1129 1943 1139 1961; x_wconf 89' lang='lat'>,</span> <span class='ocrx_word' id='word_1_288' title='bbox 1179 1927 1218 1950; x_wconf 82' lang='lat' dir='ltr'>se</span> <span class='ocrx_word' id='word_1_289' title='bbox 1238 1913 1392 1964; x_wconf 74' lang='lat' dir='ltr'>fulcire</span> <span class='ocrx_word' id='word_1_290' title='bbox 1419 1912 1557 1966; x_wconf 69' lang='lat' dir='ltr'>aliqua</span> 
     </span>
     <span class='ocr_line' id='line_1_33' title="bbox 111 1967 1554 2021; baseline -0.002 -15"><span class='ocrx_word' id='word_1_291' title='bbox 111 1967 181 2018; x_wconf 62' lang='lat' dir='ltr'>re,</span> <span class='ocrx_word' id='word_1_292' title='bbox 227 1975 313 2008; x_wconf 80' lang='lat' dir='ltr'>toto</span> <span class='ocrx_word' id='word_1_293' title='bbox 355 1969 414 2007; x_wconf 88' lang='lat' dir='ltr'>vel</span> <span class='ocrx_word' id='word_1_294' title='bbox 460 1983 627 2021; x_wconf 90' lang='lat' dir='ltr'>corpore</span> <span class='ocrx_word' id='word_1_295' title='bbox 668 1969 732 2008; x_wconf 86' lang='lat' dir='ltr'>vel</span> <span class='ocrx_word' id='word_1_296' title='bbox 776 1969 909 2007; x_wconf 89' lang='lat' dir='ltr'>animo</span> <span class='ocrx_word' id='word_1_297' title='bbox 937 1970 977 2005; x_wconf 91' lang='lat' dir='ltr'>in</span> <span class='ocrx_word' id='word_1_298' title='bbox 1009 1982 1096 2007; x_wconf 89' lang='lat' dir='ltr'>eam</span> <span class='ocrx_word' id='word_1_299' title='bbox 1134 1982 1246 2006; x_wconf 79' lang='lat' dir='ltr'>ruere</span> <span class='ocrx_word' id='word_1_300' title='bbox 1262 1996 1278 2014; x_wconf 92' lang='lat'><em>,</em></span> <span class='ocrx_word' id='word_1_301' title='bbox 1320 1967 1554 2004; x_wconf 70' lang='lat' dir='ltr'>incumbere.</span> 
     </span>
     <span class='ocr_line' id='line_1_34' title="bbox 116 2022 1556 2076; baseline -0.002 -14"><span class='ocrx_word' id='word_1_302' title='bbox 116 2023 232 2062; x_wconf 90' lang='lat' dir='ltr'>Unde</span> <span class='ocrx_word' id='word_1_303' title='bbox 271 2022 479 2076; x_wconf 75' lang='grc' dir='ltr'><strong><em>σκῆπτρον</em></strong></span> <span class='ocrx_word' id='word_1_304' title='bbox 517 2031 557 2063; x_wconf 89' lang='lat' dir='ltr'>et</span> <span class='ocrx_word' id='word_1_305' title='bbox 588 2023 770 2075; x_wconf 80' lang='grc' dir='ltr'><strong><em>σκῆπτον</em></strong></span> <span class='ocrx_word' id='word_1_306' title='bbox 785 2053 796 2074; x_wconf 83' lang='grc'><em>,</em></span> <span class='ocrx_word' id='word_1_307' title='bbox 820 2025 1002 2075; x_wconf 75' lang='lat' dir='ltr'>fidet-um</span> <span class='ocrx_word' id='word_1_308' title='bbox 1019 2053 1029 2070; x_wconf 83' lang='lat'><strong>‚</strong></span> <span class='ocrx_word' id='word_1_309' title='bbox 1075 2024 1117 2061; x_wconf 87' lang='lat' dir='ltr'>in</span> <span class='ocrx_word' id='word_1_310' title='bbox 1156 2022 1263 2075; x_wconf 83' lang='lat' dir='ltr'>quod</span> <span class='ocrx_word' id='word_1_311' title='bbox 1297 2022 1556 2069; x_wconf 76' lang='lat' dir='ltr'>incnmln‘tm·;</span> 
     </span>
     <span class='ocr_line' id='line_1_35' title="bbox 108 2073 1554 2130; baseline -0.003 -12"><span class='ocrx_word' id='word_1_312' title='bbox 108 2073 306 2130; x_wconf 77' lang='grc' dir='ltr'><strong><em>σκηπτὸς,</em></strong></span> <span class='ocrx_word' id='word_1_313' title='bbox 315 2079 478 2129; x_wconf 77' lang='lat' dir='ltr'>ficlmen</span> <span class='ocrx_word' id='word_1_314' title='bbox 506 2080 727 2117; x_wconf 77' lang='lat' dir='ltr'>incumbens</span> <span class='ocrx_word' id='word_1_315' title='bbox 743 2109 753 2129; x_wconf 85' lang='lat'>,</span> <span class='ocrx_word' id='word_1_316' title='bbox 785 2081 936 2117; x_wconf 74' lang='lat' dir='ltr'>irruens</span> <span class='ocrx_word' id='word_1_317' title='bbox 962 2080 1002 2115; x_wconf 91' lang='lat' dir='ltr'>in</span> <span class='ocrx_word' id='word_1_318' title='bbox 1033 2077 1184 2130; x_wconf 86' lang='lat' dir='ltr'>aliquid</span> <span class='ocrx_word' id='word_1_319' title='bbox 1212 2078 1320 2115; x_wconf 81' lang='lat' dir='ltr'>omni</span> <span class='ocrx_word' id='word_1_320' title='bbox 1341 2090 1430 2114; x_wconf 80' lang='lat' dir='ltr'>cum</span> <span class='ocrx_word' id='word_1_321' title='bbox 1465 2077 1554 2114; x_wconf 77' lang='lat' dir='ltr'>vio-</span> 
     </span>
     <span class='ocr_line' id='line_1_36' title="bbox 107 2131 1553 2187; baseline -0.001 -15"><span class='ocrx_word' id='word_1_322' title='bbox 107 2134 244 2183; x_wconf 80' lang='lat' dir='ltr'>lentia,</span> <span class='ocrx_word' id='word_1_323' title='bbox 285 2131 610 2186; x_wconf 73' lang='grc' dir='ltr'><strong><em>ἑναποσκήπτειν</em></strong></span> <span class='ocrx_word' id='word_1_324' title='bbox 627 2163 637 2179; x_wconf 90' lang='grc'>,</span> <span class='ocrx_word' id='word_1_325' title='bbox 671 2136 822 2172; x_wconf 73' lang='lat' dir='ltr'>irruere</span> <span class='ocrx_word' id='word_1_326' title='bbox 850 2143 888 2172; x_wconf 85' lang='lat' dir='ltr'>et</span> <span class='ocrx_word' id='word_1_327' title='bbox 911 2148 951 2171; x_wconf 81' lang='lat' dir='ltr'>se</span> <span class='ocrx_word' id='word_1_328' title='bbox 979 2133 1184 2187; x_wconf 62' lang='lat' dir='ltr'>applicare</span> <span class='ocrx_word' id='word_1_329' title='bbox 1211 2133 1344 2186; x_wconf 77' lang='lat' dir='ltr'>aliquo</span> <span class='ocrx_word' id='word_1_330' title='bbox 1373 2145 1458 2170; x_wconf 79' lang='lat' dir='ltr'>cum</span> <span class='ocrx_word' id='word_1_331' title='bbox 1484 2133 1553 2170; x_wconf 90' lang='lat' dir='ltr'>im-</span> 
     </span>
     <span class='ocr_line' id='line_1_37' title="bbox 101 2189 905 2242; baseline 0.001 -16"><span class='ocrx_word' id='word_1_332' title='bbox 101 2197 221 2242; x_wconf 81' lang='lat' dir='ltr'>petu:</span> <span class='ocrx_word' id='word_1_333' title='bbox 263 2201 365 2240; x_wconf 89' lang='lat' dir='ltr'>quae</span> <span class='ocrx_word' id='word_1_334' title='bbox 393 2190 525 2226; x_wconf 88' lang='lat' dir='ltr'>omnia</span> <span class='ocrx_word' id='word_1_335' title='bbox 554 2189 647 2228; x_wconf 81' lang='lat' dir='ltr'>satis</span> <span class='ocrx_word' id='word_1_336' title='bbox 675 2195 770 2227; x_wconf 81' lang='lat' dir='ltr'>nota</span> <span class='ocrx_word' id='word_1_337' title='bbox 798 2196 905 2227; x_wconf 87' lang='lat' dir='ltr'>sunt.</span> 
     </span>
    </p>

    <p class='ocr_par' dir='ltr' id='par_1_6' title="bbox 105 2240 1553 2406">
     <span class='ocr_line' id='line_1_38' title="bbox 215 2240 1553 2297; baseline -0.001 -17"><span class='ocrx_word' id='word_1_338' title='bbox 215 2242 262 2282; x_wconf 90' lang='lat' dir='ltr'>B.</span> <span class='ocrx_word' id='word_1_339' title='bbox 278 2241 428 2295; x_wconf 80' lang='lat' dir='ltr'>penult.</span> <span class='ocrx_word' id='word_1_340' title='bbox 459 2243 576 2297; x_wconf 85' lang='lat'>[639‚</span> <span class='ocrx_word' id='word_1_341' title='bbox 597 2242 658 2283; x_wconf 82' lang='lat'>15.</span> <span class='ocrx_word' id='word_1_342' title='bbox 714 2240 848 2297; x_wconf 68' lang='grc' dir='ltr'>φωνὴ.</span> <span class='ocrx_word' id='word_1_343' title='bbox 902 2243 963 2281; x_wconf 85' lang='lat' dir='ltr'>Ita</span> <span class='ocrx_word' id='word_1_344' title='bbox 981 2241 1250 2291; x_wconf 85' lang='lat' dir='ltr'>membranae,</span> <span class='ocrx_word' id='word_1_345' title='bbox 1280 2240 1553 2294; x_wconf 81' lang='lat' dir='ltr'>apographum</span> 
     </span>
     <span class='ocr_line' id='line_1_39' title="bbox 105 2297 1552 2352; baseline -0.002 -15"><span class='ocrx_word' id='word_1_346' title='bbox 105 2304 147 2337; x_wconf 87' lang='lat' dir='ltr'>et</span> <span class='ocrx_word' id='word_1_347' title='bbox 174 2297 295 2336; x_wconf 89' lang='lat' dir='ltr'>editio</span> <span class='ocrx_word' id='word_1_348' title='bbox 322 2297 550 2336; x_wconf 87' lang='lat' dir='ltr'>Leichiana.</span> <span class='ocrx_word' id='word_1_349' title='bbox 609 2299 659 2337; x_wconf 91' lang='lat' dir='ltr'>Se</span> <span class='ocrx_word' id='word_1_350' title='bbox 716 2298 791 2352; x_wconf 84' lang='lat' dir='ltr'>leg.</span> <span class='ocrx_word' id='word_1_351' title='bbox 824 2298 943 2352; x_wconf 77' lang='grc' dir='ltr'><strong><em>φωνῇ</em></strong></span> <span class='ocrx_word' id='word_1_352' title='bbox 961 2311 972 2348; x_wconf 83' lang='grc'><strong>;</strong></span> <span class='ocrx_word' id='word_1_353' title='bbox 1017 2305 1087 2336; x_wconf 87' lang='lat' dir='ltr'>aut</span> <span class='ocrx_word' id='word_1_354' title='bbox 1115 2305 1269 2336; x_wconf 82' lang='lat' dir='ltr'>retento</span> <span class='ocrx_word' id='word_1_355' title='bbox 1302 2297 1552 2335; x_wconf 83' lang='lat' dir='ltr'>nominativo</span> 
     </span>
     <span class='ocr_line' id='line_1_40' title="bbox 106 2347 1121 2406; baseline 0 -15"><span class='ocrx_word' id='word_1_356' title='bbox 106 2348 225 2406; x_wconf 73' lang='grc' dir='ltr'><strong><em>φωνὴ</em></strong></span> <span class='ocrx_word' id='word_1_357' title='bbox 252 2352 329 2405; x_wconf 88' lang='lat' dir='ltr'>leg.</span> <span class='ocrx_word' id='word_1_358' title='bbox 366 2347 691 2404; x_wconf 75' lang='grc' dir='ltr'><strong><em>προσηγόρευσε.</em></strong></span> <span class='ocrx_word' id='word_1_359' title='bbox 1107 2383 1121 2403; x_wconf 81' lang='grc'><strong><em>,</em></strong></span> 
     </span>
    </p>

    <p class='ocr_par' dir='ltr' id='par_1_7' title="bbox 103 2402 1551 2569">
     <span class='ocr_line' id='line_1_41' title="bbox 212 2402 1551 2460; baseline -0.001 -15"><span class='ocrx_word' id='word_1_360' title='bbox 212 2407 259 2446; x_wconf 91' lang='grc' dir='ltr'>Β.</span> <span class='ocrx_word' id='word_1_361' title='bbox 295 2405 369 2446; x_wconf 88' lang='lat' dir='ltr'>ult.</span> <span class='ocrx_word' id='word_1_362' title='bbox 396 2405 513 2460; x_wconf 73' lang='grc' dir='ltr'><strong>[δ’-59,</strong></span> <span class='ocrx_word' id='word_1_363' title='bbox 545 2406 624 2460; x_wconf 90' lang='grc' dir='ltr'><strong>ι6.]</strong></span> <span class='ocrx_word' id='word_1_364' title='bbox 654 2404 759 2446; x_wconf 75' lang='grc' dir='ltr'>ἀλλὰ</span> <span class='ocrx_word' id='word_1_365' title='bbox 789 2403 873 2458; x_wconf 64' lang='grc' dir='ltr'>μὴν</span> <span class='ocrx_word' id='word_1_366' title='bbox 901 2403 974 2446; x_wconf 79' lang='grc' dir='ltr'>καί</span> <span class='ocrx_word' id='word_1_367' title='bbox 996 2402 1040 2445; x_wconf 76' lang='grc' dir='ltr'>τὸ</span> <span class='ocrx_word' id='word_1_368' title='bbox 1074 2403 1441 2458; x_wconf 71' lang='grc' dir='ltr'><strong><em>ὄχνροποιεΐσθαι.</em></strong></span> <span class='ocrx_word' id='word_1_369' title='bbox 1491 2407 1551 2444; x_wconf 86' lang='lat' dir='ltr'>lta</span> 
     </span>
     <span class='ocr_line' id='line_1_42' title="bbox 103 2458 1549 2516; baseline 0.001 -17"><span class='ocrx_word' id='word_1_370' title='bbox 103 2473 257 2501; x_wconf 86' lang='lat' dir='ltr'>omnes.</span> <span class='ocrx_word' id='word_1_371' title='bbox 294 2461 374 2501; x_wconf 89' lang='lat' dir='ltr'>Sed</span> <span class='ocrx_word' id='word_1_372' title='bbox 404 2461 481 2515; x_wconf 85' lang='lat' dir='ltr'>leg.</span> <span class='ocrx_word' id='word_1_373' title='bbox 514 2459 620 2501; x_wconf 72' lang='grc' dir='ltr'><strong><em>ἀλλὰ</em></strong></span> <span class='ocrx_word' id='word_1_374' title='bbox 646 2458 706 2515; x_wconf 71' lang='grc' dir='ltr'><em>μή</em></span> <span class='ocrx_word' id='word_1_375' title='bbox 737 2462 1159 2516; x_wconf 76' lang='grc' dir='ltr'><strong><em>κατοχυροποιεῖσθαι</em></strong></span> <span class='ocrx_word' id='word_1_376' title='bbox 1180 2491 1192 2509; x_wconf 85' lang='grc'><em>,</em></span> <span class='ocrx_word' id='word_1_377' title='bbox 1242 2461 1285 2500; x_wconf 86' lang='lat' dir='ltr'>id</span> <span class='ocrx_word' id='word_1_378' title='bbox 1303 2461 1411 2515; x_wconf 88' lang='lat' dir='ltr'>quod</span> <span class='ocrx_word' id='word_1_379' title='bbox 1429 2463 1549 2500; x_wconf 80' lang='lat' dir='ltr'>etiam</span> 
     </span>
     <span class='ocr_line' id='line_1_43' title="bbox 103 2514 680 2569; baseline 0.003 -15"><span class='ocrx_word' id='word_1_380' title='bbox 103 2514 248 2555; x_wconf 79' lang='lat' dir='ltr'>Latina</span> <span class='ocrx_word' id='word_1_381' title='bbox 275 2523 412 2555; x_wconf 87' lang='lat' dir='ltr'>nostra</span> <span class='ocrx_word' id='word_1_382' title='bbox 443 2517 680 2569; x_wconf 86' lang='lat' dir='ltr'>exprimunt.</span> 
     </span>
    </p>

    <p class='ocr_par' dir='ltr' id='par_1_8' title="bbox 100 2562 1545 2790">
     <span class='ocr_line' id='line_1_44' title="bbox 209 2562 1544 2626; baseline 0.001 -17"><span class='ocrx_word' id='word_1_383' title='bbox 209 2571 259 2610; x_wconf 85' lang='lat' dir='ltr'>C.</span> <span class='ocrx_word' id='word_1_384' title='bbox 289 2585 330 2610; x_wconf 84' lang='lat'>2.</span> <span class='ocrx_word' id='word_1_385' title='bbox 361 2570 478 2626; x_wconf 80' lang='lat'>[639‚</span> <span class='ocrx_word' id='word_1_386' title='bbox 507 2569 593 2625; x_wconf 87' lang='lat'>17.]</span> <span class='ocrx_word' id='word_1_387' title='bbox 624 2569 872 2624; x_wconf 79' lang='grc' dir='ltr'><strong><em>περιπλοκῆς</em></strong></span> <span class='ocrx_word' id='word_1_388' title='bbox 890 2600 901 2618; x_wconf 90' lang='grc'><em>,</em></span> <span class='ocrx_word' id='word_1_389' title='bbox 931 2562 959 2622; x_wconf 73' lang='grc' dir='ltr'><em>ἢ</em></span> <span class='ocrx_word' id='word_1_390' title='bbox 986 2565 1031 2608; x_wconf 78' lang='grc' dir='ltr'>τὸ</span> <span class='ocrx_word' id='word_1_391' title='bbox 1064 2569 1390 2609; x_wconf 72' lang='grc' dir='ltr'>διασκὲπασθαι.</span> <span class='ocrx_word' id='word_1_392' title='bbox 1448 2571 1544 2625; x_wconf 84' lang='lat' dir='ltr'>ch.</span> 
     </span>
     <span class='ocr_line' id='line_1_45' title="bbox 101 2618 1542 2679; baseline 0.003 -19"><span class='ocrx_word' id='word_1_393' title='bbox 101 2621 350 2675; x_wconf 74' lang='grc' dir='ltr'><strong><em>περιπλοκὰς</em></strong></span> <span class='ocrx_word' id='word_1_394' title='bbox 393 2627 570 2678; x_wconf 85' lang='lat' dir='ltr'>(propter</span> <span class='ocrx_word' id='word_1_395' title='bbox 608 2621 683 2673; x_wconf 77' lang='grc' dir='ltr'>τὰς</span> <span class='ocrx_word' id='word_1_396' title='bbox 729 2624 978 2679; x_wconf 83' lang='lat' dir='ltr'>praecedens)</span> <span class='ocrx_word' id='word_1_397' title='bbox 1019 2618 1047 2676; x_wconf 78' lang='grc' dir='ltr'><em>ἢ</em></span> <span class='ocrx_word' id='word_1_398' title='bbox 1083 2621 1154 2663; x_wconf 78' lang='grc' dir='ltr'>διὰ</span> <span class='ocrx_word' id='word_1_399' title='bbox 1204 2621 1251 2664; x_wconf 84' lang='grc' dir='ltr'>τὸ</span> <span class='ocrx_word' id='word_1_400' title='bbox 1291 2623 1542 2664; x_wconf 57' lang='lat' dir='ltr'>uxiano-9111.</span> 
     </span>
     <span class='ocr_line' id='line_1_46' title="bbox 101 2677 1545 2739; baseline 0.003 -23"><span class='ocrx_word' id='word_1_401' title='bbox 101 2677 224 2739; x_wconf 50' lang='lat' dir='ltr'>{Venio</span> <span class='ocrx_word' id='word_1_402' title='bbox 271 2681 438 2719; x_wconf 87' lang='lat' dir='ltr'>miretur</span> <span class='ocrx_word' id='word_1_403' title='bbox 487 2678 749 2731; x_wconf 72' lang='grc' dir='ltr'><strong><em>σκέπασθαι,</em></strong></span> <span class='ocrx_word' id='word_1_404' title='bbox 804 2687 873 2719; x_wconf 88' lang='lat' dir='ltr'>aut</span> <span class='ocrx_word' id='word_1_405' title='bbox 919 2680 1061 2718; x_wconf 73' lang='lat' dir='ltr'>vitium</span> <span class='ocrx_word' id='word_1_406' title='bbox 1104 2682 1208 2733; x_wconf 82' lang='lat' dir='ltr'>typis</span> <span class='ocrx_word' id='word_1_407' title='bbox 1250 2682 1427 2718; x_wconf 81' lang='lat' dir='ltr'>errorive</span> <span class='ocrx_word' id='word_1_408' title='bbox 1458 2695 1545 2720; x_wconf 86' lang='lat' dir='ltr'>meo</span> 
     </span>
     <span class='ocr_line' id='line_1_47' title="bbox 100 2733 1542 2790; baseline 0.003 -18"><span class='ocrx_word' id='word_1_409' title='bbox 100 2739 294 2785; x_wconf 72' lang='lat' dir='ltr'>imputet,</span> <span class='ocrx_word' id='word_1_410' title='bbox 341 2740 534 2790; x_wconf 83' lang='lat' dir='ltr'>tanquam</span> <span class='ocrx_word' id='word_1_411' title='bbox 571 2735 603 2775; x_wconf 90' lang='lat' dir='ltr'>si</span> <span class='ocrx_word' id='word_1_412' title='bbox 651 2733 878 2776; x_wconf 77' lang='grc' dir='ltr'><strong><em>σκέπεσθαι</em></strong></span> <span class='ocrx_word' id='word_1_413' title='bbox 916 2742 985 2774; x_wconf 88' lang='lat' dir='ltr'>aut</span> <span class='ocrx_word' id='word_1_414' title='bbox 1021 2735 1268 2787; x_wconf 72' lang='grc' dir='ltr'><strong><em>σκέψασθαι</em></strong></span> <span class='ocrx_word' id='word_1_415' title='bbox 1315 2735 1542 2777; x_wconf 71' lang='lat' dir='ltr'>voluissem.</span> 
     </span>
    </p>
   </div>
  </div>
 </body>
</html>
