<?xml version="1.0" encoding="UTF-8"?>
<!DOCTYPE html PUBLIC "-//W3C//DTD XHTML 1.0 Transitional//EN"
    "http://www.w3.org/TR/xhtml1/DTD/xhtml1-transitional.dtd">
<html xmlns="http://www.w3.org/1999/xhtml" xml:lang="en" lang="en">
 <head>
  <title>
</title>
<meta http-equiv="Content-Type" content="text/html;charset=utf-8" />
  <meta name='ocr-system' content='tesseract 3.04.00' />
  <meta name='ocr-capabilities' content='ocr_page ocr_carea ocr_par ocr_line ocrx_word'/>
</head>
<body>
  <div class='ocr_page' id='page_1' title='image "./corpusscriptorum08niebuoft/corpusscriptorum08niebuoft_0108.png"; bbox 0 0 1832 3126; ppageno 0'>
   <div class='ocr_carea' id='block_1_1' title="bbox 274 150 1437 233">
    <p class='ocr_par' dir='ltr' id='par_1_1' title="bbox 274 150 1437 233">
     <span class='ocr_line' id='line_1_1' title="bbox 274 150 1437 233; baseline 0 -1"><span class='ocrx_word' id='word_1_1' title='bbox 274 193 388 232; x_wconf 81' lang='lat' dir='ltr'>JOO</span> <span class='ocrx_word' id='word_1_2' title='bbox 544 191 616 232; x_wconf 89' lang='lat'>10.</span> <span class='ocrx_word' id='word_1_3' title='bbox 660 189 765 232; x_wconf 85' lang='lat' dir='ltr'>IAC.</span> <span class='ocrx_word' id='word_1_4' title='bbox 814 190 1011 232; x_wconf 85' lang='lat' dir='ltr'>REISKII</span> <span class='ocrx_word' id='word_1_5' title='bbox 1059 150 1437 233; x_wconf 47' lang='lat' dir='ltr'>COMIIOENTARH</span> 
     </span>
    </p>
   </div>
   <div class='ocr_carea' id='block_1_2' title="bbox 277 290 1744 2830">
    <p class='ocr_par' dir='ltr' id='par_1_2' title="bbox 277 290 1724 732">
     <span class='ocr_line' id='line_1_2' title="bbox 278 290 1720 345; baseline -0.001 -13"><span class='ocrx_word' id='word_1_6' title='bbox 278 293 472 332; x_wconf 82' lang='lat' dir='ltr'>inclinant</span> <span class='ocrx_word' id='word_1_7' title='bbox 506 303 588 331; x_wconf 87' lang='lat' dir='ltr'>sese</span> <span class='ocrx_word' id='word_1_8' title='bbox 627 304 766 330; x_wconf 85' lang='lat' dir='ltr'>versus</span> <span class='ocrx_word' id='word_1_9' title='bbox 787 305 946 331; x_wconf 86' lang='lat' dir='ltr'>crucem</span> <span class='ocrx_word' id='word_1_10' title='bbox 978 290 1149 345; x_wconf 80' lang='lat' dir='ltr'>ligneam</span> <span class='ocrx_word' id='word_1_11' title='bbox 1178 291 1340 330; x_wconf 84' lang='lat' dir='ltr'>amboni</span> <span class='ocrx_word' id='word_1_12' title='bbox 1374 290 1597 345; x_wconf 84' lang='lat' dir='ltr'><strong>impositam</strong></span> <span class='ocrx_word' id='word_1_13' title='bbox 1634 304 1720 330; x_wconf 87' lang='lat' dir='ltr'>me-</span> 
     </span>
     <span class='ocr_line' id='line_1_3' title="bbox 279 345 1719 399; baseline -0.001 -13"><span class='ocrx_word' id='word_1_14' title='bbox 279 349 345 387; x_wconf 91' lang='lat' dir='ltr'>dia</span> <span class='ocrx_word' id='word_1_15' title='bbox 385 348 447 394; x_wconf 43' lang='lat' dir='ltr'>in·</span> <span class='ocrx_word' id='word_1_16' title='bbox 471 345 660 398; x_wconf 85' lang='lat' dir='ltr'>ecclesia,</span> <span class='ocrx_word' id='word_1_17' title='bbox 705 346 849 386; x_wconf 84' lang='lat' dir='ltr'>deinde</span> <span class='ocrx_word' id='word_1_18' title='bbox 882 346 1000 387; x_wconf 80' lang='lat' dir='ltr'>vultu</span> <span class='ocrx_word' id='word_1_19' title='bbox 1029 347 1081 385; x_wconf 89' lang='lat' dir='ltr'>ad</span> <span class='ocrx_word' id='word_1_20' title='bbox 1115 347 1327 399; x_wconf 81' lang='lat' dir='ltr'>imaginem</span> <span class='ocrx_word' id='word_1_21' title='bbox 1353 346 1500 386; x_wconf 83' lang='lat' dir='ltr'>Christi</span> <span class='ocrx_word' id='word_1_22' title='bbox 1526 359 1719 385; x_wconf 85' lang='lat' dir='ltr'>converso</span> 
     </span>
     <span class='ocr_line' id='line_1_4' title="bbox 278 400 1715 456; baseline -0.001 -15"><span class='ocrx_word' id='word_1_23' title='bbox 278 417 319 442; x_wconf 88' lang='lat' dir='ltr'>se</span> <span class='ocrx_word' id='word_1_24' title='bbox 357 402 470 455; x_wconf 81' lang='lat' dir='ltr'>signo</span> <span class='ocrx_word' id='word_1_25' title='bbox 507 402 636 441; x_wconf 87' lang='lat' dir='ltr'>crucis</span> <span class='ocrx_word' id='word_1_26' title='bbox 667 401 839 455; x_wconf 82' lang='lat' dir='ltr'>signant.</span> <span class='ocrx_word' id='word_1_27' title='bbox 898 403 1010 440; x_wconf 84' lang='lat' dir='ltr'><strong>Idem</strong></span> <span class='ocrx_word' id='word_1_28' title='bbox 1037 401 1191 440; x_wconf 83' lang='lat' dir='ltr'>faciunt</span> <span class='ocrx_word' id='word_1_29' title='bbox 1218 409 1416 456; x_wconf 79' lang='lat' dir='ltr'>quotquot</span> <span class='ocrx_word' id='word_1_30' title='bbox 1444 402 1485 440; x_wconf 91' lang='lat' dir='ltr'>in</span> <span class='ocrx_word' id='word_1_31' title='bbox 1511 400 1715 440; x_wconf 86' lang='lat' dir='ltr'>ecclesiam</span> 
     </span>
     <span class='ocr_line' id='line_1_5' title="bbox 280 457 1720 511; baseline -0.001 -16"><span class='ocrx_word' id='word_1_32' title='bbox 280 458 531 497; x_wconf 89' lang='lat' dir='ltr'>conveniunt</span> <span class='ocrx_word' id='word_1_33' title='bbox 562 481 582 487; x_wconf 95' lang='lat'><em>-</em></span> <span class='ocrx_word' id='word_1_34' title='bbox 598 480 618 487; x_wconf 92' lang='lat'><em>-</em></span> <span class='ocrx_word' id='word_1_35' title='bbox 645 457 791 498; x_wconf 86' lang='lat' dir='ltr'>deinde</span> <span class='ocrx_word' id='word_1_36' title='bbox 817 458 1023 496; x_wconf 86' lang='lat' dir='ltr'>consident</span> <span class='ocrx_word' id='word_1_37' title='bbox 1055 457 1143 496; x_wconf 85' lang='lat' dir='ltr'>loco</span> <span class='ocrx_word' id='word_1_38' title='bbox 1169 458 1336 511; x_wconf 86' lang='lat' dir='ltr'>quisque</span> <span class='ocrx_word' id='word_1_39' title='bbox 1365 471 1464 507; x_wconf 78' lang='lat' dir='ltr'>suo,</span> <span class='ocrx_word' id='word_1_40' title='bbox 1492 464 1720 510; x_wconf 84' lang='lat' dir='ltr'>exspectan-</span> 
     </span>
     <span class='ocr_line' id='line_1_6' title="bbox 277 511 1720 566; baseline -0.001 -15"><span class='ocrx_word' id='word_1_41' title='bbox 277 521 336 551; x_wconf 85' lang='lat' dir='ltr'>tes</span> <span class='ocrx_word' id='word_1_42' title='bbox 382 527 500 552; x_wconf 89' lang='lat' dir='ltr'>voces</span> <span class='ocrx_word' id='word_1_43' title='bbox 538 511 691 565; x_wconf 84' lang='lat' dir='ltr'>aliquas</span> <span class='ocrx_word' id='word_1_44' title='bbox 729 513 770 551; x_wconf 89' lang='lat' dir='ltr'>in</span> <span class='ocrx_word' id='word_1_45' title='bbox 802 513 987 566; x_wconf 89' lang='lat' dir='ltr'>precibus</span> <span class='ocrx_word' id='word_1_46' title='bbox 1017 520 1056 551; x_wconf 90' lang='lat' dir='ltr'>et</span> <span class='ocrx_word' id='word_1_47' title='bbox 1091 514 1276 563; x_wconf 86' lang='lat' dir='ltr'>canticis,</span> <span class='ocrx_word' id='word_1_48' title='bbox 1317 513 1369 551; x_wconf 90' lang='lat' dir='ltr'>ad</span> <span class='ocrx_word' id='word_1_49' title='bbox 1401 526 1571 566; x_wconf 89' lang='lat' dir='ltr'>quarum</span> <span class='ocrx_word' id='word_1_50' title='bbox 1605 511 1720 550; x_wconf 88' lang='lat' dir='ltr'>audi-</span> 
     </span>
     <span class='ocr_line' id='line_1_7' title="bbox 278 563 1720 621; baseline -0.001 -14"><span class='ocrx_word' id='word_1_51' title='bbox 278 576 367 607; x_wconf 85' lang='lat' dir='ltr'>tum</span> <span class='ocrx_word' id='word_1_52' title='bbox 411 583 494 608; x_wconf 85' lang='lat' dir='ltr'>sese</span> <span class='ocrx_word' id='word_1_53' title='bbox 537 567 731 607; x_wconf 90' lang='lat' dir='ltr'>inclinant</span> <span class='ocrx_word' id='word_1_54' title='bbox 758 577 797 608; x_wconf 87' lang='lat' dir='ltr'>et</span> <span class='ocrx_word' id='word_1_55' title='bbox 827 583 945 607; x_wconf 87' lang='lat' dir='ltr'>cruce</span> <span class='ocrx_word' id='word_1_56' title='bbox 974 569 1147 621; x_wconf 83' lang='lat' dir='ltr'>signant,</span> <span class='ocrx_word' id='word_1_57' title='bbox 1179 569 1368 607; x_wconf 89' lang='lat' dir='ltr'>dicentes:</span> <span class='ocrx_word' id='word_1_58' title='bbox 1405 563 1524 620; x_wconf 78' lang='grc' dir='ltr'><em>κύριε</em></span> <span class='ocrx_word' id='word_1_59' title='bbox 1552 566 1720 619; x_wconf 78' lang='grc' dir='ltr'><em>ἐλέησον</em></span> 
     </span>
     <span class='ocr_line' id='line_1_8' title="bbox 281 618 1724 678; baseline -0.001 -16"><span class='ocrx_word' id='word_1_60' title='bbox 281 632 382 662; x_wconf 86' lang='lat' dir='ltr'>aut:</span> <span class='ocrx_word' id='word_1_61' title='bbox 413 620 544 678; x_wconf 72' lang='grc' dir='ltr'><em>σοφία</em></span> <span class='ocrx_word' id='word_1_62' title='bbox 583 618 771 678; x_wconf 75' lang='grc' dir='ltr'><strong>πατρός.”</strong></span> <span class='ocrx_word' id='word_1_63' title='bbox 834 624 906 663; x_wconf 91' lang='lat' dir='ltr'>His</span> <span class='ocrx_word' id='word_1_64' title='bbox 927 624 1149 678; x_wconf 85' lang='lat' dir='ltr'>praemissis</span> <span class='ocrx_word' id='word_1_65' title='bbox 1180 623 1308 663; x_wconf 89' lang='lat' dir='ltr'>multa</span> <span class='ocrx_word' id='word_1_66' title='bbox 1337 623 1453 662; x_wconf 90' lang='lat' dir='ltr'>nobis</span> <span class='ocrx_word' id='word_1_67' title='bbox 1483 622 1724 676; x_wconf 84' lang='lat' dir='ltr'>expeditiora</span> 
     </span>
     <span class='ocr_line' id='line_1_9' title="bbox 279 680 631 732; baseline -0.003 -14"><span class='ocrx_word' id='word_1_68' title='bbox 279 680 464 732; x_wconf 83' lang='lat' dir='ltr'>deinceps</span> <span class='ocrx_word' id='word_1_69' title='bbox 496 686 631 717; x_wconf 88' lang='lat' dir='ltr'>erunt.</span> 
     </span>
    </p>

    <p class='ocr_par' dir='ltr' id='par_1_3' title="bbox 280 728 1739 2113">
     <span class='ocr_line' id='line_1_10' title="bbox 390 728 1726 788; baseline -0.001 -16"><span class='ocrx_word' id='word_1_70' title='bbox 390 748 433 788; x_wconf 87' lang='lat'>9.</span> <span class='ocrx_word' id='word_1_71' title='bbox 453 734 502 772; x_wconf 92' lang='lat' dir='ltr'>C.</span> <span class='ocrx_word' id='word_1_72' title='bbox 521 734 562 772; x_wconf 83' lang='lat'>3.</span> <span class='ocrx_word' id='word_1_73' title='bbox 585 733 675 788; x_wconf 63' lang='lat'>[¹4⁷</span> <span class='ocrx_word' id='word_1_74' title='bbox 694 733 785 787; x_wconf 58' lang='lat' dir='ltr'>an]</span> <span class='ocrx_word' id='word_1_75' title='bbox 815 731 860 773; x_wconf 84' lang='grc' dir='ltr'>τὸ</span> <span class='ocrx_word' id='word_1_76' title='bbox 892 728 1010 786; x_wconf 77' lang='grc' dir='ltr'><em>ἅγιον</em></span> <span class='ocrx_word' id='word_1_77' title='bbox 1038 730 1288 785; x_wconf 76' lang='grc' dir='ltr'><em>εὐαγγέλιον.</em></span> <span class='ocrx_word' id='word_1_78' title='bbox 1343 732 1513 783; x_wconf 84' lang='lat' dir='ltr'>Clerici,</span> <span class='ocrx_word' id='word_1_79' title='bbox 1542 732 1575 771; x_wconf 90' lang='lat' dir='ltr'>si</span> <span class='ocrx_word' id='word_1_80' title='bbox 1601 745 1726 785; x_wconf 89' lang='lat' dir='ltr'>quan-</span> 
     </span>
     <span class='ocr_line' id='line_1_11' title="bbox 280 787 1724 843; baseline -0.001 -15"><span class='ocrx_word' id='word_1_81' title='bbox 280 791 333 828; x_wconf 91' lang='lat' dir='ltr'>do</span> <span class='ocrx_word' id='word_1_82' title='bbox 358 789 607 828; x_wconf 78' lang='lat' dir='ltr'>honoratiori</span> <span class='ocrx_word' id='word_1_83' title='bbox 637 789 799 828; x_wconf 84' lang='lat' dir='ltr'>obviam</span> <span class='ocrx_word' id='word_1_84' title='bbox 825 790 952 839; x_wconf 85' lang='lat' dir='ltr'>irent,</span> <span class='ocrx_word' id='word_1_85' title='bbox 997 803 1168 843; x_wconf 88' lang='lat' dir='ltr'>eumque</span> <span class='ocrx_word' id='word_1_86' title='bbox 1198 789 1421 842; x_wconf 83' lang='lat' dir='ltr'>exciperent</span> <span class='ocrx_word' id='word_1_87' title='bbox 1447 795 1488 826; x_wconf 87' lang='lat' dir='ltr'>et</span> <span class='ocrx_word' id='word_1_88' title='bbox 1522 787 1724 830; x_wconf 85' lang='lat' dir='ltr'>beneven-</span> 
     </span>
     <span class='ocr_line' id='line_1_12' title="bbox 280 843 1725 898; baseline -0.001 -15"><span class='ocrx_word' id='word_1_89' title='bbox 280 851 414 883; x_wconf 84' lang='lat' dir='ltr'>tarent</span> <span class='ocrx_word' id='word_1_90' title='bbox 430 875 441 895; x_wconf 84' lang='lat'>‚</span> <span class='ocrx_word' id='word_1_91' title='bbox 470 844 658 883; x_wconf 90' lang='lat' dir='ltr'>Codicem</span> <span class='ocrx_word' id='word_1_92' title='bbox 682 844 983 898; x_wconf 85' lang='lat' dir='ltr'>evangeliorum</span> <span class='ocrx_word' id='word_1_93' title='bbox 1012 845 1083 897; x_wconf 91' lang='lat' dir='ltr'>ipsi</span> <span class='ocrx_word' id='word_1_94' title='bbox 1109 844 1271 883; x_wconf 90' lang='lat' dir='ltr'>obviam</span> <span class='ocrx_word' id='word_1_95' title='bbox 1298 843 1480 883; x_wconf 89' lang='lat' dir='ltr'>ferebant</span> <span class='ocrx_word' id='word_1_96' title='bbox 1497 873 1508 894; x_wconf 86' lang='lat'><strong>‚</strong></span> <span class='ocrx_word' id='word_1_97' title='bbox 1538 849 1578 881; x_wconf 88' lang='lat' dir='ltr'>et</span> <span class='ocrx_word' id='word_1_98' title='bbox 1609 856 1725 881; x_wconf 84' lang='lat' dir='ltr'>oscu-</span> 
     </span>
     <span class='ocr_line' id='line_1_13' title="bbox 280 893 1728 954; baseline -0.002 -15"><span class='ocrx_word' id='word_1_99' title='bbox 280 900 450 939; x_wconf 90' lang='lat' dir='ltr'>landum</span> <span class='ocrx_word' id='word_1_100' title='bbox 475 900 746 954; x_wconf 80' lang='lat' dir='ltr'>porrigebant.</span> <span class='ocrx_word' id='word_1_101' title='bbox 806 901 936 939; x_wconf 86' lang='lat' dir='ltr'>Nicet.</span> <span class='ocrx_word' id='word_1_102' title='bbox 966 900 1097 939; x_wconf 92' lang='lat' dir='ltr'>Chon.</span> <span class='ocrx_word' id='word_1_103' title='bbox 1127 914 1169 952; x_wconf 92' lang='lat' dir='ltr'>p.</span> <span class='ocrx_word' id='word_1_104' title='bbox 1193 900 1289 954; x_wconf 73' lang='grc'><strong>519.</strong></span> <span class='ocrx_word' id='word_1_105' title='bbox 1318 899 1372 938; x_wconf 88' lang='lat' dir='ltr'>A:</span> <span class='ocrx_word' id='word_1_106' title='bbox 1407 895 1589 951; x_wconf 78' lang='grc' dir='ltr'><em>Μηδένα</em></span> <span class='ocrx_word' id='word_1_107' title='bbox 1617 893 1728 948; x_wconf 79' lang='grc' dir='ltr'><em>ἔχων</em></span> 
     </span>
     <span class='ocr_line' id='line_1_14' title="bbox 281 949 1730 1008; baseline -0.003 -14"><span class='ocrx_word' id='word_1_108' title='bbox 281 955 343 1001; x_wconf 84' lang='grc' dir='ltr'>εἰς</span> <span class='ocrx_word' id='word_1_109' title='bbox 377 959 527 1008; x_wconf 79' lang='grc' dir='ltr'><em>χεῖρας</em></span> <span class='ocrx_word' id='word_1_110' title='bbox 569 953 712 1006; x_wconf 83' lang='grc' dir='ltr'><em>ἰόντα,</em></span> <span class='ocrx_word' id='word_1_111' title='bbox 760 949 866 994; x_wconf 75' lang='grc' dir='ltr'><em>ἀλλὰ</em></span> <span class='ocrx_word' id='word_1_112' title='bbox 907 950 1110 1008; x_wconf 75' lang='grc' dir='ltr'><em>εὑρίσκων</em></span> <span class='ocrx_word' id='word_1_113' title='bbox 1152 951 1312 1000; x_wconf 77' lang='grc' dir='ltr'><em>πάντας</em></span> <span class='ocrx_word' id='word_1_114' title='bbox 1347 949 1456 1005; x_wconf 76' lang='grc' dir='ltr'><em>μετὰ</em></span> <span class='ocrx_word' id='word_1_115' title='bbox 1492 951 1730 1005; x_wconf 77' lang='grc' dir='ltr'><em>σταυρικῶν</em></span> 
     </span>
     <span class='ocr_line' id='line_1_15' title="bbox 281 1003 1729 1063; baseline -0.003 -14"><span class='ocrx_word' id='word_1_116' title='bbox 281 1009 465 1063; x_wconf 78' lang='grc' dir='ltr'><em>σημείων</em></span> <span class='ocrx_word' id='word_1_117' title='bbox 495 1009 568 1050; x_wconf 79' lang='grc' dir='ltr'><strong><em>καί</em></strong></span> <span class='ocrx_word' id='word_1_118' title='bbox 594 1010 677 1050; x_wconf 76' lang='grc' dir='ltr'>τῶν</span> <span class='ocrx_word' id='word_1_119' title='bbox 697 1010 827 1050; x_wconf 78' lang='grc' dir='ltr'><em>θείων</em></span> <span class='ocrx_word' id='word_1_120' title='bbox 855 1009 1003 1062; x_wconf 73' lang='grc' dir='ltr'><em>λογίων</em></span> <span class='ocrx_word' id='word_1_121' title='bbox 1033 1009 1325 1060; x_wconf 77' lang='grc' dir='ltr'><em>δεξιουμένους</em></span> <span class='ocrx_word' id='word_1_122' title='bbox 1355 1003 1492 1050; x_wconf 66' lang='grc' dir='ltr'>αὐτόν.</span> <span class='ocrx_word' id='word_1_123' title='bbox 1546 1007 1729 1048; x_wconf 78' lang='lat' dir='ltr'>Ekehar-</span> 
     </span>
     <span class='ocr_line' id='line_1_16' title="bbox 284 1063 1728 1105; baseline -0.002 -1"><span class='ocrx_word' id='word_1_124' title='bbox 284 1066 360 1104; x_wconf 90' lang='lat' dir='ltr'>dus</span> <span class='ocrx_word' id='word_1_125' title='bbox 393 1067 532 1104; x_wconf 87' lang='lat' dir='ltr'>Iunior</span> <span class='ocrx_word' id='word_1_126' title='bbox 562 1065 612 1105; x_wconf 85' lang='lat' dir='ltr'>de</span> <span class='ocrx_word' id='word_1_127' title='bbox 641 1066 806 1105; x_wconf 88' lang='lat' dir='ltr'>Casibus</span> <span class='ocrx_word' id='word_1_128' title='bbox 839 1066 882 1105; x_wconf 91' lang='lat' dir='ltr'>S.</span> <span class='ocrx_word' id='word_1_129' title='bbox 918 1064 1023 1104; x_wconf 82' lang='lat' dir='ltr'>Galli</span> <span class='ocrx_word' id='word_1_130' title='bbox 1049 1080 1086 1104; x_wconf 89' lang='lat' dir='ltr'>c.</span> <span class='ocrx_word' id='word_1_131' title='bbox 1120 1079 1182 1104; x_wconf 86' lang='lat'>1.:</span> <span class='ocrx_word' id='word_1_132' title='bbox 1216 1065 1347 1103; x_wconf 78' lang='lat' dir='ltr'>Parat</span> <span class='ocrx_word' id='word_1_133' title='bbox 1380 1065 1488 1103; x_wconf 82' lang='lat' dir='ltr'><em>illico</em></span> <span class='ocrx_word' id='word_1_134' title='bbox 1525 1063 1728 1102; x_wconf 79' lang='lat' dir='ltr'>basilicam</span> 
     </span>
     <span class='ocr_line' id='line_1_17' title="bbox 282 1119 1728 1176; baseline -0.001 -17"><span class='ocrx_word' id='word_1_135' title='bbox 282 1130 321 1160; x_wconf 84' lang='lat' dir='ltr'>et</span> <span class='ocrx_word' id='word_1_136' title='bbox 349 1135 464 1159; x_wconf 81' lang='lat' dir='ltr'>aram</span> <span class='ocrx_word' id='word_1_137' title='bbox 475 1150 488 1170; x_wconf 88' lang='lat'><strong><em>,</em></strong></span> <span class='ocrx_word' id='word_1_138' title='bbox 520 1131 645 1176; x_wconf 79' lang='lat' dir='ltr'>parat</span> <span class='ocrx_word' id='word_1_139' title='bbox 669 1131 812 1176; x_wconf 82' lang='lat' dir='ltr'>tapetes</span> <span class='ocrx_word' id='word_1_140' title='bbox 823 1151 835 1170; x_wconf 94' lang='lat'><em>‚</em></span> <span class='ocrx_word' id='word_1_141' title='bbox 884 1130 923 1160; x_wconf 85' lang='lat' dir='ltr'>et</span> <span class='ocrx_word' id='word_1_142' title='bbox 955 1122 1084 1175; x_wconf 79' lang='lat' dir='ltr'>pallio</span> <span class='ocrx_word' id='word_1_143' title='bbox 1112 1120 1255 1159; x_wconf 79' lang='lat' dir='ltr'>dors&#39;ili</span> <span class='ocrx_word' id='word_1_144' title='bbox 1285 1120 1524 1171; x_wconf 62' lang='lat' dir='ltr'>caminatam</span> <span class='ocrx_word' id='word_1_145' title='bbox 1535 1134 1554 1168; x_wconf 83' lang='grc'>,·.</span> <span class='ocrx_word' id='word_1_146' title='bbox 1585 1119 1728 1157; x_wconf 80' lang='lat' dir='ltr'>Evan-</span> 
     </span>
     <span class='ocr_line' id='line_1_18' title="bbox 282 1174 1731 1232; baseline -0.001 -18"><span class='ocrx_word' id='word_1_147' title='bbox 282 1177 386 1229; x_wconf 73' lang='lat' dir='ltr'>gelio</span> <span class='ocrx_word' id='word_1_148' title='bbox 416 1176 655 1231; x_wconf 77' lang='lat' dir='ltr'>Episcopum</span> <span class='ocrx_word' id='word_1_149' title='bbox 681 1178 856 1232; x_wconf 74' lang='lat' dir='ltr'>aliquos,</span> <span class='ocrx_word' id='word_1_150' title='bbox 895 1177 965 1231; x_wconf 80' lang='lat' dir='ltr'>qui</span> <span class='ocrx_word' id='word_1_151' title='bbox 988 1176 1175 1224; x_wconf 81' lang='lat' dir='ltr'>aderant,</span> <span class='ocrx_word' id='word_1_152' title='bbox 1218 1175 1465 1230; x_wconf 81' lang='lat' dir='ltr'>presbyter-os</span> <span class='ocrx_word' id='word_1_153' title='bbox 1485 1175 1656 1228; x_wconf 76' lang='lat' dir='ltr'>recipere</span> <span class='ocrx_word' id='word_1_154' title='bbox 1677 1174 1731 1212; x_wconf 84' lang='lat' dir='ltr'>iu-</span> 
     </span>
     <span class='ocr_line' id='line_1_19' title="bbox 284 1227 1732 1284; baseline -0.003 -14"><span class='ocrx_word' id='word_1_155' title='bbox 284 1233 360 1270; x_wconf 81' lang='lat' dir='ltr'>bet.</span> <span class='ocrx_word' id='word_1_156' title='bbox 418 1231 557 1270; x_wconf 83' lang='lat' dir='ltr'>Debeo</span> <span class='ocrx_word' id='word_1_157' title='bbox 591 1231 726 1270; x_wconf 88' lang='lat' dir='ltr'>locum</span> <span class='ocrx_word' id='word_1_158' title='bbox 757 1231 983 1270; x_wconf 82' lang='lat' dir='ltr'>Alteserrae</span> <span class='ocrx_word' id='word_1_159' title='bbox 1019 1231 1071 1270; x_wconf 89' lang='lat' dir='ltr'>ad</span> <span class='ocrx_word' id='word_1_160' title='bbox 1097 1230 1284 1269; x_wconf 84' lang='lat' dir='ltr'>Anastas.</span> <span class='ocrx_word' id='word_1_161' title='bbox 1314 1245 1357 1284; x_wconf 88' lang='lat' dir='ltr'>p.</span> <span class='ocrx_word' id='word_1_162' title='bbox 1385 1243 1455 1283; x_wconf 88' lang='grc' dir='ltr'>9ο.</span> <span class='ocrx_word' id='word_1_163' title='bbox 1472 1259 1484 1280; x_wconf 85' lang='grc'>,</span> <span class='ocrx_word' id='word_1_164' title='bbox 1513 1229 1583 1283; x_wconf 89' lang='lat' dir='ltr'>qui</span> <span class='ocrx_word' id='word_1_165' title='bbox 1614 1227 1732 1282; x_wconf 88' lang='lat' dir='ltr'>plura</span> 
     </span>
     <span class='ocr_line' id='line_1_20' title="bbox 285 1283 1733 1326; baseline -0.001 -2"><span class='ocrx_word' id='word_1_166' title='bbox 285 1287 337 1325; x_wconf 89' lang='lat' dir='ltr'>de</span> <span class='ocrx_word' id='word_1_167' title='bbox 367 1286 445 1324; x_wconf 89' lang='lat' dir='ltr'>hoc</span> <span class='ocrx_word' id='word_1_168' title='bbox 477 1301 588 1325; x_wconf 88' lang='lat' dir='ltr'>more</span> <span class='ocrx_word' id='word_1_169' title='bbox 621 1287 758 1326; x_wconf 87' lang='lat' dir='ltr'>habet.</span> <span class='ocrx_word' id='word_1_170' title='bbox 818 1286 980 1325; x_wconf 88' lang='lat' dir='ltr'>Addam</span> <span class='ocrx_word' id='word_1_171' title='bbox 1005 1285 1130 1325; x_wconf 84' lang='lat' dir='ltr'>alium</span> <span class='ocrx_word' id='word_1_172' title='bbox 1157 1300 1203 1325; x_wconf 90' lang='lat' dir='ltr'>ex</span> <span class='ocrx_word' id='word_1_173' title='bbox 1222 1287 1348 1325; x_wconf 88' lang='lat' dir='ltr'>veteri</span> <span class='ocrx_word' id='word_1_174' title='bbox 1373 1285 1513 1324; x_wconf 78' lang='lat' dir='ltr'>charta</span> <span class='ocrx_word' id='word_1_175' title='bbox 1542 1283 1733 1323; x_wconf 87' lang='lat' dir='ltr'>tabularii</span> 
     </span>
     <span class='ocr_line' id='line_1_21' title="bbox 287 1339 1734 1396; baseline -0.002 -15"><span class='ocrx_word' id='word_1_176' title='bbox 287 1342 590 1395; x_wconf 87' lang='lat' dir='ltr'>Andegavensis</span> <span class='ocrx_word' id='word_1_177' title='bbox 620 1356 642 1381; x_wconf 87' lang='lat' dir='ltr'>e</span> <span class='ocrx_word' id='word_1_178' title='bbox 670 1343 737 1381; x_wconf 90' lang='lat' dir='ltr'>Du</span> <span class='ocrx_word' id='word_1_179' title='bbox 764 1342 915 1396; x_wconf 88' lang='lat' dir='ltr'>Cangio</span> <span class='ocrx_word' id='word_1_180' title='bbox 939 1356 983 1382; x_wconf 88' lang='lat' dir='ltr'>v.</span> <span class='ocrx_word' id='word_1_181' title='bbox 1017 1342 1118 1380; x_wconf 81' lang='lat' dir='ltr'>Tau.</span> <span class='ocrx_word' id='word_1_182' title='bbox 1176 1342 1224 1380; x_wconf 92' lang='lat' dir='ltr'>In</span> <span class='ocrx_word' id='word_1_183' title='bbox 1254 1355 1301 1379; x_wconf 86' lang='lat' dir='ltr'>ea</span> <span class='ocrx_word' id='word_1_184' title='bbox 1324 1341 1437 1379; x_wconf 88' lang='lat' dir='ltr'>aiunt</span> <span class='ocrx_word' id='word_1_185' title='bbox 1463 1339 1654 1379; x_wconf 84' lang='lat' dir='ltr'>Canonici</span> <span class='ocrx_word' id='word_1_186' title='bbox 1673 1352 1734 1377; x_wconf 83' lang='lat' dir='ltr'>ca-</span> 
     </span>
     <span class='ocr_line' id='line_1_22' title="bbox 286 1395 1735 1451; baseline -0.002 -16"><span class='ocrx_word' id='word_1_187' title='bbox 286 1396 404 1450; x_wconf 89' lang='lat' dir='ltr'>pituli</span> <span class='ocrx_word' id='word_1_188' title='bbox 437 1397 480 1436; x_wconf 89' lang='lat' dir='ltr'>S.</span> <span class='ocrx_word' id='word_1_189' title='bbox 514 1398 644 1436; x_wconf 83' lang='lat' dir='ltr'>Laudi</span> <span class='ocrx_word' id='word_1_190' title='bbox 665 1397 895 1451; x_wconf 83' lang='lat' dir='ltr'>Andegav.‚</span> <span class='ocrx_word' id='word_1_191' title='bbox 922 1412 963 1436; x_wconf 89' lang='lat' dir='ltr'>se</span> <span class='ocrx_word' id='word_1_192' title='bbox 993 1397 1120 1436; x_wconf 88' lang='lat' dir='ltr'>teneri</span> <span class='ocrx_word' id='word_1_193' title='bbox 1150 1396 1202 1435; x_wconf 88' lang='lat' dir='ltr'>ad</span> <span class='ocrx_word' id='word_1_194' title='bbox 1232 1395 1506 1450; x_wconf 79' lang='lat' dir='ltr'>excipiendum</span> <span class='ocrx_word' id='word_1_195' title='bbox 1537 1395 1735 1433; x_wconf 84' lang='lat' dir='ltr'>Comitem</span> 
     </span>
     <span class='ocr_line' id='line_1_23' title="bbox 289 1448 1735 1506; baseline -0.002 -16"><span class='ocrx_word' id='word_1_196' title='bbox 289 1451 621 1506; x_wconf 87' lang='lat' dir='ltr'>Andegavensem</span> <span class='ocrx_word' id='word_1_197' title='bbox 634 1483 646 1504; x_wconf 85' lang='lat'>‚</span> <span class='ocrx_word' id='word_1_198' title='bbox 675 1467 840 1492; x_wconf 89' lang='lat' dir='ltr'>uxorem</span> <span class='ocrx_word' id='word_1_199' title='bbox 873 1460 912 1492; x_wconf 88' lang='lat' dir='ltr'>et</span> <span class='ocrx_word' id='word_1_200' title='bbox 951 1452 1097 1491; x_wconf 88' lang='lat' dir='ltr'>liberos</span> <span class='ocrx_word' id='word_1_201' title='bbox 1114 1481 1125 1502; x_wconf 81' lang='grc'>,</span> <span class='ocrx_word' id='word_1_202' title='bbox 1164 1453 1318 1505; x_wconf 87' lang='lat' dir='ltr'>quoties</span> <span class='ocrx_word' id='word_1_203' title='bbox 1350 1451 1401 1490; x_wconf 90' lang='lat' dir='ltr'>ad</span> <span class='ocrx_word' id='word_1_204' title='bbox 1429 1451 1576 1489; x_wconf 82' lang='lat' dir='ltr'>dietam</span> <span class='ocrx_word' id='word_1_205' title='bbox 1609 1448 1735 1489; x_wconf 89' lang='lat' dir='ltr'>eccle-</span> 
     </span>
     <span class='ocr_line' id='line_1_24' title="bbox 289 1504 1735 1562; baseline -0.001 -17"><span class='ocrx_word' id='word_1_206' title='bbox 289 1507 388 1546; x_wconf 88' lang='lat' dir='ltr'>siam</span> <span class='ocrx_word' id='word_1_207' title='bbox 417 1509 602 1547; x_wconf 84' lang='lat' dir='ltr'>venerint</span> <span class='ocrx_word' id='word_1_208' title='bbox 616 1537 627 1558; x_wconf 84' lang='lat'>,</span> <span class='ocrx_word' id='word_1_209' title='bbox 655 1522 742 1547; x_wconf 82' lang='lat' dir='ltr'>cum</span> <span class='ocrx_word' id='word_1_210' title='bbox 773 1517 883 1547; x_wconf 76' lang='lat' dir='ltr'>textu</span> <span class='ocrx_word' id='word_1_211' title='bbox 916 1507 987 1562; x_wconf 90' lang='lat' dir='ltr'>[id</span> <span class='ocrx_word' id='word_1_212' title='bbox 1014 1514 1073 1546; x_wconf 88' lang='lat' dir='ltr'>est</span> <span class='ocrx_word' id='word_1_213' title='bbox 1102 1507 1237 1546; x_wconf 87' lang='lat' dir='ltr'>codice</span> <span class='ocrx_word' id='word_1_214' title='bbox 1262 1504 1503 1560; x_wconf 84' lang='lat' dir='ltr'>Evangelii]</span> <span class='ocrx_word' id='word_1_215' title='bbox 1542 1505 1735 1544; x_wconf 79' lang='lat' dir='ltr'>thuribulo</span> 
     </span>
     <span class='ocr_line' id='line_1_25' title="bbox 290 1560 1736 1618; baseline -0.001 -18"><span class='ocrx_word' id='word_1_216' title='bbox 290 1571 329 1600; x_wconf 82' lang='lat' dir='ltr'>et</span> <span class='ocrx_word' id='word_1_217' title='bbox 349 1577 455 1618; x_wconf 82' lang='lat' dir='ltr'>aqua</span> <span class='ocrx_word' id='word_1_218' title='bbox 487 1563 709 1612; x_wconf 75' lang='lat' dir='ltr'>benedicta,</span> <span class='ocrx_word' id='word_1_219' title='bbox 751 1563 943 1602; x_wconf 82' lang='lat' dir='ltr'>tradendo</span> <span class='ocrx_word' id='word_1_220' title='bbox 972 1563 1076 1602; x_wconf 85' lang='lat' dir='ltr'>dicto</span> <span class='ocrx_word' id='word_1_221' title='bbox 1102 1564 1235 1601; x_wconf 80' lang='lat' dir='ltr'>comici</span> <span class='ocrx_word' id='word_1_222' title='bbox 1259 1563 1440 1601; x_wconf 82' lang='lat' dir='ltr'>similiter·</span> <span class='ocrx_word' id='word_1_223' title='bbox 1470 1562 1514 1599; x_wconf 84' lang='lat' dir='ltr'>in</span> <span class='ocrx_word' id='word_1_224' title='bbox 1543 1560 1652 1599; x_wconf 83' lang='lat' dir='ltr'>dicta</span> <span class='ocrx_word' id='word_1_225' title='bbox 1672 1574 1736 1599; x_wconf 77' lang='lat' dir='ltr'>re-</span> 
     </span>
     <span class='ocr_line' id='line_1_26' title="bbox 290 1615 1737 1672; baseline -0.002 -16"><span class='ocrx_word' id='word_1_226' title='bbox 290 1620 465 1672; x_wconf 75' lang='lat' dir='ltr'>ceptione</span> <span class='ocrx_word' id='word_1_227' title='bbox 491 1619 578 1657; x_wconf 82' lang='grc' dir='ltr'><em>Ταιι</em></span> <span class='ocrx_word' id='word_1_228' title='bbox 597 1619 796 1668; x_wconf 76' lang='lat' dir='ltr'>eboreum,</span> <span class='ocrx_word' id='word_1_229' title='bbox 832 1619 878 1657; x_wconf 87' lang='lat' dir='ltr'>id</span> <span class='ocrx_word' id='word_1_230' title='bbox 897 1628 954 1657; x_wconf 81' lang='lat' dir='ltr'>est</span> <span class='ocrx_word' id='word_1_231' title='bbox 971 1633 1122 1658; x_wconf 82' lang='lat' dir='ltr'>crucem</span> <span class='ocrx_word' id='word_1_232' title='bbox 1151 1619 1371 1656; x_wconf 79' lang='lat' dir='ltr'>eburneam.</span> <span class='ocrx_word' id='word_1_233' title='bbox 1410 1617 1608 1669; x_wconf 87' lang='lat' dir='ltr'>Insignem</span> <span class='ocrx_word' id='word_1_234' title='bbox 1625 1615 1737 1654; x_wconf 85' lang='lat' dir='ltr'>hunc</span> 
     </span>
     <span class='ocr_line' id='line_1_27' title="bbox 291 1671 1737 1726; baseline -0.001 -15"><span class='ocrx_word' id='word_1_235' title='bbox 291 1671 426 1712; x_wconf 87' lang='lat' dir='ltr'>locum</span> <span class='ocrx_word' id='word_1_236' title='bbox 445 1688 639 1726; x_wconf 85' lang='lat' dir='ltr'>exponam</span> <span class='ocrx_word' id='word_1_237' title='bbox 667 1674 718 1712; x_wconf 89' lang='lat' dir='ltr'>ad</span> <span class='ocrx_word' id='word_1_238' title='bbox 733 1688 774 1726; x_wconf 91' lang='lat' dir='ltr'>p.</span> <span class='ocrx_word' id='word_1_239' title='bbox 803 1673 898 1713; x_wconf 82' lang='grc'>216.</span> <span class='ocrx_word' id='word_1_240' title='bbox 917 1674 972 1713; x_wconf 91' lang='lat' dir='ltr'>D.</span> <span class='ocrx_word' id='word_1_241' title='bbox 994 1672 1034 1713; x_wconf 85' lang='lat'>5.</span> <span class='ocrx_word' id='word_1_242' title='bbox 1068 1674 1271 1712; x_wconf 88' lang='lat' dir='ltr'>Diaconus</span> <span class='ocrx_word' id='word_1_243' title='bbox 1295 1686 1480 1726; x_wconf 79' lang='lat' dir='ltr'>quoque,</span> <span class='ocrx_word' id='word_1_244' title='bbox 1509 1672 1580 1724; x_wconf 91' lang='lat' dir='ltr'>qui</span> <span class='ocrx_word' id='word_1_245' title='bbox 1598 1671 1737 1710; x_wconf 90' lang='lat' dir='ltr'>Evan-</span> 
     </span>
     <span class='ocr_line' id='line_1_28' title="bbox 292 1725 1737 1782; baseline -0.002 -16"><span class='ocrx_word' id='word_1_246' title='bbox 292 1727 443 1781; x_wconf 80' lang='lat' dir='ltr'>gelium</span> <span class='ocrx_word' id='word_1_247' title='bbox 484 1728 579 1782; x_wconf 87' lang='lat' dir='ltr'>legit</span> <span class='ocrx_word' id='word_1_248' title='bbox 595 1759 606 1778; x_wconf 90' lang='lat'>‚</span> <span class='ocrx_word' id='word_1_249' title='bbox 658 1730 815 1768; x_wconf 87' lang='lat' dir='ltr'>rediens</span> <span class='ocrx_word' id='word_1_250' title='bbox 845 1743 890 1767; x_wconf 82' lang='lat' dir='ltr'>ex</span> <span class='ocrx_word' id='word_1_251' title='bbox 937 1729 1125 1768; x_wconf 86' lang='lat' dir='ltr'>Ambone</span> <span class='ocrx_word' id='word_1_252' title='bbox 1158 1728 1203 1767; x_wconf 88' lang='lat' dir='ltr'>in&#39;</span> <span class='ocrx_word' id='word_1_253' title='bbox 1235 1729 1441 1767; x_wconf 89' lang='lat' dir='ltr'>tribunam</span> <span class='ocrx_word' id='word_1_254' title='bbox 1478 1725 1737 1765; x_wconf 83' lang='lat' dir='ltr'>Patriarchae</span> 
     </span>
     <span class='ocr_line' id='line_1_29' title="bbox 293 1779 1737 1836; baseline -0.002 -14"><span class='ocrx_word' id='word_1_255' title='bbox 293 1782 444 1823; x_wconf 73' lang='grc' dir='ltr'><em>δίδωσι</em></span> <span class='ocrx_word' id='word_1_256' title='bbox 484 1782 762 1823; x_wconf 70' lang='grc' dir='ltr'><em>ἀσπάσασθαι</em></span> <span class='ocrx_word' id='word_1_257' title='bbox 801 1779 849 1823; x_wconf 83' lang='grc' dir='ltr'>τὸ</span> <span class='ocrx_word' id='word_1_258' title='bbox 881 1781 1146 1836; x_wconf 72' lang='grc' dir='ltr'><em>εὐαγγέλιον,</em></span> <span class='ocrx_word' id='word_1_259' title='bbox 1192 1791 1238 1822; x_wconf 94' lang='lat' dir='ltr'>ut</span> <span class='ocrx_word' id='word_1_260' title='bbox 1267 1785 1323 1822; x_wconf 87' lang='lat' dir='ltr'>ait</span> <span class='ocrx_word' id='word_1_261' title='bbox 1350 1782 1537 1821; x_wconf 86' lang='lat' dir='ltr'>Pontific.</span> <span class='ocrx_word' id='word_1_262' title='bbox 1568 1781 1737 1820; x_wconf 80' lang='lat' dir='ltr'>Haberti</span> 
     </span>
     <span class='ocr_line' id='line_1_30' title="bbox 293 1835 1738 1893; baseline -0.003 -15"><span class='ocrx_word' id='word_1_263' title='bbox 293 1852 336 1891; x_wconf 89' lang='lat' dir='ltr'>p.</span> <span class='ocrx_word' id='word_1_264' title='bbox 357 1839 444 1892; x_wconf 80' lang='lat'>75.;</span> <span class='ocrx_word' id='word_1_265' title='bbox 475 1853 516 1878; x_wconf 91' lang='lat' dir='ltr'>v.</span> <span class='ocrx_word' id='word_1_266' title='bbox 545 1840 612 1878; x_wconf 92' lang='lat' dir='ltr'>Du</span> <span class='ocrx_word' id='word_1_267' title='bbox 643 1839 775 1893; x_wconf 83' lang='lat' dir='ltr'>Gange</span> <span class='ocrx_word' id='word_1_268' title='bbox 805 1853 847 1878; x_wconf 89' lang='lat' dir='ltr'>v.</span> <span class='ocrx_word' id='word_1_269' title='bbox 867 1840 988 1877; x_wconf 74' lang='lat' dir='ltr'>Liber</span> <span class='ocrx_word' id='word_1_270' title='bbox 1006 1840 1151 1877; x_wconf 61' lang='lat' dir='ltr'>Pacis.</span> <span class='ocrx_word' id='word_1_271' title='bbox 1200 1838 1460 1891; x_wconf 69' lang='lat' dir='ltr'>Imperatori,</span> <span class='ocrx_word' id='word_1_272' title='bbox 1489 1851 1609 1890; x_wconf 87' lang='lat' dir='ltr'>quem</span> <span class='ocrx_word' id='word_1_273' title='bbox 1635 1835 1738 1875; x_wconf 81' lang='lat' dir='ltr'>urbe</span> 
     </span>
     <span class='ocr_line' id='line_1_31' title="bbox 294 1890 1739 1947; baseline -0.001 -15"><span class='ocrx_word' id='word_1_274' title='bbox 294 1895 519 1946; x_wconf 84' lang='lat' dir='ltr'>reciperent</span> <span class='ocrx_word' id='word_1_275' title='bbox 538 1924 549 1945; x_wconf 78' lang='lat'><strong><em>‚</em></strong></span> <span class='ocrx_word' id='word_1_276' title='bbox 578 1902 830 1935; x_wconf 87' lang='lat' dir='ltr'>occurrentes</span> <span class='ocrx_word' id='word_1_277' title='bbox 856 1895 897 1933; x_wconf 88' lang='lat' dir='ltr'>in</span> <span class='ocrx_word' id='word_1_278' title='bbox 924 1893 1217 1947; x_wconf 81' lang='lat' dir='ltr'>pontificalibus</span> <span class='ocrx_word' id='word_1_279' title='bbox 1243 1893 1465 1932; x_wconf 84' lang='lat' dir='ltr'>sacerdotes</span> <span class='ocrx_word' id='word_1_280' title='bbox 1486 1890 1739 1946; x_wconf 84' lang='lat' dir='ltr'>evangelium</span> 
     </span>
     <span class='ocr_line' id='line_1_32' title="bbox 295 1947 1738 2003; baseline -0.001 -16"><span class='ocrx_word' id='word_1_281' title='bbox 295 1949 534 1988; x_wconf 79' lang='lat' dir='ltr'>offerebant.</span> <span class='ocrx_word' id='word_1_282' title='bbox 570 1950 756 1989; x_wconf 86' lang='lat' dir='ltr'>Cinnam.</span> <span class='ocrx_word' id='word_1_283' title='bbox 789 1964 831 2003; x_wconf 90' lang='lat' dir='ltr'>p.</span> <span class='ocrx_word' id='word_1_284' title='bbox 858 1950 948 1990; x_wconf 83' lang='lat'>128.</span> <span class='ocrx_word' id='word_1_285' title='bbox 981 1950 1029 1988; x_wconf 88' lang='lat' dir='ltr'>C.</span> <span class='ocrx_word' id='word_1_286' title='bbox 1063 1950 1179 1988; x_wconf 87' lang='lat' dir='ltr'>Russi</span> <span class='ocrx_word' id='word_1_287' title='bbox 1208 1949 1248 1987; x_wconf 94' lang='lat' dir='ltr'>id</span> <span class='ocrx_word' id='word_1_288' title='bbox 1276 1949 1408 1987; x_wconf 88' lang='lat' dir='ltr'>adhuc</span> <span class='ocrx_word' id='word_1_289' title='bbox 1436 1948 1603 1986; x_wconf 87' lang='lat' dir='ltr'>faciunt.</span> <span class='ocrx_word' id='word_1_290' title='bbox 1634 1947 1738 1985; x_wconf 88' lang='lat' dir='ltr'>Pon-</span> 
     </span>
     <span class='ocr_line' id='line_1_33' title="bbox 295 2002 1739 2058; baseline -0.001 -16"><span class='ocrx_word' id='word_1_291' title='bbox 295 2004 393 2042; x_wconf 85' lang='lat' dir='ltr'>tifici</span> <span class='ocrx_word' id='word_1_292' title='bbox 427 2012 557 2043; x_wconf 83' lang='lat' dir='ltr'>textus</span> <span class='ocrx_word' id='word_1_293' title='bbox 578 2013 752 2058; x_wconf 79' lang='lat' dir='ltr'>apertus,</span> <span class='ocrx_word' id='word_1_294' title='bbox 774 2005 936 2044; x_wconf 87' lang='lat' dir='ltr'>caeteris</span> <span class='ocrx_word' id='word_1_295' title='bbox 954 2004 1112 2043; x_wconf 86' lang='lat' dir='ltr'>clausus</span> <span class='ocrx_word' id='word_1_296' title='bbox 1137 2004 1188 2043; x_wconf 90' lang='lat' dir='ltr'>ad</span> <span class='ocrx_word' id='word_1_297' title='bbox 1213 2003 1476 2043; x_wconf 90' lang='lat' dir='ltr'>osculandum</span> <span class='ocrx_word' id='word_1_298' title='bbox 1497 2002 1739 2042; x_wconf 78' lang='lat' dir='ltr'>offerebatur</span> 
     </span>
     <span class='ocr_line' id='line_1_34' title="bbox 297 2058 1116 2113; baseline 0.001 -16"><span class='ocrx_word' id='word_1_299' title='bbox 297 2066 396 2098; x_wconf 81' lang='lat' dir='ltr'>teste</span> <span class='ocrx_word' id='word_1_300' title='bbox 428 2059 664 2099; x_wconf 85' lang='lat' dir='ltr'>Hildeberto</span> <span class='ocrx_word' id='word_1_301' title='bbox 695 2061 914 2100; x_wconf 88' lang='lat' dir='ltr'>Cenoman.</span> <span class='ocrx_word' id='word_1_302' title='bbox 948 2060 1027 2113; x_wconf 89' lang='lat' dir='ltr'>Ep.</span> <span class='ocrx_word' id='word_1_303' title='bbox 1053 2058 1116 2098; x_wconf 83' lang='lat'>15.</span> 
     </span>
    </p>

    <p class='ocr_par' dir='ltr' id='par_1_4' title="bbox 298 2106 1741 2276">
     <span class='ocr_line' id='line_1_35' title="bbox 409 2106 1741 2170; baseline -0.003 -16"><span class='ocrx_word' id='word_1_304' title='bbox 409 2115 456 2154; x_wconf 89' lang='lat' dir='ltr'>C.</span> <span class='ocrx_word' id='word_1_305' title='bbox 480 2115 519 2155; x_wconf 87' lang='lat'>5.</span> <span class='ocrx_word' id='word_1_306' title='bbox 542 2115 632 2169; x_wconf 73' lang='grc'><strong><em>[[4,</em></strong></span> <span class='ocrx_word' id='word_1_307' title='bbox 654 2115 745 2170; x_wconf 83' lang='grc'>22.]</span> <span class='ocrx_word' id='word_1_308' title='bbox 785 2113 1083 2167; x_wconf 78' lang='grc' dir='ltr'><em>χαιρετίζουσι.</em></span> <span class='ocrx_word' id='word_1_309' title='bbox 1142 2115 1308 2153; x_wconf 86' lang='lat' dir='ltr'>Dicunt:</span> <span class='ocrx_word' id='word_1_310' title='bbox 1338 2116 1463 2167; x_wconf 76' lang='grc' dir='ltr'><em>χαῖρε</em></span> <span class='ocrx_word' id='word_1_311' title='bbox 1490 2106 1741 2166; x_wconf 48' lang='grc' dir='ltr'><em>Κύριειπα-</em></span> 
     </span>
     <span class='ocr_line' id='line_1_36' title="bbox 298 2166 1740 2222; baseline 0 -16"><span class='ocrx_word' id='word_1_312' title='bbox 298 2166 512 2222; x_wconf 75' lang='grc' dir='ltr'><em>τριάρχα,</em></span> <span class='ocrx_word' id='word_1_313' title='bbox 551 2178 591 2209; x_wconf 88' lang='lat' dir='ltr'>et</span> <span class='ocrx_word' id='word_1_314' title='bbox 623 2171 715 2209; x_wconf 91' lang='lat' dir='ltr'>dein</span> <span class='ocrx_word' id='word_1_315' title='bbox 747 2170 992 2210; x_wconf 83' lang='lat' dir='ltr'>osculantur.</span> <span class='ocrx_word' id='word_1_316' title='bbox 1049 2171 1138 2210; x_wconf 93' lang='lat' dir='ltr'>Mos</span> <span class='ocrx_word' id='word_1_317' title='bbox 1167 2170 1273 2208; x_wconf 88' lang='lat' dir='ltr'>enim</span> <span class='ocrx_word' id='word_1_318' title='bbox 1305 2167 1417 2219; x_wconf 77' lang='lat' dir='ltr'>erat,</span> <span class='ocrx_word' id='word_1_319' title='bbox 1463 2176 1510 2207; x_wconf 93' lang='lat' dir='ltr'>ut</span> <span class='ocrx_word' id='word_1_320' title='bbox 1535 2167 1740 2207; x_wconf 86' lang='lat' dir='ltr'>ecclesiam</span> 
     </span>
     <span class='ocr_line' id='line_1_37' title="bbox 300 2222 1739 2276; baseline 0 -14"><span class='ocrx_word' id='word_1_321' title='bbox 300 2223 494 2264; x_wconf 75' lang='lat' dir='ltr'>intrantes</span> <span class='ocrx_word' id='word_1_322' title='bbox 523 2240 605 2265; x_wconf 87' lang='lat' dir='ltr'>sese</span> <span class='ocrx_word' id='word_1_323' title='bbox 638 2234 780 2265; x_wconf 86' lang='lat' dir='ltr'>mutuo</span> <span class='ocrx_word' id='word_1_324' title='bbox 816 2223 1105 2264; x_wconf 89' lang='lat' dir='ltr'>oscularentur.</span> <span class='ocrx_word' id='word_1_325' title='bbox 1162 2226 1217 2264; x_wconf 96' lang='lat' dir='ltr'>V.</span> <span class='ocrx_word' id='word_1_326' title='bbox 1246 2225 1416 2263; x_wconf 89' lang='lat' dir='ltr'>Habert.</span> <span class='ocrx_word' id='word_1_327' title='bbox 1449 2224 1570 2263; x_wconf 89' lang='lat' dir='ltr'>Pont.</span> <span class='ocrx_word' id='word_1_328' title='bbox 1603 2237 1644 2276; x_wconf 89' lang='lat' dir='ltr'>p.</span> <span class='ocrx_word' id='word_1_329' title='bbox 1669 2222 1739 2262; x_wconf 76' lang='grc'>65.</span> 
     </span>
    </p>

    <p class='ocr_par' dir='ltr' id='par_1_5' title="bbox 299 2279 1744 2773">
     <span class='ocr_line' id='line_1_38' title="bbox 411 2279 1741 2334; baseline -0.001 -17"><span class='ocrx_word' id='word_1_330' title='bbox 411 2280 457 2317; x_wconf 91' lang='lat' dir='ltr'>C.</span> <span class='ocrx_word' id='word_1_331' title='bbox 479 2279 520 2319; x_wconf 88' lang='grc'>6.</span> <span class='ocrx_word' id='word_1_332' title='bbox 545 2281 635 2334; x_wconf 73' lang='grc' dir='ltr'>[ι4,</span> <span class='ocrx_word' id='word_1_333' title='bbox 659 2280 749 2334; x_wconf 62' lang='grc'>24]</span> <span class='ocrx_word' id='word_1_334' title='bbox 779 2279 1006 2332; x_wconf 75' lang='grc' dir='ltr'><em>βασιλικῶν</em></span> <span class='ocrx_word' id='word_1_335' title='bbox 1033 2279 1187 2320; x_wconf 74' lang='grc' dir='ltr'><em>πυλῶν.</em></span> <span class='ocrx_word' id='word_1_336' title='bbox 1218 2281 1341 2319; x_wconf 88' lang='lat' dir='ltr'>Porta</span> <span class='ocrx_word' id='word_1_337' title='bbox 1356 2280 1463 2333; x_wconf 82' lang='lat' dir='ltr'>regia</span> <span class='ocrx_word' id='word_1_338' title='bbox 1481 2286 1540 2318; x_wconf 84' lang='lat' dir='ltr'>est</span> <span class='ocrx_word' id='word_1_339' title='bbox 1555 2293 1616 2329; x_wconf 86' lang='lat' dir='ltr'>ea,</span> <span class='ocrx_word' id='word_1_340' title='bbox 1635 2291 1741 2331; x_wconf 87' lang='lat' dir='ltr'>quae</span> 
     </span>
     <span class='ocr_line' id='line_1_39' title="bbox 301 2334 1742 2389; baseline 0.001 -19"><span class='ocrx_word' id='word_1_341' title='bbox 301 2347 323 2370; x_wconf 88' lang='lat' dir='ltr'>e</span> <span class='ocrx_word' id='word_1_342' title='bbox 349 2334 545 2373; x_wconf 81' lang='lat' dir='ltr'>Narthece</span> <span class='ocrx_word' id='word_1_343' title='bbox 578 2336 619 2374; x_wconf 87' lang='lat' dir='ltr'>in</span> <span class='ocrx_word' id='word_1_344' title='bbox 644 2336 779 2375; x_wconf 90' lang='lat' dir='ltr'>Naum</span> <span class='ocrx_word' id='word_1_345' title='bbox 805 2336 930 2374; x_wconf 83' lang='lat' dir='ltr'>ducit.</span> <span class='ocrx_word' id='word_1_346' title='bbox 989 2336 1118 2374; x_wconf 88' lang='lat' dir='ltr'>Hodie</span> <span class='ocrx_word' id='word_1_347' title='bbox 1150 2337 1291 2374; x_wconf 87' lang='lat' dir='ltr'>Graeci</span> <span class='ocrx_word' id='word_1_348' title='bbox 1318 2343 1474 2389; x_wconf 85' lang='lat' dir='ltr'>portam</span> <span class='ocrx_word' id='word_1_349' title='bbox 1502 2334 1653 2387; x_wconf 81' lang='lat' dir='ltr'>regiam</span> <span class='ocrx_word' id='word_1_350' title='bbox 1671 2347 1742 2386; x_wconf 89' lang='lat' dir='ltr'>ap-</span> 
     </span>
     <span class='ocr_line' id='line_1_40' title="bbox 299 2387 1743 2444; baseline 0.001 -19"><span class='ocrx_word' id='word_1_351' title='bbox 299 2387 452 2439; x_wconf 86' lang='lat' dir='ltr'>pellant</span> <span class='ocrx_word' id='word_1_352' title='bbox 477 2390 586 2429; x_wconf 89' lang='lat' dir='ltr'>illam</span> <span class='ocrx_word' id='word_1_353' title='bbox 607 2421 620 2443; x_wconf 71' lang='grc'>,</span> <span class='ocrx_word' id='word_1_354' title='bbox 648 2406 750 2444; x_wconf 89' lang='lat' dir='ltr'>quae</span> <span class='ocrx_word' id='word_1_355' title='bbox 776 2391 918 2429; x_wconf 84' lang='lat' dir='ltr'>Nostro</span> <span class='ocrx_word' id='word_1_356' title='bbox 939 2398 1078 2429; x_wconf 86' lang='lat' dir='ltr'>sancta</span> <span class='ocrx_word' id='word_1_357' title='bbox 1104 2398 1161 2430; x_wconf 86' lang='lat' dir='ltr'>est</span> <span class='ocrx_word' id='word_1_358' title='bbox 1180 2421 1191 2441; x_wconf 87' lang='lat'>‚</span> <span class='ocrx_word' id='word_1_359' title='bbox 1221 2399 1260 2430; x_wconf 87' lang='lat' dir='ltr'>et</span> <span class='ocrx_word' id='word_1_360' title='bbox 1289 2406 1310 2430; x_wconf 92' lang='lat' dir='ltr'>e</span> <span class='ocrx_word' id='word_1_361' title='bbox 1330 2392 1412 2430; x_wconf 90' lang='lat' dir='ltr'>Nao</span> <span class='ocrx_word' id='word_1_362' title='bbox 1442 2390 1484 2428; x_wconf 90' lang='lat' dir='ltr'>in</span> <span class='ocrx_word' id='word_1_363' title='bbox 1515 2388 1743 2428; x_wconf 86' lang='lat' dir='ltr'>Sacrarium</span> 
     </span>
     <span class='ocr_line' id='line_1_41' title="bbox 301 2442 1744 2499; baseline 0.001 -20"><span class='ocrx_word' id='word_1_364' title='bbox 301 2442 426 2481; x_wconf 86' lang='lat' dir='ltr'>ducit.</span> <span class='ocrx_word' id='word_1_365' title='bbox 486 2446 548 2484; x_wconf 87' lang='lat' dir='ltr'>De</span> <span class='ocrx_word' id='word_1_366' title='bbox 579 2448 721 2498; x_wconf 49' lang='lat' dir='ltr'>regias,</span> <span class='ocrx_word' id='word_1_367' title='bbox 770 2445 835 2486; x_wconf 84' lang='lat' dir='ltr'>vel</span> <span class='ocrx_word' id='word_1_368' title='bbox 902 2455 989 2484; x_wconf 82' lang='lat' dir='ltr'>orta</span> <span class='ocrx_word' id='word_1_369' title='bbox 1021 2448 1220 2499; x_wconf 79' lang='lat' dir='ltr'>regiarum</span> <span class='ocrx_word' id='word_1_370' title='bbox 1241 2477 1252 2496; x_wconf 83' lang='lat'>‚</span> <span class='ocrx_word' id='word_1_371' title='bbox 1299 2447 1393 2485; x_wconf 87' lang='lat' dir='ltr'>item</span> <span class='ocrx_word' id='word_1_372' title='bbox 1421 2445 1552 2498; x_wconf 71' lang='lat' dir='ltr'>rugi-5⁸,</span> <span class='ocrx_word' id='word_1_373' title='bbox 1601 2457 1644 2482; x_wconf 83' lang='lat' dir='ltr'>v.</span> <span class='ocrx_word' id='word_1_374' title='bbox 1674 2443 1744 2481; x_wconf 90' lang='lat' dir='ltr'>Du</span> 
     </span>
     <span class='ocr_line' id='line_1_42' title="bbox 303 2460 1738 2553; baseline 0.001 -19"><span class='ocrx_word' id='word_1_375' title='bbox 303 2496 437 2549; x_wconf 77' lang='lat' dir='ltr'>Gange</span> <span class='ocrx_word' id='word_1_376' title='bbox 466 2513 508 2537; x_wconf 88' lang='lat' dir='ltr'>v.</span> <span class='ocrx_word' id='word_1_377' title='bbox 543 2502 710 2553; x_wconf 78' lang='lat' dir='ltr'>Regiae3</span> <span class='ocrx_word' id='word_1_378' title='bbox 740 2460 901 2540; x_wconf 49' lang='lat' dir='ltr'>Mabilf.)</span> <span class='ocrx_word' id='word_1_379' title='bbox 921 2501 972 2539; x_wconf 91' lang='lat' dir='ltr'>ad</span> <span class='ocrx_word' id='word_1_380' title='bbox 998 2501 1207 2540; x_wconf 88' lang='lat' dir='ltr'>Ceremon.</span> <span class='ocrx_word' id='word_1_381' title='bbox 1228 2503 1399 2540; x_wconf 86' lang='lat' dir='ltr'>Roman.</span> <span class='ocrx_word' id='word_1_382' title='bbox 1419 2515 1461 2553; x_wconf 88' lang='lat' dir='ltr'>p.</span> <span class='ocrx_word' id='word_1_383' title='bbox 1489 2499 1738 2545; x_wconf 85' lang='lat' dir='ltr'>CXXXVII.</span> 
     </span>
     <span class='ocr_line' id='line_1_43' title="bbox 302 2552 1738 2610; baseline 0.002 -22"><span class='ocrx_word' id='word_1_384' title='bbox 302 2559 342 2589; x_wconf 83' lang='lat' dir='ltr'>et</span> <span class='ocrx_word' id='word_1_385' title='bbox 367 2552 520 2592; x_wconf 79' lang='lat' dir='ltr'>Corsini</span> <span class='ocrx_word' id='word_1_386' title='bbox 548 2556 641 2594; x_wconf 85' lang='lat' dir='ltr'>diss.</span> <span class='ocrx_word' id='word_1_387' title='bbox 677 2557 851 2595; x_wconf 88' lang='lat' dir='ltr'>secunda</span> <span class='ocrx_word' id='word_1_388' title='bbox 876 2556 1100 2608; x_wconf 88' lang='lat' dir='ltr'>appendicis</span> <span class='ocrx_word' id='word_1_389' title='bbox 1134 2557 1184 2595; x_wconf 88' lang='lat' dir='ltr'>ad</span> <span class='ocrx_word' id='word_1_390' title='bbox 1219 2571 1318 2610; x_wconf 90' lang='lat' dir='ltr'>opus</span> <span class='ocrx_word' id='word_1_391' title='bbox 1351 2557 1401 2595; x_wconf 88' lang='lat' dir='ltr'>de</span> <span class='ocrx_word' id='word_1_392' title='bbox 1429 2555 1538 2594; x_wconf 89' lang='lat' dir='ltr'>Notis</span> <span class='ocrx_word' id='word_1_393' title='bbox 1565 2561 1604 2592; x_wconf 89' lang='lat' dir='ltr'>et</span> <span class='ocrx_word' id='word_1_394' title='bbox 1632 2552 1738 2606; x_wconf 85' lang='lat' dir='ltr'>siglis</span> 
     </span>
     <span class='ocr_line' id='line_1_44' title="bbox 302 2604 1742 2672; baseline 0.001 -27"><span class='ocrx_word' id='word_1_395' title='bbox 302 2607 550 2672; x_wconf 70' lang='lat' dir='ltr'>Graecprum</span> <span class='ocrx_word' id='word_1_396' title='bbox 579 2625 670 2663; x_wconf 82' lang='lat' dir='ltr'>pag.</span> <span class='ocrx_word' id='word_1_397' title='bbox 701 2626 768 2665; x_wconf 84' lang='lat'>29.</span> <span class='ocrx_word' id='word_1_398' title='bbox 826 2610 982 2665; x_wconf 88' lang='lat' dir='ltr'>*[Quid</span> <span class='ocrx_word' id='word_1_399' title='bbox 1020 2612 1070 2650; x_wconf 89' lang='lat' dir='ltr'>sit</span> <span class='ocrx_word' id='word_1_400' title='bbox 1112 2612 1354 2660; x_wconf 74' lang='grc' dir='ltr'><em>στασιδιά,“</em></span> <span class='ocrx_word' id='word_1_401' title='bbox 1375 2606 1485 2662; x_wconf 78' lang='grc' dir='ltr'><em>πύλη</em></span> <span class='ocrx_word' id='word_1_402' title='bbox 1517 2604 1742 2660; x_wconf 75' lang='grc' dir='ltr'><em>βασιλική,</em></span> 
     </span>
     <span class='ocr_line' id='line_1_45' title="bbox 301 2661 1739 2719; baseline 0.001 -20"><span class='ocrx_word' id='word_1_403' title='bbox 301 2675 370 2699; x_wconf 89' lang='lat' dir='ltr'>seu</span> <span class='ocrx_word' id='word_1_404' title='bbox 412 2662 572 2715; x_wconf 80' lang='grc' dir='ltr'><em>ωραιά,</em></span> <span class='ocrx_word' id='word_1_405' title='bbox 621 2661 928 2719; x_wconf 77' lang='grc' dir='ltr'><em>κολύμβητρον,</em></span> <span class='ocrx_word' id='word_1_406' title='bbox 979 2662 1161 2718; x_wconf 69' lang='grc' dir='ltr'><em>νάρθηξ,</em></span> <span class='ocrx_word' id='word_1_407' title='bbox 1205 2664 1408 2716; x_wconf 85' lang='grc' dir='ltr'><em>μεσόναος</em></span> <span class='ocrx_word' id='word_1_408' title='bbox 1441 2672 1480 2704; x_wconf 88' lang='lat' dir='ltr'>et</span> <span class='ocrx_word' id='word_1_409' title='bbox 1518 2664 1560 2702; x_wconf 88' lang='lat' dir='ltr'>in</span> <span class='ocrx_word' id='word_1_410' title='bbox 1600 2662 1739 2717; x_wconf 86' lang='lat' dir='ltr'>primis</span> 
     </span>
     <span class='ocr_line' id='line_1_46' title="bbox 302 2714 1556 2773; baseline 0.002 -19"><span class='ocrx_word' id='word_1_411' title='bbox 302 2714 439 2756; x_wconf 79' lang='grc' dir='ltr'><em>σωλέοι</em></span> <span class='ocrx_word' id='word_1_412' title='bbox 454 2746 465 2767; x_wconf 85' lang='lat'><strong>,</strong></span> <span class='ocrx_word' id='word_1_413' title='bbox 492 2719 608 2757; x_wconf 87' lang='lat' dir='ltr'>docet</span> <span class='ocrx_word' id='word_1_414' title='bbox 626 2720 775 2759; x_wconf 88' lang='lat' dir='ltr'>Thom.</span> <span class='ocrx_word' id='word_1_415' title='bbox 795 2721 941 2760; x_wconf 87' lang='lat' dir='ltr'>Smith.</span> <span class='ocrx_word' id='word_1_416' title='bbox 961 2721 1011 2760; x_wconf 88' lang='lat' dir='ltr'>de</span> <span class='ocrx_word' id='word_1_417' title='bbox 1030 2721 1191 2760; x_wconf 88' lang='lat' dir='ltr'>ecclesia</span> <span class='ocrx_word' id='word_1_418' title='bbox 1211 2723 1361 2760; x_wconf 87' lang='lat' dir='ltr'>Graeca</span> <span class='ocrx_word' id='word_1_419' title='bbox 1379 2736 1419 2773; x_wconf 91' lang='lat' dir='ltr'>p.</span> <span class='ocrx_word' id='word_1_420' title='bbox 1440 2717 1556 2773; x_wconf 70' lang='lat'>47.]*</span> 
     </span>
    </p>

    <p class='ocr_par' dir='ltr' id='par_1_6' title="bbox 413 2772 1740 2830">
     <span class='ocr_line' id='line_1_47' title="bbox 413 2772 1740 2830; baseline 0.001 -20"><span class='ocrx_word' id='word_1_421' title='bbox 413 2772 462 2811; x_wconf 87' lang='lat' dir='ltr'>C.</span> <span class='ocrx_word' id='word_1_422' title='bbox 479 2787 520 2827; x_wconf 87' lang='lat'>9.</span> <span class='ocrx_word' id='word_1_423' title='bbox 543 2773 632 2828; x_wconf 81' lang='lat'>[15‚</span> <span class='ocrx_word' id='word_1_424' title='bbox 657 2774 714 2828; x_wconf 79' lang='lat'>1.]</span> <span class='ocrx_word' id='word_1_425' title='bbox 742 2772 896 2827; x_wconf 75' lang='grc' dir='ltr'><em>γίνεται</em></span> <span class='ocrx_word' id='word_1_426' title='bbox 919 2774 944 2828; x_wconf 80' lang='grc' dir='ltr'><em>ἦ</em></span> <span class='ocrx_word' id='word_1_427' title='bbox 973 2773 1144 2822; x_wconf 77' lang='grc' dir='ltr'>εἴσοδος.</span> <span class='ocrx_word' id='word_1_428' title='bbox 1176 2776 1393 2830; x_wconf 87' lang='lat' dir='ltr'>Postquam</span> <span class='ocrx_word' id='word_1_429' title='bbox 1422 2775 1548 2814; x_wconf 83' lang='lat' dir='ltr'>factae</span> <span class='ocrx_word' id='word_1_430' title='bbox 1571 2773 1740 2812; x_wconf 84' lang='lat' dir='ltr'>fuissent</span> 
     </span>
    </p>
   </div>
  </div>
 </body>
</html>
