1884 3132
334 127 448 202 370
645 143 718 185 10.
758 142 863 186 mc,
903 144 1097 185 amsxn
1131 140 1510 189 nonnam-Anu

337 250 536 288 maiorum
564 247 803 300 dignitatum
842 246 964 286 fuerit
981 278 992 294 ,
1033 261 1137 300 quae
1173 262 1244 301 per
1271 263 1402 290 sacras
1430 247 1615 303 epistolas
1642 249 1766 304 impe-

337 311 560 352 trarentur,
593 303 692 342 illud
720 304 938 353 minorum,
959 317 1061 355 quae
1089 318 1159 356 per
1174 304 1450 356 probatoriam
1475 305 1768 355 obtinerentur,

338 359 564 398 examinent
594 358 677 397 alii.
735 358 836 396 Mihi
875 359 1035 411 quidem
1065 359 1223 397 videtur
1250 359 1327 398 hoc
1353 367 1534 399 nostrum
1561 367 1679 412 caput
1705 359 1766 398 illi

338 414 498 464 favere,
539 415 580 452 in
619 428 699 466 quo
738 413 1060 466 interpretando,
1099 415 1130 452 si
1166 416 1295 466 patIar
1326 416 1383 467 id,
1411 415 1517 468 quod
1555 428 1695 454 vereor
1720 427 1771 453 ne

338 469 440 507 mihi
467 471 699 522 contingat,
739 482 880 507 vereor
925 476 1057 507 autem
1087 483 1136 507 ne
1164 484 1305 521 parum
1345 470 1568 510 satisfecero
1596 469 1773 508 eruditae

340 524 678 577 Iurisprudentiae
721 523 928 571 studiosis,
979 524 1233 562 meminerint
1277 523 1398 564 velim
1435 540 1459 564 a
1496 524 1636 564 studiis
1676 525 1773 562 iuris

338 580 450 624 omni
491 580 574 618 vita
619 593 683 617 me
711 577 885 617 alienum
924 578 1070 624 fuisse,
1117 586 1155 617 et
1182 579 1279 618 haec
1313 594 1425 619 sacra
1465 594 1548 619 non
1575 580 1651 618 nisi
1678 593 1771 617 coa-

339 641 475 685 ctum,
505 634 655 673 ferente
683 634 738 672 sic
766 632 859 672 libri
902 633 1019 672 huius
1047 635 1148 673 serie
1175 642 1214 673 et
1244 642 1512 689 argumento,
1546 637 1738 687 attingere
1759 662 1772 685 ‚

339 703 423 729 non
456 690 539 728 sine
567 696 676 727 metu
705 695 743 726 et
771 690 1109 741 tergiversatione.

451 745 505 783 D.
527 743 601 783 ult.
631 743 749 798 [589‚
781 745 840 797 7.]
872 738 1002 798 αὐτῷ.
1070 744 1166 783 Esse
1193 758 1267 797 pro
1294 740 1399 783 αὐτὸ
1438 760 1484 784 ex
1511 759 1622 784 more
1653 743 1777 783 libra-

341 800 391 840 rii
421 813 441 838 ο
470 807 510 838 et
538 814 571 837 ω
600 799 825 852 promiscue
852 799 1055 848 habendi,
1086 800 1149 838 vix
1178 800 1342 852 dignum
1370 803 1628 840 annotatione
1654 800 1773 838 duco.

342 856 399 896 Et
425 854 594 894 sufficiat
641 853 762 893 semel
803 861 873 892 aut
912 854 1057 906 oppido
1094 868 1184 893 raro
1213 853 1308 893 talia
1347 857 1547 895 monuisse
1562 885 1573 905 ,
1603 868 1776 909 quorum

345 910 570 950 emendatio
598 909 662 949 vel
691 923 738 948 ex
767 909 911 948 Latina
936 909 1258 962 interpretatione
1298 911 1391 949 satis
1417 910 1547 964 colligi
1604 917 1721 949 otest.

429 964 598 1019 227.A.
623 979 657 1003 1.
691 963 894 1018 [589,7.]
934 962 1007 1002 καί
1048 959 1169 1003 τοῦτό
1210 964 1300 1004 ἐστι
1344 962 1370 1016 ἢ
1411 978 1606 1016 στρατεια
1634 961 1780 1004 αὐτοῦ.

347 1021 406 1060 Et
424 1022 519 1059 haec
553 1029 610 1058 est
636 1020 780 1058 militia
810 1022 910 1067 eius,
966 1033 1034 1058 seu
1061 1019 1219 1058 traditio
1246 1020 1381 1073 virgae
1409 1034 1551 1058 aureae
1578 1034 1625 1058 ex
1655 1032 1778 1058 manu

348 1075 605 1128 Imperatoris
631 1076 675 1113 in
700 1089 829 1126 suam,
859 1081 918 1114 est
944 1074 1178 1113 investitura
1206 1075 1314 1124 eius,
1342 1082 1400 1114 est
1426 1074 1670 1128 symbolum,
1699 1087 1780 1127 quo

347 1132 434 1184 ipso
464 1131 689 1170 declaratur
722 1137 761 1168 et
797 1131 1051 1169 constituitur
1092 1129 1235 1182 aliquis
1263 1129 1524 1169 Silentiarius.
1582 1129 1773 1169 Solebant

349 1186 457 1224 olimv
481 1186 693 1239 dignitates
737 1193 807 1224 aut
849 1181 920 1224 διὰ
963 1181 1111 1236 λόγου,
1138 1185 1306 1237 simplici
1343 1185 1466 1223 verbo
1494 1191 1534 1223 et
1565 1186 1673 1224 iussu
1698 1185 1780 1223 Im·-

348 1242 561 1293 peratoris,
591 1247 660 1279 aut
687 1255 758 1294 per
787 1239 1013 1290 codicillos,
1043 1247 1112 1278 aut
1144 1236 1214 1278 διὰ
1235 1237 1455 1292 βραβείων,
1483 1239 1637 1279 traditis
1651 1239 1781 1283 hono-

348 1310 441 1335 rum
476 1297 614 1349 signis,
656 1295 841 1334 conferri.
911 1296 1003 1345 Qua
1039 1295 1088 1332 de
1115 1309 1157 1333 re
1186 1295 1289 1333 infra
1326 1294 1444 1334 latius
1489 1294 1703 1334 disseretur
1729 1295 1782 1333 ad

351 1351 675 1404 Cletorologium.
737 1351 813 1389 Hic
840 1357 998 1389 tantum
1026 1349 1226 1388 annotabo
1246 1379 1258 1400 ,
1287 1348 1396 1388 haud
1426 1363 1516 1388 raro
1543 1350 1654 1403 signa
1682 1349 1778 1400 illa,

351 1406 496 1459 quibus
524 1408 612 1459 quis
650 1407 906 1445 investiretur
946 1412 985 1443 et
1022 1419 1124 1443 novo
1154 1406 1310 1443 muneri
1346 1405 1625 1457 praeficeretur
1643 1434 1656 1456 ‚
1683 1419 1781 1458 pro-

351 1462 439 1514 pria
484 1467 523 1499 et
567 1461 864 1500 accommodata
906 1459 963 1498 illi
1004 1460 1159 1499 muneri
1198 1460 1329 1499 fuisse.
1398 1459 1716 1499 Silentiariorum
1740 1465 1782 1499 et

351 1517 626 1566 ostiariorum,
656 1531 756 1568 quos
780 1530 872 1554 cum
898 1514 1146 1554 Marschallis
1174 1513 1416 1554 nostratibus
1445 1529 1663 1568 compares,
1693 1522 1779 1554 erat

353 1571 395 1609 in
424 1571 625 1610 functione
651 1572 711 1610 sui
740 1571 936 1619 muneris,
965 1570 1125 1623 quando
1166 1570 1461 1609 introducerent
1488 1569 1637 1623 legatos
1663 1569 1782 1609 alios-

352 1640 402 1666 ve
429 1634 498 1665 aut
535 1627 816 1678 praecederent
864 1627 1176 1679 processionem,
1233 1626 1386 1678 virgam
1416 1639 1577 1664 auream
1599 1653 1612 1675 ,
1655 1625 1696 1664 id
1725 1631 1784 1664 est

354 1695 474 1720 aurea
512 1679 673 1720 bractea
700 1681 920 1731 inductam,
955 1688 1120 1734 gestare.
1148 1681 1328 1719 Traditio
1367 1693 1460 1733 ergo
1486 1679 1575 1719 talis
1610 1682 1748 1732 virgae
1766 1709 1779 1730 ‚

356 1750 478 1788 quam
506 1736 691 1788 deinceps
719 1739 760 1774 in
797 1737 999 1775 functione
1024 1736 1084 1774 sui
1116 1737 1289 1775 muneris
1317 1742 1520 1788 gererent,
1553 1740 1639 1774 erat
1676 1734 1783 1787 opti-

353 1805 465 1828 mum
495 1798 535 1828 et
568 1792 736 1830 maxime
757 1791 1099 1830 accommodatum
1130 1792 1286 1844 signum
1313 1791 1583 1838 investiturae.
1649 1790 1711 1828 lta
1738 1790 1782 1828 in

355 1844 614 1885 ecclesiastico
652 1847 791 1885 ordine
833 1846 1131 1900 hypodiaconus
1182 1845 1394 1884 traditione
1429 1843 1503 1882 τοῦ
1547 1844 1784 1898 χερνιβοξέ-

356 1913 456 1938 στου
489 1915 558 1939 seu
606 1901 785 1940 malluvii
828 1901 1138 1950 investiebatur‚
1187 1914 1256 1939 seu
1300 1899 1559 1938 ordinabatur
1583 1929 1595 1950 ‚
1624 1906 1664 1938 et
1691 1899 1782 1938 dia-

356 1968 480 1994 conus
520 1956 732 1995 traditione
770 1957 844 1995 τοῦ
888 1954 1097 2008 ῥιπιδιόυ,
1145 1969 1214 1993 seu
1244 1953 1416 2002 flabelli,
1459 1954 1648 2007 quoniam
1677 1953 1784 1992 illius

359 2017 444 2048 erat
471 2025 616 2062 aquam
645 2011 837 2049 sacerdoti
877 2010 1026 2048 lavanti
1047 2009 1258 2052 ⁴affunu'ere
1301 2017 1340 2048 et
1387 2009 1535 2062 pelvim
1563 2010 1783 2059 sustinere,

357 2063 477 2112 huius
505 2079 658 2104 muscas
687 2064 844 2104 flabello
872 2079 895 2103 a
923 2065 1067 2103 sanctis
1093 2064 1207 2103 donis
1226 2063 1399 2117 abigere.
1455 2065 1548 2103 Pari
1575 2064 1695 2103 modo
1721 2064 1785 2102 vi-

358 2116 504 2158 dentur
532 2121 727 2172 principes
755 2119 966 2158 orientales
995 2120 1227 2158 investiisse.
1284 2120 1346 2157 De
1375 2118 1602 2157 Alaoddino
1631 2117 1782 2156 Chore-

360 2173 612 2224 zimschaho,
661 2175 932 2227 potentissimo
980 2181 1065 2212 tum
1109 2182 1147 2212 et
1192 2175 1576 2226 magnificentissimo
1617 2173 1779 2211 orientis

359 2230 563 2281 principe,
612 2237 748 2268 narrat
790 2228 990 2268 Abulseda
1034 2228 1083 2267 ad
1121 2229 1174 2267 A.
1214 2229 1264 2267 F.
1295 2229 1390 2268 628.
1419 2243 1487 2267 seu
1516 2229 1613 2266 Chr.
1651 2227 1783 2275 1251„

359 2298 439 2335 quo
468 2285 542 2322 ista
571 2283 751 2336 dynastia
779 2299 802 2322 a
823 2283 1101 2322 Genkischano
1129 2298 1264 2322 eversa
1291 2284 1418 2331 desiit,
1451 2285 1535 2322 eius
1561 2281 1783 2320 aulicorum

361 2352 558 2391 quemque
584 2340 625 2377 in
655 2338 805 2378 vexillis
833 2341 913 2377 suis
941 2346 1077 2379 notam
1109 2353 1181 2377 suo
1208 2340 1362 2378 muneri
1390 2339 1688 2378 convenientem
1716 2350 1786 2388 ge-

360 2400 495 2431 stasse.
553 2393 605 2431 In
642 2395 804 2433 vexillis
842 2396 918 2432 suis
946 2408 1078 2432 eorum
1113 2396 1270 2449 quisque
1299 2394 1491 2446 gestabat,
1536 2392 1591 2429 ait
1608 2420 1619 2440 ‚
1651 2400 1782 2428 notam

361 2449 513 2499 nigram
537 2478 547 2495 ‚
579 2463 601 2486 e
616 2464 693 2503 qua
731 2449 1027 2501 dzignosceretnr.
1085 2447 1152 2487 Sic
1183 2450 1331 2500 signum
1369 2446 1602 2486 Dawadari
1613 2475 1623 2491 ‚
1656 2444 1789 2498 [atra-

360 2503 556 2541 mentario
600 2503 664 2542 vel
710 2504 894 2542 Canicleo
925 2503 1134 2556 praefecti,
1175 2502 1395 2542 cancellarii
1415 2500 1444 2553 ,]
1474 2509 1558 2538 erat
1587 2509 1782 2538 atramen—

361 2557 517 2594 tarium.
571 2558 733 2609 Sigmmz
753 2557 937 2597 Selictari
949 2589 958 2606 ,
999 2558 1083 2612 [seu
1109 2559 1193 2597 eius
1223 2558 1290 2610 qui
1320 2569 1430 2595 arma
1454 2555 1638 2607 principis
1666 2555 1782 2607 gerit,

363 2610 566 2658 scutiferi,
606 2613 682 2651 τοῦ
718 2610 1043 2663 ὑπερασπιστοῦ,
1101 2610 1345 2665 protectoris]
1389 2619 1473 2648 erat
1498 2624 1609 2648 arcus
1651 2609 1715 2663 [ut
1742 2610 1784 2647 in

363 2662 453 2702 aula
478 2666 663 2718 principis
691 2667 862 2719 Scythici
891 2682 961 2720 par
984 2666 1103 2720 erat].
1162 2666 1412 2705 Tescheedari
1434 2664 1522 2718 [seu
1552 2662 1782 2716 pincernae]

361 2727 447 2757 erat
464 2719 631 2760 Mckinelz
660 2721 839 2776 [videtur
866 2722 1002 2776 lagena
1027 2728 1212 2775 argentea
1239 2734 1336 2773 esse,
1363 2726 1432 2759 aut
1461 2718 1667 2773 poculum3
1705 2732 1786 2758 non
