1884 3132
190 153 266 196 An
307 152 608 203 consi-m.
642 152 839 196 ponpa.
881 153 954 194 DE
991 151 1177 194 cmm.
1216 152 1317 193 nn.
1344 152 1377 192 ι.
1427 130 1540 206 379

118 253 306 295 dicuntur
318 262 556 309 praesentes,
583 253 865 308 praesentales,
880 255 921 292 in
946 254 1141 307 praesenti
1156 267 1252 292 esse.
1263 252 1359 292 Vid.
1376 250 1546 291 Guther.

117 324 164 364 p.
174 309 271 364 539.
285 310 420 350 Vales.
436 311 487 350 ad
505 310 643 349 Amm.
665 311 790 350 Marc.
801 323 844 363 p.
858 309 897 348 8.
913 315 953 348 et
970 309 1038 348 52.
1054 310 1123 347 Βιι
1140 308 1272 362 Gange
1285 322 1323 351 v.
1338 308 1546 347 Praesens.

227 365 334 406 C.6.
366 365 478 420 [39²²
495 363 555 418 8.]
583 361 684 412 τούς
716 360 773 415 μ’.
845 365 1019 415 Quinam
1057 363 1102 402 hi
1143 364 1406 418 quadraginta
1434 363 1513 401 sint
1532 390 1545 413 ‚

118 417 204 472 atii,
229 421 299 473 qui
313 421 439 460 scient
462 434 526 459 me
553 419 709 472 melius,
731 419 918 458 dixerint.

229 475 277 514 C.
299 474 342 514 8.
372 474 489 530 [392,
515 474 599 528 10.]
627 476 814 526 πληροῖν.
881 473 992 512 Sitne
1037 473 1104 512 hic
1139 485 1252 512 error
1282 471 1454 523 calami,
1496 484 1550 512 an

119 541 250 568 novae
276 529 465 568 Graeciae
490 543 575 568 mos
601 529 723 568 verba
763 529 807 566 in
833 541 890 566 οω
917 528 1135 567 desinentia
1159 530 1200 566 in
1227 527 1423 565 infinitivo
1451 541 1550 566 con-

121 583 306 623 trahendi
331 585 375 623 in
401 587 487 633 οἷν,
521 583 594 623 ubi
633 583 700 622 alii
729 583 770 621 in
802 583 878 622 οὖν
904 583 1058 632 solent,
1088 597 1167 622 non
1194 583 1302 624 novi.
1329 582 1431 620 Mihi
1460 584 1551 635 qui-

121 637 215 677 dem
240 638 462 691 exemplum
498 638 588 678 talis
631 639 913 676 contractionis
951 637 1060 677 aliud
1088 652 1168 677 non
1209 637 1396 676 occurrit.
1451 637 1549 677 Sae-

119 692 279 745 pissime
303 707 464 746 quoque
493 692 676 732 librarius
703 700 839 732 noster
852 691 996 738 αιῖτοῖς
1021 708 1102 733 e.c.
1133 692 1242 736 dedit
1270 706 1343 744 pro
1372 689 1541 739 αὐτοὺς,

119 753 162 786 et
185 747 266 787 alia
291 747 333 787 id
359 762 483 803 genus
511 749 688 802 peccavit
707 761 746 786 οι
772 761 848 800 pro
874 760 924 786 ου
952 749 1163 787 exarando.
1228 747 1287 786 Ut
1316 745 1550 786 facillimum

121 809 249 854 esset,
292 810 364 843 aut
399 817 526 856 paene
562 803 826 842 necessarium
864 802 1091 854 videretur,
1132 802 1318 854 πληροῦν
1345 815 1551 854 reponere.

122 855 268 897 Tutius
293 865 426 896 tamen
473 859 692 897 existimavi
717 857 910 907 reddere,
940 858 1049 911 quod
1073 860 1115 897 in
1144 857 1384 896 membranis
1413 858 1513 896 iacet
1535 887 1549 907 ,

120 909 224 951 bene
246 927 392 966 gnarus
419 920 570 953 veteres
585 914 712 952 Doroe
730 920 770 952 et
796 912 941 952 Aeoles
967 927 1040 966 pro
1067 926 1118 952 ου
1146 927 1262 966 saepe
1288 924 1327 950 οι
1354 911 1550 962 extulisse,

120 980 293 1020 quorum
320 967 475 1007 dialecti
520 967 707 1020 reliquias
735 982 819 1007 esse
841 982 924 1007 non
951 982 1067 1021 posse
1092 969 1263 1019 πληροῦν
1289 969 1377 1020 quis
1403 967 1550 1006 audeat

119 1022 385 1062 contendere?
450 1023 617 1063 Pindari
643 1037 734 1062 cum
765 1030 824 1062 est
850 1020 962 1062 δίδοι
988 1038 1062 1077 pro
1090 1022 1213 1062 δίδου
1232 1052 1245 1073 ,
1274 1022 1414 1075 quidni
1442 1024 1550 1075 pari-

121 1082 184 1115 ter
208 1075 339 1116 διδοΐν
357 1091 432 1132 pro
463 1077 607 1117 διδοῦν
627 1078 827 1118 dixerint?
884 1078 1037 1129 Quidni
1062 1078 1113 1117 ad
1141 1077 1248 1117 hunc
1274 1091 1435 1130 quoque
1461 1091 1550 1116 mo—

121 1130 220 1170 dum
256 1131 428 1172 voluerit
463 1132 647 1172 librarius
673 1148 713 1186 p.
743 1134 840 1173 231.
880 1134 1137 1187 inscriptione
1155 1147 1245 1186 cap.
1276 1133 1545 1171 LXXXVIII.

121 1198 240 1226 versu
261 1189 380 1226 tertio
406 1188 594 1238 βεβαιοῖν
620 1189 715 1227 dare
738 1189 793 1238 (id
817 1195 877 1228 est
900 1189 1129 1239 βεβαιοῦν),
1158 1189 1390 1241 pracsertim
1421 1201 1549 1240 quum

121 1243 371 1281 consueverit
395 1256 418 1282 ν
437 1242 555 1282 finale
579 1246 776 1293 omittere,
808 1251 879 1282 aut
897 1244 1010 1297 signo
1038 1243 1146 1283 hoc*
1160 1273 1172 1293 ,
1197 1243 1305 1296 quod
1331 1243 1449 1295 longo
1471 1243 1550 1281 cir-

118 1295 312 1335 cumflexo
328 1311 452 1349 paene
471 1297 598 1337 simile
626 1306 700 1350 est,
722 1303 1046 1351 repraesentare?
1100 1299 1202 1338 Sunt
1224 1298 1324 1337 aliae
1344 1297 1480 1351 plures
1507 1299 1551 1336 in

121 1349 268 1390 Nostro
291 1351 482 1404 reliquiae
516 1352 805 1403 dialectorum,
838 1361 884 1392 ut
915 1368 951 1393 e.
984 1369 1021 1394 c.
1054 1354 1209 1392 εἰθῶτα
1250 1367 1324 1406 pro
1354 1349 1549 1391 εἰωθότα.

122 1403 251 1458 Atqui
276 1405 399 1445 Siculi
427 1401 523 1445 εἷθα
542 1421 614 1458 pro
635 1405 767 1446 εἴωθα
788 1408 987 1448 dicebant.
1044 1409 1255 1446 Caeterum
1284 1409 1323 1446 iu
1352 1405 1551 1457 πληροῦν,

109 1458 259 1513 finire,
280 1460 586 1513 subintelligitur
606 1463 931 1515 primiceriatum.
987 1463 1108 1502 Unde
1135 1463 1385 1514 intelligitur,
1411 1461 1552 1512 primi-

119 1515 248 1555 cerins
269 1528 350 1553 nou
367 1515 515 1554 diutius
543 1530 648 1554 anno
674 1516 880 1565 militasse,
901 1532 985 1571 quo
1015 1518 1126 1556 finito
1148 1531 1215 1556 eos
1239 1516 1424 1555 Calendis
1434 1515 1552 1554 Maiis

121 1568 164 1606 in
183 1568 364 1609 altiorem
390 1571 572 1623 gradum,
604 1571 704 1610 forte
727 1571 1025 1623 spathariorum
1069 1578 1139 1610 aut
1176 1569 1554 1625 spatharocandida-

118 1629 255 1664 torum
281 1625 513 1665 ascendisse.
540 1625 742 1678 Πληροῦν
767 1622 848 1665 ἀπὸ
876 1624 1185 1677 σιλεντιαρίων,
1229 1626 1416 1664 excedere
1439 1639 1461 1663 e
1495 1626 1555 1663 si-

120 1679 314 1718 lena'amk
338 1687 397 1719 est
415 1681 455 1720 in
469 1680 655 1723 Chronic.
675 1679 890 1720 Alexandr.
911 1681 1012 1721 Vid.
1041 1682 1108 1719 Du
1127 1681 1259 1734 Cange
1271 1695 1311 1719 v.
1339 1679 1552 1734 Complere.

225 1734 282 1773 D.
301 1733 342 1774 8.
375 1734 491 1789 [392‚
514 1733 602 1788 20.]
646 1734 829 1788 φερίαις.
895 1736 990 1775 Non
1026 1742 1132 1775 recte
1157 1735 1394 1774 scholiastes
1421 1733 1554 1774 reddit

119 1785 286 1836 αἰσίοις.
338 1789 440 1829 Sunt
481 1791 642 1843 quidem
679 1804 817 1829 omnes
853 1787 988 1830 αἴσιοι
1029 1791 1139 1840 dies,
1177 1790 1219 1829 id
1250 1797 1308 1829 est
1344 1789 1550 1840 solennes,

119 1842 276 1894 festivi,
315 1843 435 1884 feriae
461 1860 529 1884 seu
556 1845 654 1885 tales
681 1845 791 1895 dies,
829 1846 980 1899 quibus
1009 1860 1032 1884 a
1064 1845 1229 1884 silentiis
1263 1858 1332 1883 seu
1356 1843 1554 1887 delibera-

120 1897 296 1936 tionibus
325 1899 464 1939 aulicis
497 1908 536 1939 et
575 1900 887 1953 expeditionibus
914 1900 1171 1953 negotiorum
1222 1899 1418 1938 consuetis
1460 1905 1500 1937 et
1527 1913 1553 1938 a

120 1952 209 1990 iure
236 1952 403 1992 dicendo
439 1954 584 1994 scrinia
613 1969 683 1994 seu
723 1955 886 2008 collegia
915 1954 1095 2010 palatina
1125 1963 1164 1994 et
1184 1955 1335 1994 urbana
1361 1954 1553 1992 feriaren-

118 2012 212 2045 tur:
240 2013 282 2045 at
315 2021 398 2047 non
419 2011 592 2049 vicissim
622 2011 742 2050 feriae
780 2025 916 2050 omnes
952 2017 1050 2048 sunt
1079 2006 1224 2050 αἴσιοι.
1278 2009 1370 2048 Dixi
1394 2008 1445 2047 de
1474 2008 1553 2048 hac

120 2073 219 2099 voce
241 2060 353 2101 alibi.

202 2129 296 2169 229.
320 2116 373 2154 A.
394 2130 433 2155 2.
465 2117 560 2171 [393
578 2148 590 2169 ‚
610 2117 668 2172 4.]
699 2114 744 2158 ἒν
783 2122 870 2166 τοῖς
909 2112 1004 2159 ἅνω
1045 2117 1206 2171 μέρεσι.
1264 2119 1350 2158 Non
1380 2116 1552 2157 multum

120 2168 298 2217 aberam,
325 2172 422 2223 quin
445 2171 575 2211 saltim
594 2176 636 2212 in
664 2175 804 2213 Latina
835 2175 1167 2228 interpretatione
1193 2187 1267 2227 pro
1295 2173 1553 2227 superioribus

119 2224 396 2264 substituerem
413 2227 672 2277 irgfenbribtoe.
728 2229 930 2280 Profecto,
963 2228 1076 2282 quod
1106 2230 1149 2266 in
1172 2230 1350 2282 partibus
1380 2229 1554 2281 superio-

119 2279 224 2318 n‘bus
245 2295 312 2320 seu
339 2282 634 2320 occidentalibm
658 2283 858 2331 dederim,
892 2298 974 2322 non
998 2298 1046 2322 eo
1078 2283 1250 2330 sactum,
1281 2283 1386 2336 quod
1410 2282 1550 2320 scirem

119 2341 252 2386 partes
277 2335 538 2374 occidentales
561 2337 721 2376 Graecis
750 2338 869 2377 fuisse
904 2340 1131 2391 superiores
1168 2338 1292 2376 dictas
1309 2367 1320 2384 ,
1352 2337 1421 2375 sed
1442 2336 1551 2389 quod

122 2380 210 2427 ἅνω
230 2389 347 2428 claris
375 2389 516 2428 litteris
543 2394 731 2443 scriptum
771 2406 905 2431 coram
943 2393 1119 2431 viderem
1138 2422 1148 2440 ‚
1192 2399 1231 2431 et
1256 2399 1388 2444 partes
1417 2398 1551 2430 tamen

122 2455 203 2480 non
234 2443 576 2497 septentrionales,
606 2445 676 2484 sed
696 2447 956 2486 occidentales
978 2448 1176 2500 designari
1207 2448 1293 2498 ipsa
1316 2460 1379 2484 res
1412 2445 1553 2498 loque—

122 2503 248 2537 retur.
303 2497 442 2538 Solent
470 2500 575 2538 enim
599 2500 696 2538 alias
723 2501 864 2540 Graeci
889 2509 1020 2554 partes
1057 2502 1109 2540 ad
1142 2503 1188 2540 in
1217 2502 1379 2539 boream
1398 2500 1472 2539 sibi
1494 2501 1550 2539 si-

122 2556 182 2588 tas
199 2547 252 2590 τὰ
279 2545 365 2591 ἅνω
382 2582 395 2603 ,
431 2561 562 2606 partes
602 2562 735 2593 autem
760 2555 812 2594 ad
837 2563 1015 2594 austrum
1031 2586 1043 2606 ,
1073 2564 1113 2595 et
1139 2559 1184 2595 in
1217 2557 1300 2594 eius
1332 2557 1373 2594 in
1395 2562 1549 2593 utram-

122 2617 200 2666 que
221 2605 377 2668 plagam
403 2609 548 2647 vicinia
578 2609 672 2648 sitas
696 2624 834 2650 versus
869 2611 1114 2649 occidentem
1140 2619 1183 2651 et
1212 2611 1405 2648 orientem
1426 2616 1550 2648 terras

122 2670 175 2695 τα
203 2672 311 2699 natm
335 2658 442 2715 μέρη
471 2663 681 2716 appellare.
735 2665 801 2703 Sic
821 2665 1004 2714 Graecia,
1034 2666 1335 2720 Peloponnesus
1345 2695 1358 2714 ‚
1401 2663 1549 2713 Sicilia,

124 2710 307 2761 Calabria
324 2743 338 2767 ,
383 2724 424 2755 et
441 2716 559 2758 ›illinc
600 2718 822 2760 Palaestina
854 2720 1080 2774 Byzantinis
1117 2719 1171 2761 τὰ
1207 2715 1413 2762 ammenti
1441 2717 1548 2771 μέρη
