1826 3126
814 35 853 80 0

272 134 348 189 66
539 150 613 192 io.
659 149 764 191 me.
805 142 1002 190 Rsslsxu
1045 146 1426 192 COMMENTARn

275 270 387 296 suam
415 254 661 293 oblationem
689 253 886 292 sustinere
914 259 953 292 et
981 252 1186 292 exhibere.
1244 252 1435 295 Solebant
1460 253 1604 292 Graeci
1629 266 1723 307 quc>

274 326 354 364 que
392 310 524 348 medio
564 322 665 347 aevo
699 322 893 347 concussa
931 315 1042 347 veste
1070 322 1154 348 sese
1182 308 1234 347 ad
1267 307 1447 348 duellum
1470 322 1692 363 provocare
1709 337 1724 358 ‚

274 374 321 405 ut
349 366 483 404 Latini
512 378 653 402 eorum
679 371 910 416 temporum
939 365 1117 416 proiecta
1145 363 1402 414 chirotheca3
1429 370 1476 403 ut
1502 370 1658 404 constat
1677 377 1724 403 ex

276 421 483 473 Anonymi
511 419 562 458 de
590 419 810 458 Amoribus
838 419 1015 472 Lybistri
1043 426 1083 457 et
1109 419 1339 458 Rhodames
1366 418 1475 472 apud
1501 419 1570 457 Du
1589 419 1725 472 Cange

276 491 320 515 v.
345 470 532 514 Ῥένται.
569 474 668 528 [Est
699 482 832 513 autem
861 473 986 527 ῥέπα
1017 487 1138 513 arena
1164 473 1335 524 bellica,
1366 473 1438 514 vel-
1460 473 1723 528 gladiatoria,

275 531 387 570 locus
416 530 623 569 condictus
637 559 648 580 ,
678 544 759 583 quo
785 528 1008 568 duellantes
1037 543 1083 568 ex
1110 530 1295 569 condicto
1324 531 1570 569 conveniunt
1598 529 1648 568 ad
1670 528 1725 568 di-

275 586 502 625 rimendam
530 587 657 623 rixam
685 599 799 624 suam
813 613 825 636 ‚
854 585 892 623 le
918 584 1061 623 rendez
1087 600 1183 624 vous
1199 614 1212 635 ‚
1241 585 1350 624 unde
1377 583 1589 640 manavit]

387 639 538 681 Μέσον
564 640 636 692 τῆς
669 637 818 693 ῥέντας
846 638 1050 691 ἵσταμαι,
1082 638 1192 693 ζητῶ
1220 639 1289 680 ἵνα
1316 636 1386 680 τὸν
1414 635 1561 691 δώσω,

387 692 483 735 Καὶ
510 691 558 734 τὸ
589 693 721 748 φαρίν
747 708 831 746 μου
861 692 1056 747 ἐκίνησα,
1087 695 1255 747 κατέβιν
1281 694 1342 742 εἰς
1367 694 1551 747 ἐκεῖνον,

387 749 558 796 Ἐκεῖνος
586 748 713 790 πάλιν
740 750 827 801 μετ’
857 749 975 800 ἐμοῦ.
1031 750 1190 802 γίνεται
1215 745 1367 798 κτύπος
1392 748 1536 802 μέγας.

278 808 414 847 Dictio
441 805 508 845 ἵνα
537 800 609 844 τὸν
639 801 762 845 δώσω
791 806 986 859 significat
1012 806 1055 844 in
1074 806 1403 845 Graeeobarbaro
1423 819 1608 845 sermone
1621 805 1729 844 idem

279 870 401 916 atque
429 858 496 900 ἵνα
520 855 651 899 αὐτὸν
677 859 862 909 πατάξω.
917 861 980 900 De
1010 875 1193 900 sermone
1220 875 1294 914 per
1321 862 1459 916 signa,
1498 861 1569 915 qui
1596 860 1730 900 medio

281 932 382 958 aevo
409 918 451 955 in
479 917 729 955 monasteriis
757 916 941 968 vigebat,
991 916 1181 955 damnato
1222 917 1382 971 linguae
1418 929 1494 956 usu
1511 946 1524 967 ,
1569 915 1729 970 longam

280 974 562 1012 tractationem
589 972 756 1010 intexuit
783 972 851 1010 Du
880 971 1015 1026 Cange
1044 971 1112 1012 Gl.
1143 973 1234 1011 Lat.
1262 987 1303 1013 v.
1334 971 1502 1026 Signum
1528 985 1574 1011 ex
1604 962 1730 1012 Ordi-

281 1028 363 1068 nali
393 1028 434 1066 S.
467 1028 637 1066 Victorii
663 1027 854 1065 Parisini.

393 1082 434 1122 6.
458 1082 506 1120 C.
533 1095 592 1120 ιο.
625 1081 715 1136 [1o,
737 1081 800 1135 2.]
841 1076 1050 1139 ὄστιαρίῳ.
1106 1083 1306 1122 Ostiarius
1345 1090 1406 1124 est
1431 1081 1602 1137 duplicis
1622 1096 1734 1136 gene·

284 1141 367 1189 ris,
407 1137 606 1191 palatinus
644 1145 684 1176 et
711 1136 1011 1177 ecclesiasticus.
1069 1138 1134 1177 De
1162 1141 1297 1191 priore
1324 1138 1390 1178 hic
1429 1152 1575 1178 sermo.
1632 1138 1734 1177 Erat

285 1195 355 1247 qui
383 1195 426 1231 in
453 1192 554 1232 velis
582 1192 736 1243 stabat,
756 1189 758 1192 ’
779 1199 818 1230 et
846 1200 1009 1232 vocatos
1037 1194 1317 1233 introducebat
1350 1194 1399 1232 ad
1429 1194 1730 1248 Imperatorem.

285 1249 383 1288 Vid.
415 1249 482 1286 Du
496 1248 631 1301 Gange
660 1247 791 1287 Gloss.
823 1255 1011 1302 utroque.
1051 1248 1389 1304 *[Adextratores
1418 1256 1458 1288 et
1483 1250 1636 1289 ostiarii
1663 1249 1736 1302 qui

287 1304 437 1343 fuerint
455 1333 468 1353 ‚
507 1304 590 1342 vid.
623 1303 711 1341 ord.
744 1304 862 1341 Rom.
898 1319 939 1357 p.
978 1303 1087 1358 169„
1117 1304 1168 1343 de
1195 1304 1368 1344 formula
1386 1334 1398 1354 ‚
1428 1319 1522 1344 cum
1549 1305 1736 1350 ostiarius

289 1359 477 1398 ecclesiae
505 1357 681 1412 eligitur,
698 1358 883 1397 Durand.
910 1359 1109 1399 Rational.
1142 1375 1183 1413 p.
1210 1358 1328 1413 54.]*
1357 1361 1526 1413 Virgam
1554 1373 1735 1408 auream,

290 1415 457 1453 Ostiarii
490 1413 743 1468 symbolum,
773 1422 971 1454 memorat
999 1415 1183 1454 Asterius
1201 1445 1212 1465 ,
1239 1416 1361 1454 Orat.
1392 1417 1435 1454 in
1457 1415 1736 1454 Oeconomum

288 1470 510 1523 iniquitatis
527 1499 539 1519 ‚
586 1469 695 1522 apud
720 1469 788 1508 Du
816 1469 952 1524 Gange
979 1469 1110 1509 Gloss.
1145 1471 1237 1510 Lat.
1263 1484 1306 1510 v.
1349 1470 1478 1520 Cura,
1523 1469 1738 1521 καλαμίδα

290 1523 456 1578 χρυσῆν
484 1524 705 1577 appellans.
763 1525 912 1578 Virgae
938 1525 1030 1564 talis
1058 1539 1202 1564 aureae
1230 1527 1445 1580 imaginem
1471 1526 1610 1564 videre
1645 1524 1740 1564 licet

291 1579 399 1632 apud
427 1579 605 1618 Bandur.
640 1581 692 1618 Τ.
723 1579 780 1618 II.
810 1595 852 1633 p.
873 1580 971 1620 653.
1014 1582 1056 1619 in
1084 1581 1154 1620 illa
1184 1581 1352 1632 tabula,
1392 1588 1496 1634 quae
1523 1581 1566 1620 S.
1599 1580 1740 1619 Crucis

292 1636 567 1674 inventionem
604 1636 706 1674 sistit
743 1634 885 1674 oculis.
943 1636 1119 1676 Adstant
1154 1636 1209 1675 ibi
1250 1638 1495 1690 imperatrici
1522 1637 1565 1675 in
1590 1634 1739 1675 throno

293 1690 448 1729 sedenti
477 1690 558 1729 duo
586 1705 657 1730 seu
678 1690 896 1730 Silentiarii
911 1720 923 1741 ,
953 1706 1023 1731 seu
1051 1692 1246 1742 ostiarii,
1287 1693 1456 1731 tunicati
1484 1698 1524 1730 et
1550 1691 1740 1730 humera-

294 1744 400 1784 libus
428 1746 587 1797 induti,
615 1753 794 1785 tenentes
823 1749 866 1785 in
895 1747 1032 1786 dextra
1052 1749 1222 1800 quisque
1239 1749 1394 1801 virgam
1414 1760 1578 1786 auream
1594 1775 1609 1798 ,
1636 1759 1742 1799 gem-

294 1801 371 1839 mis
400 1809 604 1852 ornatam,
635 1809 675 1841 et
701 1803 860 1855 gemino
888 1802 954 1841 filo
969 1804 1306 1856 -margaritarum.
1694 1824 1701 1828 ⁷

407 1856 454 1894 C.
481 1857 542 1895 13.
568 1855 659 1911 [ιο,
680 1856 746 1910 [b]
790 1855 1062 1911 μαγίστρους.
1117 1859 1310 1897 Recensio
1342 1855 1526 1910 aliqualis
1553 1856 1653 1894 haec
1680 1862 1741 1894 est

296 1910 568 1964 palatinorum
596 1911 820 1951 officiorum
835 1943 846 1963 ‚
873 1927 995 1966 quam
1022 1920 1157 1952 tamen
1188 1912 1275 1952 aliis
1303 1912 1400 1951 locis
1427 1911 1651 1965 pleniorem
1669 1909 1745 1949 da-

296 1967 372 2006 bit.
430 1966 544 2022 *[De
572 1968 855 2021 magistrorum
893 1968 1085 2021 dignitate
1124 1970 1168 2006 in
1195 1967 1288 2006 aula
1314 1968 1534 2021 Byzantina
1559 1965 1644 2006 vid.
1674 1965 1743 2004 Du

300 2022 436 2075 Gange
466 2022 518 2061 ad
548 2022 730 2062 Alexiad.
762 2037 804 2075 p.
840 2021 994 2077 245.]*
1050 2024 1176 2076 Saepe
1211 2029 1425 2062 occurrent
1463 2024 1505 2061 in
1533 2022 1610 2060 hoc
1637 2021 1744 2060 libro

301 2072 339 2114 οἱ
366 2071 587 2130 μάγιστροι
615 2085 655 2117 et
682 2076 704 2116 ὅ
730 2076 966 2130 μάγιστρος.
1021 2078 1062 2117 Si
1090 2081 1133 2117 iu
1161 2077 1352 2132 singulari
1381 2085 1421 2117 et
1444 2076 1625 2117 absolute
1653 2077 1744 2115 Ma-

301 2132 422 2184 gister
453 2133 695 2186 appellatur,
728 2133 964 2186 intelligitur
992 2131 1014 2171 ὅ
1034 2133 1116 2173 τῶν
1144 2133 1376 2185 βασιλικῶν
1407 2129 1649 2188 ὄφφικίων,
1676 2145 1744 2170 sa-

300 2200 456 2225 crorum
482 2186 697 2240 officiorum
712 2217 724 2238 ‚
753 2190 850 2227 item
876 2188 953 2227 τοῦ
981 2187 1184 2227 παλατιόυ
1209 2196 1249 2228 et
1267 2187 1349 2228 τῶν
1376 2185 1563 2242 &sanim
1588 2184 1747 2234 τάξεων

301 2244 429 2293 (quae
451 2247 587 2282 omnia
615 2243 757 2283 eodem
785 2243 1005 2294 redeunt‚)
1035 2244 1240 2297 Magister.
1299 2242 1526 2297 Aliquoties
1553 2243 1674 2281 etiam
1706 2237 1748 2280 οἱ
1799 2244 1803 2248 ’

303 2294 380 2334 δύο
407 2292 634 2351 μάγιστροι
662 2306 904 2349 occurrunt,
933 2306 979 2337 ut
1008 2313 1096 2352 cap.
1121 2306 1189 2353 47.
1220 2300 1270 2338 L.
1301 2298 1354 2337 Π.
1384 2301 1427 2337 in
1450 2296 1628 2342 ‚formula
1653 2294 1748 2335 allo-

302 2353 474 2391 cutionis
502 2353 723 2407 legatorum
749 2354 1014 2407 Bulgarorum
1032 2383 1045 2403 ,
1074 2356 1170 2393 item
1199 2356 1241 2393 in
1266 2353 1535 2407 Cletorologio
1555 2353 1750 2391 excitatur

304 2399 325 2441 ὅ
355 2401 609 2460 Μάγιστρος
624 2439 636 2460 ,
666 2417 705 2448 et
723 2410 871 2449 iterum
902 2407 926 2447 ὁ
956 2406 1216 2462 ΖΠάγιστρος.
1261 2410 1392 2449 Erant
1418 2410 1552 2459 enim,
1581 2414 1627 2446 ut
1641 2407 1748 2460 equi-

304 2458 397 2497 dem
426 2463 605 2503 existimo
618 2494 630 2516 ‚
671 2472 731 2504 tot
756 2466 966 2519 magistri,
1000 2471 1098 2517 quot
1126 2473 1239 2504 erant
1267 2465 1560 2518 Imperatorese,
1605 2463 1640 2501 si
1667 2461 1750 2500 duo

305 2514 571 2567 Imperatores
601 2527 756 2570 essent,
797 2527 910 2559 erant
935 2520 1103 2559 totidem
1132 2521 1332 2574 Magistri.
1397 2520 1448 2559 E.
1480 2533 1516 2558 c.
1550 2517 1750 2557 Constan-

302 2570 413 2608 tinus
439 2579 576 2611 noster
602 2589 676 2626 pro
706 2589 748 2614 se
786 2575 960 2615 habebat
986 2576 1225 2629 Magistrum
1251 2590 1378 2614 unum
1396 2605 1408 2628 ,
1455 2582 1495 2614 et
1531 2572 1636 2612 filius
1664 2573 1751 2611 eius

301 2623 508 2687 R'omanus
554 2627 736 2669 alterum.
798 2631 861 2670 Ita
894 2645 1053 2684 quoque
1094 2632 1178 2670 Leo
1215 2633 1374 2684 sapiens
1415 2637 1456 2670 et
1495 2627 1751 2677 Alexander,

305 2692 390 2718 eius
428 2681 564 2720 frater.
622 2684 701 2723 Sed
737 2700 848 2726 mera
884 2686 982 2725 haec
1020 2693 1078 2725 est
1104 2688 1332 2725 coniectura
1349 2715 1361 2736 ‚
1402 2686 1465 2724 cui
1487 2683 1754 2724 -vehementer

303 2734 508 2775 adversari
546 2737 707 2778 videtur
741 2740 852 2782 locus
888 2741 1127 2796 Luitprandi
1167 2743 1304 2795 Legat.
1337 2756 1377 2795 p.
1404 2739 1498 2793 481.
1530 2739 1572 2778 b.
1605 2739 1719 2778 initio
1738 2766 1750 2790 ‚
