1884 3132
229 166 303 210 An
343 163 640 210 consum.
681 161 878 204 ponpa.
918 160 989 200 na
1027 157 1207 201 cmm.
1243 157 1340 198 un.
1380 157 1413 196 1.
1468 135 1584 210 409

149 271 207 311 de'
227 270 514 312 sacerdotibus.
571 267 767 307 Maximus
794 265 837 303 in
866 262 1027 303 scholiis
1054 263 1104 302 ad
1141 262 1238 315 Cap.
1261 258 1300 300 5.
1323 260 1507 313 Dionysii
1535 258 1586 298 de

150 326 418 366 Hier-archia:
447 321 522 377 τὴν
561 318 788 374 ἀνάῤῥησίν
815 332 946 372 φασιν
976 314 1074 357 ὅταν
1103 317 1147 357 ἐν
1175 315 1292 370 αὐτῷ
1316 314 1372 369 τῷ
1397 327 1585 367 χειροτο-

153 386 241 422 νεῖν
266 378 445 434 κηρύττη
473 375 545 418 τὸν
569 371 939 430 χειροτονούμενον
967 369 992 426 ἦ
1022 369 1119 411 θεία
1159 367 1289 423 χάρις
1324 368 1586 422 προχειρίζε-

150 449 223 475 *tat
250 433 372 475 τόνδε
399 421 459 479 ε’ἰς
483 428 620 472 τόνδε.
675 430 908 470 Anastasius
935 442 975 481 p.
1004 442 1069 482 70.
1092 422 1324 480 ἄνᾶρ’ῥησιν
1353 424 1484 464 reddit
1511 438 1586 478 ap-

145 491 400 546 pellatzbnem
430 488 600 542 imperii.
647 478 997 535 Ἀναγορευτήρια
1026 480 1148 520 θύειν
1167 513 1176 530 ,
1209 479 1352 519 offerre
1378 480 1465 518 Deo
1494 493 1585 517 mu-

148 550 247 584 nera
275 546 317 584 in
344 544 445 599 grati
471 542 593 581 animi
622 539 948 593 significationem
977 551 1050 592 pro
1076 550 1146 574 sua
1184 535 1234 574 ad
1264 535 1475 588 imperium
1506 532 1586 572 ele-

147 602 335 650 vatione,
363 598 556 638 electione
582 602 622 635 et
650 595 945 635 renuntiatione
964 622 975 643 ‚
1024 591 1147 631 habet
1173 591 1332 630 Nicetas
1373 589 1587 628 Choniates

146 656 192 699 in
219 656 332 694 Man.
361 654 567 692 Comneno
601 651 650 689 L.
673 649 735 698 I.;
773 643 1056 700 ἄνακλητήρια
1073 645 1248 700 appellat
1271 644 1464 699 Polybius
1492 658 1584 698 pag.

149 710 247 764 773.
279 723 321 764 9.
348 708 413 747 ed.
446 703 632 747 Wechel.
687 704 751 743 De
778 703 1030 750 cerimoniis,
1071 701 1216 754 quibus
1259 701 1482 753 Imperator
1509 699 1585 738 sibi

146 763 340 818 collegam
360 770 429 802 aut
446 763 655 802 Caesarem
671 758 895 798 assumebat
910 787 921 807 ‚
950 759 1029 811 egit
1045 757 1173 796 Hadr.
1186 754 1368 794 Valesius
1386 754 1437 793 ad
1449 754 1588 792 Amm.

145 817 327 858 Marcell.
346 832 438 872 pag.
468 815 564 868 534.
596 815 650 854 A.
708 815 823 853 Ritus
864 813 1016 865 aliquot
1043 819 1131 851 tum
1159 811 1418 856 observatos,
1460 823 1587 861 quum

146 873 334 912 TiberIus
360 887 384 912 a
413 873 568 912 Iustino
598 871 744 909 Caesar
770 863 1097 922 nuncuparetur,
1138 874 1177 906 et
1213 866 1435 904 orationem
1463 864 1586 903 huius

145 929 199 968 ad
226 927 366 979 illum,
403 927 527 966 habet
562 924 828 978 Theophanes
861 938 903 976 p.
936 937 1031 962 212.
1068 923 1192 960 Goar.
1225 921 1277 959 ad
1305 920 1420 959 illum
1449 918 1587 958 locum

144 983 348 1034 observat,
366 982 573 1021 Tiberium
599 982 772 1034 primum
803 979 1028 1019 fuissecum
1047 975 1154 1031 εὐχῇ
1171 983 1420 1016 coronatum.
1448 973 1586 1028 Vulgo

144 1045 286 1078 contra
310 1044 475 1092 putatur
502 1037 583 1076 Leo
613 1036 671 1075 Μ.
694 1064 706 1085 ,
735 1034 785 1073 de
811 1048 891 1088 quo
927 1033 1004 1072 hoc
1030 1033 1161 1085 capite
1186 1038 1398 1079 narratur,
1426 1031 1583 1082 primus

144 1107 285 1132 eorum
331 1093 478 1143 fuisse,
522 1091 594 1144 qui
629 1088 861 1129 solennibus
902 1102 995 1127 cum
1036 1088 1264 1126 cerimoniis
1302 1100 1325 1125 a
1351 1084 1584 1139 patriarcha

144 1148 309 1188 CPtano
334 1147 513 1187 coronati
540 1146 731 1195 fuerunt3
758 1144 843 1184 vid.
866 1134 1031 1182 Haberti
1051 1142 1200 1182 Pontis.
1219 1156 1311 1196 pag.
1334 1141 1430 1195 627.
1490 1139 1583 1194 *[In

142 1202 292 1257 templo
331 1202 376 1242 S.
407 1201 579 1256 Sophiae
616 1200 782 1239 CPtano
820 1198 940 1238 fiebat
978 1199 1269 1250 Imperatorum
1310 1195 1582 1249 inauguratio.

142 1256 276 1298 Nicet.
294 1271 334 1310 p.
354 1256 447 1311 294.
477 1278 482 1282 -
508 1255 723 1295 Theodora
751 1256 794 1293 in
820 1267 966 1308 magno
991 1252 1142 1306 templo
1160 1259 1268 1291 veste
1286 1264 1491 1304 purpurea
1519 1251 1584 1288 in-

143 1312 242 1352 duta
269 1326 361 1351 cum
387 1313 469 1351 Ζοό
496 1310 680 1364 Augusta
709 1309 914 1351 salutatur.
948 1309 1116 1347 Cedren.
1144 1322 1236 1361 pag.
1259 1306 1400 1360 751.]*
1459 1305 1584 1343 Obti-

143 1367 268 1406 nebat
293 1367 336 1406 id
359 1373 448 1420 post
474 1367 680 1405 conditum
726 1379 916 1418 magnum
965 1373 1035 1402 seu
1075 1364 1117 1405 S.
1152 1361 1330 1415 Sophiae
1368 1360 1799 1413 templum.Ed.L.129

143 1421 223 1460 Sed
249 1429 466 1475 antequam
495 1422 742 1460 Iustinianus
768 1420 811 1458 id
841 1419 1058 1468 conderet,
1103 1416 1223 1456 fiebat
1261 1415 1506 1455 renuntiatio
1538 1415 1584 1455 in

143 1475 295 1529 templo
333 1477 375 1515 S.
420 1475 580 1515 Ioannis
616 1475 815 1527 Baptistae
854 1474 962 1527 apud
989 1472 1244 1512 Hebdomum
1266 1501 1277 1518 ‚
1322 1478 1369 1510 ut
1395 1484 1418 1509 e
1442 1469 1579 1508 Theo-

143 1531 277 1585 phane
302 1546 344 1584 p.
367 1529 461 1582 245.
484 1531 531 1569 Β.
563 1536 603 1575 et
634 1543 656 1568 e
683 1531 809 1568 nostri
837 1529 983 1567 codicis
1007 1528 1134 1579 capite
1163 1527 1266 1573 hoc,
1298 1526 1339 1564 in
1368 1539 1448 1578 quo
1477 1537 1574 1563 ver-

143 1600 308 1636 samur,
346 1593 466 1638 patet.
526 1585 633 1623 Haec
657 1585 763 1622 enim
791 1598 814 1623 e
857 1584 978 1622 Petro
1014 1582 1202 1634 Magistro
1239 1580 1435 1633 particula
1470 1580 1571 1618 ritus

142 1641 448 1686 renuntiationis
485 1640 778 1692 Imperatorum
816 1639 1033 1676 Iustiniano
1073 1644 1112 1675 et
1150 1635 1299 1688 templo
1327 1635 1368 1674 S.
1398 1634 1571 1688 Sophiae

143 1696 415 1749 antiquiorum
443 1695 618 1747 exponit.
646 1694 736 1748 *[ln
764 1693 908 1732 theatri
938 1694 1044 1731 circo
1071 1690 1341 1730 consalutatus
1371 1691 1474 1744 Imp.
1493 1689 1571 1727 Ba-

143 1750 267 1790 silius
283 1766 326 1804 p.
350 1753 444 1804 397.
467 1750 614 1802 Script.
638 1756 729 1802 post
756 1748 993 1801 Theophan.
1025 1748 1247 1799 Imperator
1272 1752 1430 1783 creatur
1458 1751 1571 1797 patre

141 1806 238 1844 vivo
278 1807 446 1845 Ioannes
484 1805 608 1845 Nicet.
641 1804 707 1842 Du
735 1804 872 1856 Gange
899 1803 950 1841 ad
981 1800 1160 1843 Alexiad.
1190 1800 1395 1854 pag.]523.
1454 1799 1572 1838 Conf.

144 1859 391 1899 Wittekiud.
410 1860 460 1899 de
488 1859 799 1912 Inauguratione
826 1859 925 1910 Imp.
956 1858 1119 1896 Ottonis
1148 1857 1195 1894 L.
1224 1856 1279 1894 ll.
1297 1855 1404 1892 Gest.
1422 1854 1572 1892 Saxon.

141 1914 225 1953 Lex
242 1915 515 1954 Romanorum
535 1915 662 1967 Impp.
679 1913 913 1952 absolvendi
931 1926 1018 1951 reos
1034 1913 1076 1950 iu
1096 1911 1420 1963 inauguratione.
1453 1909 1572 1947 Cont.

142 1969 352 2008 Constant.
382 1971 416 2011 Ι.
431 1985 471 2024 p.
489 1969 530 2009 8.
586 1970 674 2008 Hoc
701 1970 821 2008 etiam
853 1968 983 2006 adhuc
1009 1981 1086 2006 usu
1113 1964 1278 2019 venit.]*
1318 1964 1414 2004 Vid.
1444 1964 1568 2002 Goar.

142 2023 195 2070 ad
222 2023 364 2062 Codin.
383 2038 426 2076 p.
450 2023 539 2063 128.
559 2038 602 2062 n.
623 2022 665 2075 4.
960 2032 964 2035 “

227 2077 389 2142 25810.
408 2081 448 2118 3.
482 2077 677 2134 [4ιο,7.]
714 2077 950 2129 γενομένου.
1008 2076 1074 2115 Sic
1118 2075 1268 2114 dabant
1314 2071 1569 2111 membranae

141 2146 218 2187 pro
244 2146 473 2184 γενομενον.
671 2138 674 2140 “

253 2187 302 2226 C.
321 2186 363 2238 4.
408 2188 521 2240 [4ιο,
542 2186 608 2241 8.]
655 2185 817 2242 minuce.
864 2189 875 2194 ⁶
892 2186 1040 2238 Campo
1063 2214 1076 2237 ‚
1112 2183 1178 2223 vel
1211 2183 1358 2237 Campo
1385 2181 1537 2219 stlat-tio
1553 2210 1565 2228 ,

141 2241 280 2296 quales
307 2249 400 2280 ante
432 2242 600 2280 maiores
631 2256 770 2281 omnes
795 2241 915 2280 urbes
944 2247 1072 2291 erant,
1101 2246 1147 2277 ut
1174 2239 1343 2284 Romae,
1371 2235 1565 2288 Byzantii,

141 2311 216 2350 per
243 2297 495 2350 provincias,
539 2303 578 2335 et
606 2296 742 2350 quales
768 2303 860 2334 ante
886 2295 1004 2333 urbes
1034 2295 1202 2332 maiores
1231 2290 1467 2330 Hollandiae
1494 2289 1573 2328 ob-.

141 2353 240 2390 sitae
285 2352 460 2404 proceris
502 2350 710 2390 arboribus
748 2350 943 2390 delectare
981 2348 1116 2386 oculos
1143 2346 1271 2385 solent
1288 2374 1300 2393 ‚
1332 2344 1569 2383 exercendae

142 2406 340 2445 iuventuti
370 2408 413 2444 in
443 2405 540 2444 ludo
577 2405 923 2458 sphaerodromico
959 2404 1196 2450 servientes,
1226 2400 1332 2438 unde
1359 2398 1479 2451 vulgo
1503 2398 1570 2436 die

145 2460 390 2499 Maillehahn
407 2459 641 2513 appellatur.
699 2459 867 2512 Campos
893 2458 999 2496 enim
1026 2457 1144 2495 fuisse
1174 2455 1386 2494 destinatos
1413 2454 1569 2506 potissi-

141 2527 255 2552 mum
269 2516 482 2554 iuvenibus
512 2517 554 2554 in
584 2515 704 2553 armis
730 2520 769 2552 et
797 2512 882 2551 aliis
911 2512 1163 2565 gymnasticis
1190 2508 1414 2555 exercendis
1442 2509 1569 2545 nemi-

141 2568 186 2606 ni
212 2568 323 2608 latet.
354 2570 462 2615 Infra
489 2585 528 2623 p.
558 2571 651 2610 251.
683 2569 736 2607 D.
755 2574 901 2619 ‚antep.
930 2572 1174 2605 memoratur
1203 2577 1366 2616 campus
1381 2562 1568 2600 Caesare-

144 2635 192 2659 ae
218 2623 503 2676 Cappadociae.
568 2624 657 2662 Non
694 2622 834 2661 dubito
864 2634 1050 2673 campum
1086 2620 1193 2658 hunc
1230 2625 1363 2657 secuto
1389 2624 1568 2670 tempore

143 2675 262 2715 fuisse
290 2678 560 2732 Philopatium
587 2679 737 2718 dictum
754 2672 904 2728 ,'quod
934 2676 989 2714 ibi
1018 2674 1191 2714 iucunda
1218 2679 1346 2712 essent
1375 2671 1568 2710 deambu-

143 2728 250 2779 lacra
293 2740 332 2772 et
366 2735 628 2788 equitationes
641 2765 653 2785 ,
683 2738 924 2787 quapropter
953 2730 1115 2770 Nicetae
1141 2743 1178 2783 p.
1215 2727 1254 2771 6.
1275 2728 1327 2766 D.
1369 2723 1412 2766 τὸ
1442 2723 1568 2778 ἱππή-
