1884 3132
341 165 474 220 808·
526 204 530 208 -
652 180 724 221 io.
765 178 871 221 1Ac.
909 180 1107 219 REisKu
1147 172 1535 231 COMMENTARH·

451 284 500 322 C.
522 283 594 322 ult.
624 281 742 336 [687‚
763 281 823 336 5.]
854 276 1134 330 πνευματικὸν
1163 277 1282 332 ἡμῶν
1308 277 1459 319 τέκνον.
1532 279 1668 329 Quare
1698 277 1779 317 Ar-

341 354 506 379 menum
535 340 758 391 Imperator
787 335 1034 390 spiritualem
1062 335 1188 374 filium
1219 349 1335 373 suum
1367 333 1563 387 appellet,
1609 347 1691 372 nou
1715 335 1780 373 in-

341 395 502 447 telligo,
546 407 672 448 quum
698 407 826 446 neque
863 407 886 430 a
914 392 1075 430 Graecis
1110 389 1422 443 Imperatoribus
1449 389 1617 428 Armeni
1664 390 1719 428 sie
1756 403 1779 430 e.

342 450 542 502 baptismo
580 449 728 501 recepti
765 455 804 486 et
841 447 1076 485 Christianis
1115 446 1234 484 sacris
1278 445 1419 483 initiati
1465 445 1613 483 filei-int
1661 451 1781 496 atque

344 505 540 558 Bulgari:
575 503 733 544 saeculo
764 504 870 541 enim
902 509 1045 554 quarto
1077 501 1155 539 iam
1182 500 1470 553 profitebantur
1507 499 1604 538 haec
1642 513 1780 538 sacra:

343 574 478 612 neque
506 574 599 598 cum
637 558 801 599 ecclesia
842 558 994 595 Graeca
1030 556 1215 603 fecerint,
1268 555 1336 594 sed
1371 554 1423 593 ab
1466 568 1513 594 ea
1550 553 1661 593 nullo
1699 568 1781 592 non

343 622 525 668 tempore
554 614 730 654 damnati
760 620 798 652 ct
839 612 1027 651 conviciis
1069 619 1188 664 atque
1227 610 1328 650 odiis
1376 610 1559 662 exagitati
1606 609 1782 658 fuerint,

344 677 538 722 tanquam
579 670 781 708 haeretici.
849 668 890 706 Si
936 662 1215 716 πνευματικὸν
1254 665 1435 711 abesset,
1481 679 1562 704 non
1602 665 1786 717 mirarer.¹

345 725 537 763 Solebant
562 726 668 764 enim
700 726 828 776 Impp.
860 722 1013 760 CPtani
1058 722 1255 774 principes
1283 727 1434 760 exteros
1462 735 1504 759 se
1536 719 1707 759 minores
1746 726 1787 760 et

347 781 493 831 quibus
512 780 710 826 faverent,
738 779 892 818 etiamsi
918 776 1108 815 barbaros
1136 783 1175 814 et
1210 789 1397 828 paganos,
1415 774 1538 814 τέκνα
1566 775 1779 828 appellare.

352 836 411 873 lta
439 835 646 874 Heraclius
679 835 904 872 Turcarum
938 834 975 870 in
1005 833 1144 871 Lazica
1175 832 1395 884 principem
1434 829 1573 870 τέκνον
1612 829 1788 883 appellat

349 890 454 942 apud
486 890 758 942 Nicephorum
801 889 915 927 Patr.
941 886 1041 926 CPl.
1071 902 1109 940 p.
1141 885 1209 938 47.
1243 885 1448 924 Breviarii.
1505 885 1670 926 Manuel
1708 887 1788 924 Co-

348 959 518 983 mnenus
548 945 598 983 de
630 943 798 983 Sultano
827 942 1038 989 lconiensi,
1068 944 1250 995 quamvis
1279 943 1408 979 minor
1435 948 1548 990 natu,
1578 942 1646 980 sed
1661 942 1790 979 maior

348 1001 517 1052 imperio
549 1007 587 1039 et
622 999 789 1053 opibus,
839 994 884 1036 τὸ
924 998 996 1048 τῆς
1037 994 1244 1048 ἡμετέρας
1282 995 1449 1034 παιδίον
1482 996 1722 1046 βασιλείας,
1763 991 1789 1033 ὅ

351 1051 560 1103 Σουλτὰν,
599 1056 655 1093 ait
689 1054 796 1105 apud
829 1053 1074 1090 Cinnamum
1106 1066 1147 1104 p.
1170 1053 1235 1092 25.
1267 1065 1301 1093 c.
1332 1051 1401 1089 fin.
1478 1051 1589 1089 Idem
1617 1050 1788 1103 Stepha-

351 1124 449 1148 num
468 1139 479 1159 ,
510 1123 642 1162 regem
672 1109 918 1161 Hungariae,
950 1121 1094 1156 suum,
1122 1113 1168 1144 ut
1194 1106 1367 1154 volebat,
1403 1105 1620 1155 vasallum,
1651 1098 1685 1143 ὦ
1712 1107 1799 1144 παῖ

354 1162 568 1216 compellat
595 1179 634 1216 p.
675 1163 759 1204 ¹26.
788 1178 824 1202 c.
859 1162 946 1200 fin.:
980 1156 1146 1212 ἥκομεν,
1194 1154 1231 1199 a?
1273 1160 1347 1210 ἐμὲ
1385 1163 1486 1207 παῖ’,
1530 1156 1578 1199 οὗ
1611 1159 1790 1210 πόλεμον

357 1212 529 1264 Οὖννοις
563 1216 797 1269 ἐπάγοντες.
851 1217 957 1254 Puto
984 1217 1119 1267 itaque
1147 1215 1218 1254 filii
1247 1215 1408 1268 quidem
1436 1215 1701 1268 appellatione
1727 1217 1791 1253 in-

352 1274 542 1312 feriorem
570 1273 693 1322 illius⁷
720 1273 787 1325 qui
816 1273 870 1310 sic
886 1271 1127 1324 appellatur,
1150 1272 1319 1324 gradum
1347 1279 1386 1310 et
1410 1270 1695 1310 subiectionem
1727 1284 1791 1309 re-

354 1336 489 1381 spectu
520 1328 752 1381 appellantis
782 1327 950 1365 indicari
967 1356 976 1373 ‚
1009 1326 1145 1364 addito
1171 1334 1303 1364 autem
1340 1327 1555 1380 spiritualis
1596 1324 1796 1375 vocabulo,

354 1384 584 1436 significari,
616 1397 706 1421 eum
727 1381 998 1420 Christianum
1028 1395 1123 1419 esse.
1177 1381 1241 1419 Sic
1271 1381 1374 1420 infra
1396 1380 1567 1419 formula
1594 1381 1642 1421 ad
1665 1382 1795 1431 Impe-

356 1446 507 1477 ratores
537 1438 775 1476 Germaniae
810 1444 850 1475 et
887 1451 996 1490 reges
1024 1435 1193 1484 Galliae,
1232 1443 1277 1474 ut
1314 1450 1450 1488 pares,
1498 1443 1556 1475 est
1589 1433 1792 1488 ἁδελφὸς,

356 1495 451 1546 quia
496 1507 594 1531 vero
627 1493 844 1531 Christiani
884 1491 942 1530 illi
983 1498 1105 1540 sunt,
1146 1493 1329 1544 quamvis
1364 1505 1445 1530 non
1488 1491 1589 1530 ritus
1624 1492 1790 1538 Graeci,

357 1549 522 1587 additur
566 1543 869 1599 πνευματικὸς,
917 1548 1029 1600 quasi
1076 1546 1182 1585 dicas
1228 1547 1286 1586 ad
1327 1556 1498 1587 nostram
1542 1548 1586 1586 in
1638 1546 1796 1589 Christo

339 1606 537 1656 Ji‘atrem.

470 1660 520 1698 D.
548 1673 580 1696 1.
602 1656 719 1711 [687‚
737 1655 798 1710 4.]
827 1652 900 1696 τὸν
924 1649 1107 1710 ἄρχοντα
1132 1655 1206 1696 τοῦ
1221 1654 1526 1709 Ἀσπουρακᾶν,
1559 1647 1687 1708 ἤγουν
1721 1655 1799 1696 τοῦ

360 1714 670 1763 Βασπαρακᾶν.
729 1712 962 1766 Aspuracan
989 1726 1084 1764 ergo
1113 1720 1152 1751 et
1171 1713 1429 1765 {Basparacan
1457 1711 1563 1750 idem
1588 1719 1660 1750 est.
1719 1711 1799 1750 Ba-

362 1782 673 1820 sparacanorum
702 1767 762 1806 bis
814 1767 879 1807 vel
920 1775 982 1806 ter
1023 1768 1066 1805 fit
1118 1769 1266 1806 mentio
1311 1767 1418 1819 apud
1452 1766 1703 1806 constantin.
1747 1767 1800 1805 de

363 1822 680 1861 administrando
711 1823 903 1876 imperio,
931 1830 978 1862 ut
1004 1837 1043 1875 p.
1070 1823 1158 1861 123.
1176 1852 1187 1873 ‚
1227 1829 1266 1860 et
1302 1836 1456 1874 semper
1492 1835 1584 1860 cum
1616 1821 1800 1861 Iberibus

362 1883 433 1915 aut
463 1892 554 1915 cum
580 1878 747 1930 Abasgis
781 1879 838 1916 ibi
873 1879 1144 1916 nominantur.
1198 1877 1285 1929 Ego
1327 1891 1408 1915 non
1447 1876 1587 1915 dubito
1605 1905 1617 1926 ‚
1666 1884 1801 1930 gentes

361 1931 435 1970 has
464 1933 620 1971 easdem
648 1947 728 1971 esse
752 1947 844 1971 cum
873 1935 1066 1986 Aspurgis
1096 1939 1134 1971 et
1159 1931 1402 1985 Aspurganis
1428 1931 1493 1971 vel
1523 1931 1801 1985 Aspurgianis,

362 1989 451 2039 qui,
483 1995 581 2026 teste
598 1987 792 2027 Strabone
821 1995 860 2026 et
887 1988 1089 2041 Stephano
1108 1988 1343 2041 Byzaufino,
1371 1987 1468 2026 olim
1494 1988 1600 2026 cirea
1631 1987 1802 2026 Maeoti-

362 2043 457 2080 dem
508 2042 694 2095 paludem
738 2044 951 2094 sederunt,
995 2043 1138 2081 deinde
1177 2050 1309 2081 autem
1351 2044 1392 2081 in
1450 2049 1622 2080 tractum
1665 2041 1802 2091 illum,

366 2097 511 2149 Caspio
540 2099 641 2135 mari
670 2100 920 2150 contiguum,
950 2099 1018 2151 qui
1054 2098 1174 2136 hodie
1204 2097 1362 2136 tantilla
1402 2099 1622 2145 mutatione
1655 2098 1804 2135 vetusti

366 2152 522 2203 gentilis
563 2153 733 2191 nominis
776 2153 972 2192 Astracan
1012 2152 1251 2205 appellatur.
1309 2151 1485 2190 Multum
1508 2152 1559 2190 ab
1587 2151 1647 2190 his
1670 2151 1805 2190 differt

367 2206 478 2244 Guil.
506 2207 556 2245 de
587 2207 716 2257 l'lsle,
755 2222 823 2260 qui
856 2210 898 2245 in
932 2208 1068 2246 charta
1101 2207 1360 2260 geographica
1387 2206 1437 2245 ad
1466 2207 1718 2246 Constantini
1753 2206 1805 2245 li·

365 2260 485 2299 brum
521 2262 569 2301 de
591 2262 904 2301 administrando
933 2262 1100 2315 imperio
1127 2263 1348 2314 pertinente
1378 2269 1416 2299 et
1445 2276 1468 2300 a
1498 2261 1701 2300 Bandurio
1728 2261 1804 2300 edi-

367 2323 410 2354 ta
445 2316 648 2368 regionem
682 2318 910 2370 Buspracan
951 2321 993 2356 in
1034 2317 1165 2355 media
1202 2311 1396 2355 Armenia
1433 2316 1484 2355 ad
1519 2316 1652 2355 lacum
1692 2316 1806 2354 Wan

367 2383 498 2434 ponit.
554 2383 654 2421 Cum
689 2373 886 2439 [·)Ῑό’);ῳ5ὖυ
921 2383 1222 2422 Baschhm-acan
1263 2382 1328 2422 vel
1357 2382 1591 2437 Aspuracan
1635 2381 1804 2420 confun-

369 2447 546 2488 dendum
577 2462 657 2486 non
687 2456 744 2487 est
771 2440 944 2505 0523&
977 2448 1221 2502 Sopzcracan,
1253 2449 1296 2486 in
1315 2447 1559 2487 Chorezania
1592 2448 1727 2499 situm,
1756 2447 1807 2486 de

371 2515 452 2554 quo
481 2502 682 2541 Abulfeda
711 2511 750 2542 et
778 2505 937 2542 Marcus
969 2503 1148 2542 Venetus
1179 2503 1224 2544 L.
1244 2503 1275 2542 I.
1305 2517 1339 2544 c.
1364 2503 1429 2541 30.

484 2558 536 2595 D.
555 2557 597 2596 8.
629 2557 747 2611 [687,
768 2557 830 2611 9.]
861 2557 1058 2607 Κοκοβίτ.
1127 2559 1190 2596 De
1233 2557 1460 2596 nominibus
1493 2554 1729 2609 oppidorum
1769 2564 1810 2595 et

371 2615 572 2650 tractuum
597 2611 810 2651 Armeniae
845 2613 910 2650 hic
939 2612 1150 2664 designatis
1179 2612 1333 2650 nullum
1354 2625 1547 2664 agnosco,
1576 2623 1705 2662 neque
1738 2618 1810 2650 aut

372 2665 477 2715 apud
510 2666 701 2705 Arabicos
735 2666 1011 2720 geographos,
1042 2674 1112 2705 aut
1141 2667 1248 2720 apud
1273 2667 1575 2705 Constantinum
1604 2664 1807 2718 Porphyr.

373 2731 528 2778 reperio
569 2739 724 2782 praeter
772 2727 896 2782 Ταρώ
938 2739 977 2770 et
1015 2730 1179 2782 Maec,
1220 2731 1327 2784 quod
1366 2731 1543 2769 coniecto
1590 2744 1671 2769 esse
1703 2728 1810 2782 025³

373 2792 513 2832 ,Musa-lt
545 2794 606 2834 vel
634 2798 725 2834 Illos
757 2797 1024 2836 Arabicorum
1055 2796 1394 2850 geographorum,
1425 2804 1462 2835 et
1481 2790 1631 2844 Αὖζαν
1661 2787 1815 2851 υιῷρῖἵ
