1884 3132
324 112 435 168 860
610 133 682 173 10.
725 133 830 175 me.
873 137 1068 176 nmsxn
1111 136 1490 183 COMMENTARu

321 234 501 286 proxime
541 244 730 290 sequente
771 237 813 278 οἳ
849 236 922 279 καί
960 235 1189 291 συνάγουσι
1228 237 1282 280 τὰ
1321 238 1540 293 ἀξιώματα
1575 239 1658 285 dmi
1686 247 1773 288 ταῖν

321 288 618 339 λαμβανόντων
658 290 735 339 τὰς
774 291 894 341 ἀξίας
937 303 1116 348 apparet,
1145 292 1360 346 α’ξιώματα
1389 299 1455 337 hic
1482 307 1622 340 notare
1648 302 1770 352 idem,

322 346 434 397 quod
460 353 604 385 notant
631 345 676 386 αἱ
696 345 933 401 συνήθειαι,
963 352 1294 400 consuetudines,
1327 359 1441 393 taxae
1458 355 1672 397 solvendae
1699 372 1774 412 pro

323 414 432 440 novo
466 416 647 441 munere.

433 457 479 495 B.
510 472 601 511 pen.
636 456 747 511 [724‚
773 455 857 510 22.]
898 460 1063 509 ταβλιά.
1121 462 1214 500 Non
1240 462 1307 501 hic
1334 462 1384 501 de
1406 463 1540 503 tabliis
1562 479 1631 504 seu
1657 481 1775 520 prae-

323 511 438 550 textis
467 515 798 552 vestimentorum
824 515 1106 567 cogitandum,
1151 517 1219 555 sed
1247 525 1342 557 sunt
1368 517 1529 558 tabulae
1561 519 1626 560 vel
1655 536 1773 561 areae

321 567 532 607 vestiariae
565 575 715 616 vastae,
751 568 870 615 latae,
903 570 1054 610 formae
1085 573 1320 626 quadratae,
1353 587 1447 613 cum
1474 571 1528 613 τὰ
1559 573 1774 628 κορνίκλια

323 624 404 661 sint
430 624 597 676 pyxides
625 622 882 677 cylindricae.

435 679 480 722 C.
509 681 551 730 4.
582 678 700 733 [725‚
723 678 783 730 4.]
823 678 882 726 εἰς
907 676 984 727 τὰς
1016 679 1154 733 θήκας
1179 680 1330 723 αὐτῶν.
1387 683 1479 722 Non
1517 685 1625 724 enim
1653 685 1776 726 nudis

323 732 488 783 gladiis,
519 735 589 773 sed
617 736 658 772 in
689 735 833 787 vagina
874 735 1042 775 conditis
1071 737 1282 777 adstabant
1309 746 1551 792 protectores
1578 742 1775 794 principi-

323 787 400 827 bus
431 797 470 828 et
498 789 760 828 archontibus
777 819 788 839 ,
821 797 867 829 ut
894 790 1073 845 exemplo
1103 793 1353 835 memorabiti
1381 794 1636 834 Ardeschiris
1665 796 1776 848 apud

325 844 570 898 Procopium
598 845 811 885 Vandalic.
844 846 966 885 L.11.
996 847 1072 886 sub
1104 849 1243 901 finem,
1273 864 1314 903 p.
1353 848 1443 889 162.
1477 850 1544 890 56.
1576 850 1640 890 ed.
1666 851 1777 890 Hoe-

321 899 447 938 schel.

435 955 483 995 C.
515 955 554 995 5.
588 954 705 1009 [725,
730 954 793 1008 5.]
823 952 936 1008 παρὰ
969 956 1044 995 τοῦ
1071 954 1306 1011 βαρβάρου.
1361 959 1464 1010 Quis
1502 958 1568 999 hic
1597 959 1650 999 sit
1678 959 1774 998 bat·-

322 1009 476 1065 ἱππ-1132
504 1011 634 1049 fateor
674 1025 736 1048 me
763 1012 927 1049 nescire.
986 1011 1028 1050 Si
1056 1012 1242 1066 analogia
1270 1013 1339 1052 hic
1369 1014 1525 1052 obtinet
1554 1013 1774 1054 vocabulo-

322 1079 415 1117 rum
459 1066 499 1103 in
516 1108 523 1115 1
540 1073 676 1104 nostro
716 1066 986 1118 frequentium
1003 1094 1014 1114 ,
1056 1068 1258 1106 lu'cancztzcs
1279 1098 1289 1111 ,
1338 1069 1541 1107 eaecubieus
1582 1076 1658 1108 etc.
1697 1083 1775 1121 pro

323 1120 524 1172 praesecto
558 1121 864 1168 hieanatorum,
915 1121 1188 1161 excubitorum
1205 1153 1216 1173 ,
1249 1123 1444 1162 barbarus
1472 1122 1538 1162 hic
1566 1126 1640 1163 erit
1661 1137 1773 1176 prae·

325 1176 452 1214 sectus
480 1176 746 1215 barbarorum
775 1189 843 1214 seu
877 1175 1100 1216 Hetaeriae.
1166 1178 1384 1232 Nunquam
1425 1186 1557 1218 tamen
1593 1178 1690 1218 alias
1732 1180 1775 1217 in

323 1238 465 1270 nostro
493 1232 630 1271 codice
659 1233 716 1270 sic
747 1230 991 1283 appellatur.

409 1285 503 1337 421.
538 1287 591 1325 A.
626 1301 662 1326 2.
695 1285 813 1340 [726,
834 1290 893 1334 2.]
931 1282 1037 1341 ἔργῳ
1064 1283 1138 1325 καί
1163 1284 1284 1343 λόγῳ.
1344 1288 1482 1328 Potest
1520 1288 1619 1327 haee
1654 1287 1779 1327 dictio

324 1342 546 1394 significare
575 1349 614 1381 et
642 1342 861 1380 honoratos
888 1349 970 1379 tam
996 1356 1068 1394 per
1095 1343 1288 1382 brabeum
1308 1372 1320 1392 ‚
1363 1358 1486 1396 quam
1517 1357 1629 1382 mero
1659 1343 1780 1382 effato

327 1399 458 1450 regio,
493 1405 533 1437 et
559 1397 778 1436 honoratos
808 1404 891 1435 tam
918 1397 961 1435 in
989 1398 1079 1450 ipso
1093 1405 1185 1436 actu
1201 1399 1449 1448 constitutos,
1477 1413 1609 1452 quam>
1627 1411 1777 1438 vacan-

324 1451 416 1502 stes,
447 1450 707 1503 ἐμπράττους
734 1450 806 1490 καί
831 1447 1088 1504 α’πράτῑους.
1664 1483 1667 1488 .

350 1505 352 1507 ’
443 1507 486 1546 Β.
518 1522 554 1561 7.
584 1507 698 1562 [726‚
727 1506 807 1561 16]
851 1503 953 1559 πρὸς
993 1504 1039 1546 τὸ
1069 1501 1286 1557 εὐώνυμον
1310 1507 1452 1561 μέρος.
1508 1507 1657 1547 Similis
1683 1509 1780 1548 huie

332 1562 445 1602 locus
473 1570 532 1601 est
561 1577 601 1615 p.
635 1562 701 1602 55.
733 1563 782 1601 C.
820 1576 873 1611 1.,
913 1562 983 1600 ubi
1012 1562 1183 1611 dicitur:
1216 1559 1236 1600 ὃ
1266 1558 1527 1616 πατριάρχης
1557 1563 1777 1612 καθέζεται

334 1618 407 1657 sinc*
445 1619 610 1657 σελλιόυ
640 1617 682 1666 ἐξ
710 1616 934 1670 ἀριστερᾶς
968 1617 1040 1656 τοῦ
1066 1617 1286 1667 βασιλέως.
1345 1618 1454 1671 Ergo
1493 1619 1607 1657 locus
1646 1618 1777 1658 hono-

331 1675 459 1713 ratior
504 1680 588 1711 crat
629 1675 802 1713 sinistra.
879 1672 984 1710 Sane
1024 1672 1156 1710 adhuc
1200 1672 1318 1711 hodie
1362 1680 1420 1711 est
1456 1673 1563 1725 apud
1605 1673 1776 1712 Turcas.

332 1729 640 1780 Animadverti,
675 1730 730 1767 ait
758 1727 976 1767 Busbekius
1003 1742 1042 1780 p.
1077 1727 1140 1769 18.
1157 1755 1170 1776 ,
1212 1727 1324 1781 apud
1355 1741 1418 1767 eos
1451 1728 1670 1780 digniorem
1702 1729 1780 1767 Iza-

329 1785 418 1822 herc'
438 1785 563 1822 locum
581 1785 782 1822 sinis-erum
797 1812 808 1833 ,
840 1783 919 1822 nisi
945 1782 1044 1846 quid
1067 1782 1180 1820 aliud
1207 1783 1397 1833 obstaret,
1435 1783 1543 1838 quod
1567 1796 1654 1821 eam
1675 1797 1778 1838 par-

331 1849 408 1878 tem
437 1838 591 1891 gladius
619 1841 788 1878 honestet
815 1848 853 1876 et
890 1852 958 1892 quc
988 1839 1038 1876 sit
1065 1837 1108 1876 in
1134 1846 1251 1891 parte
1281 1838 1450 1877 dextera
1486 1837 1786 1892 quodammodo.

332 1894 512 1947 gladium
537 1894 678 1932 habeat
699 1894 766 1932 sub
794 1907 913 1932 manu
933 1893 1028 1941 eim,
1052 1894 1124 1946 qai
1151 1893 1350 1931 sinistram
1377 1894 1478 1931 latus
1502 1892 1654 1931 claudie
1667 1923 1678 1941 ,
1709 1893 1781 1932 ille

331 1958 430 1988 'vero
460 1963 545 1986 enm
579 1959 701 2002 gestet
737 1949 898 1988 liberum
930 1956 968 1986 et
994 1947 1236 2001 expeditum.
1297 1947 1592 1987 Observaverat
1619 1961 1781 2000 quoque

331 2004 389 2054 el.
420 2001 605 2043 Leichius
634 2006 676 2042 in
711 2004 978 2052 Adversariis,
1010 2009 1219 2041 notaverat
1249 2017 1271 2041 e
1299 2003 1504 2042 Memoriis
1533 2002 1781 2043 Trevoltinis

335 2061 446 2098 Ann.
498 2074 610 2113 ¹707·
652 2074 693 2112 p.
723 2058 843 2105 822.‚
875 2057 1075 2096 Abbatem
1102 2056 1243 2096 Batelli
1282 2058 1328 2106 in·
1362 2056 1496 2096 libello
1534 2057 1686 2096 Romae
1721 2056 1778 2096 A.

343 2114 459 2167 1705.
490 2115 596 2153 edito
626 2115 675 2152 de
703 2114 956 2166 Saroophago
983 2126 1207 2150 marmoreo
1235 2113 1361 2151 Probi
1394 2113 1525 2151 Anicii
1555 2119 1594 2150 et
1621 2112 1783 2151 Probae

334 2169 550 2208 Falconiae
579 2169 705 2208 multa
721 2169 941 2221 disputasse
968 2167 1017 2205 de
1044 2180 1155 2206 more
1182 2167 1226 2206 S.
1257 2167 1375 2206 Pauli
1403 2167 1615 2219 imaginem
1642 2181 1664 2206 a
1684 2167 1780 2206 dex-

335 2231 400 2263 tra
441 2231 479 2262 et
507 2225 547 2262 S.
580 2225 691 2262 Petri
719 2238 741 2262 a
770 2225 927 2262 sinistra
957 2221 1202 2270 collocandi,
1246 2230 1285 2261 et
1312 2222 1624 2261 demonstratum
1647 2222 1781 2271 ivisse,

334 2280 543 2320 sinistram
565 2279 683 2318 fuisse
711 2278 1020 2327 honoratiorem.
1079 2278 1172 2315 Non
1200 2285 1332 2316 tamen
1363 2277 1468 2330 apud
1485 2277 1657 2315 Graecos
1676 2289 1778 2328 quo-

334 2349 416 2388 que
453 2335 652 2372 sinistram
689 2333 805 2372 fuisse
842 2332 1164 2381 honoratiorem,
1208 2333 1337 2371 evinci
1364 2333 1508 2370 idoneo
1541 2336 1779 2383 argumento

337 2396 468 2443 potest
487 2418 498 2437 ‚
530 2403 654 2441 quum
686 2389 820 2441 potius
849 2387 974 2426 multa
1006 2389 1099 2433 sint,
1135 2400 1237 2440 quae
1279 2386 1460 2426 dextram
1491 2384 1571 2424 illis
1597 2385 1778 2423 habitam

338 2446 458 2483 fuisse
487 2445 754 2483 honestiorem
785 2443 890 2481 clare
917 2449 1126 2481 testentur.
1184 2443 1286 2480 Sane
1307 2441 1535 2493 ubicunque
1562 2441 1783 2492 Imperator

337 2514 431 2537 cum
460 2499 686 2551 patriarcha
716 2498 972 2551 procederet,
1025 2510 1178 2549 semper
1205 2497 1383 2535 dextram
1411 2494 1643 2547 occupabat.
1709 2494 1780 2531 ln-

339 2562 400 2591 ter
429 2551 674 2592 conditiones
691 2583 702 2602 ,
733 2553 877 2606 quibus
907 2551 1148 2590 lustinianus
1176 2552 1233 2589 M.
1264 2551 1570 2590 Theodahatum
1596 2550 1636 2586 in
1657 2562 1781 2600 regno

339 2608 570 2649 Gothorum
587 2609 722 2647 Italico
735 2606 1007 2654 confirmabat,
1040 2614 1140 2657 erat,
1168 2613 1266 2645 teste
1283 2604 1479 2657 Procopio
1506 2617 1531 2655 p
1570 2603 1653 2656 173.
1675 2604 1781 2652 init„

341 2669 380 2708 et
400 2662 510 2708 haec,
530 2671 573 2700 ut
595 2663 857 2701 Theodahato
875 2676 1082 2714 nunquam
1100 2668 1311 2714 poneretur
1327 2666 1454 2699 statua
1466 2657 1552 2705 soli,
1581 2658 1649 2696 sed
1678 2671 1782 2696 sem-

325 2730 411 2770 ¹per
439 2731 529 2773 euin
562 2719 811 2770 Iustiniauo,
841 2725 880 2760 et
908 2717 987 2769 sic,
1017 2724 1062 2756 ut
1090 2715 1424 2770 impp-*dextram
1442 2742 1454 2765 ‚
1482 2714 1565 2766 ipse
1583 2713 1782 2764 sinistram
