1832 3126
326 167 431 236 146
573 209 575 211 ψ
628 185 700 226 ιο.
741 183 846 228 1Ac.
885 186 1080 227 RmsKn
1122 181 1499 228 COMMENTARn

319 287 455 328 αὐτοῦ
489 285 639 326 παθῶν
681 284 969 339 ἄντιληπτικὸς
1003 285 1091 326 ἐστι
1131 285 1206 326 καί
1254 282 1555 340 παρηγορικός,
1613 287 1764 328 solatur

314 353 355 382 et
381 343 519 381 mulcet
547 343 628 381 eius
653 343 854 397 passiones
861 357 877 392 ,·
919 342 1077 396 proprie
1106 341 1362 394 reprehendit
1394 356 1460 382 eas
1494 341 1547 381 ab
1571 356 1730 383 excessu
1743 371 1757 394 ‚

318 403 390 437 aut
415 398 467 436 ad
493 412 534 437 se
563 396 688 437 trahit
704 428 714 446 ‚
745 404 860 451 putat
885 412 951 437 eas
982 398 1033 436 ad
1065 411 1108 436 se
1137 399 1351 450 pertinere.
1403 394 1648 450 Ἀντίληψιν
1675 397 1761 437 τῶν

317 451 533 504 δημοσίων
571 449 828 505 πραγμάτων
841 484 853 502 ,
886 454 1202 508 procurationem
1240 454 1303 492 rei
1325 451 1510 507 publicae
1535 452 1658 492 habet
1682 452 1759 492 Ce-

315 508 432 547 dren.
455 522 548 562 pag.
568 507 664 559 490
691 508 745 546 D.
771 515 811 546 et
836 508 998 547 Contin.
1023 507 1263 560 Theophan.
1282 522 1325 561 p.
1347 506 1415 546 88.
1439 507 1488 547 Β.
1506 507 1584 547 ult.
1620 508 1762 548 Potest

317 577 479 616 quoque
507 554 622 602 redd'i
653 562 896 602 vocabulum
918 564 1108 618 protectio
1123 593 1135 615 ,
1164 569 1211 602 ut
1235 576 1352 617 saepe
1378 562 1470 602 fecit
1498 562 1700 603 Habertus
1718 563 1760 603 in

316 616 558 660 Pontificali.

373 675 501 729 27.B.
518 674 558 713 3.
579 672 670 728 [44,
686 671 751 740 7.]
781 671 864 712 καί.
918 672 1042 711 Deest
1067 671 1338 723 membranis,
1384 670 1488 727 quae
1509 671 1645 727 paullo
1671 680 1762 728 post

317 727 390 768 lin.
415 729 457 768 8.
486 742 805 781 συνανεστραφη
833 728 955 775 dant,
992 729 1354 779 conversacmficit.

429 785 477 823 Β.
504 797 566 823 ιο.
585 782 676 838 [44,
700 782 786 836 15]
828 781 1083 834 ἐγκαινίζων.
1139 782 1466 822 Resurrectionem
1498 785 1660 823 nwreuis
1693 798 1762 823 en—

316 841 500 878 caeniare
531 846 590 878 est
619 839 789 877 mortuis
819 838 862 875 in
890 837 1135 891 resurgendo
1164 839 1319 890 praeire
1349 851 1424 877 suo
1451 838 1655 892 exemp10‚
1696 853 1762 879 re-

318 896 608 934 surrectionem
633 894 788 946 ordiri,
817 894 986 932 mortuis
1014 893 1347 932 resurrectionem
1369 899 1416 932 ut
1442 907 1528 932 rem
1552 908 1700 934 novam
1722 900 1763 934 et

311 951 516 989 ¹insuetam
539 956 741 1002 praestare
757 979 768 996 ‚
799 947 986 987 exhibere
999 977 1011 995 ‚
1041 954 1265 987 monstrare
1279 976 1290 994 ,
1319 955 1498 988 mortuos
1511 951 1763 988 resurrectio·

319 1019 371 1045 ne
396 1006 570 1044 initiare.
626 1005 700 1044 Est
727 1005 834 1043 enim
862 1004 1021 1042 initiare
1047 1004 1218 1059 aliquem
1250 1003 1387 1058 aliqua
1433 1018 1477 1043 re
1529 1018 1621 1043 eum
1654 1004 1762 1046 illius

319 1062 379 1099 rci
412 1061 555 1100 notitia
592 1067 632 1099 et
664 1060 933 1113 experimento
949 1088 959 1106 ‚
1001 1066 1118 1098 antea
1153 1059 1403 1112 incognitae,
1446 1058 1650 1109 imbuere,
1698 1060 1761 1099 in-

320 1123 491 1155 struere.
547 1114 824 1165 Εηοαεηίανε,
854 1115 912 1153 ait
937 1115 1005 1153 Du
1036 1115 1173 1169 Cange
1203 1113 1269 1152 Gl.
1296 1114 1387 1153 Lat.
1414 1113 1460 1153 h.
1489 1128 1531 1154 v.
1550 1143 1562 1164 ‚
1592 1112 1765 1167 ἐγκαινί-

322 1170 422 1221 ζειν,
458 1177 516 1212 est
542 1171 700 1209 initiare
720 1170 788 1209 vel
812 1170 970 1224 aliquid
985 1171 1119 1224 primo
1150 1182 1332 1209 exercere
1355 1170 1424 1208 vel
1449 1169 1632 1209 induere.—
1661 1170 1764 1209 unde

319 1235 463 1264 vestem
499 1234 642 1274 novat,
691 1226 916 1273 encaenia,
966 1225 1039 1279 qui
1066 1227 1199 1279 primo
1239 1238 1327 1263 eam
1358 1224 1486 1263 induit
1515 1226 1584 1264 vel
1607 1233 1761 1280 portat.

321 1280 421 1319 Inde
460 1287 518 1319 est
558 1278 802 1332 ἐγκαινίζειν
837 1279 981 1318 urbem
996 1309 1007 1328 ‚
1054 1280 1243 1333 balneum
1279 1279 1510 1333 publicum,
1565 1287 1762 1329 statuam,

320 1336 495 1384 circum,
540 1335 747 1374 ecclesiam
782 1335 942 1374 initiare
959 1365 970 1384 ‚
1009 1336 1204 1376 innovare
1220 1364 1231 1386 ,
1275 1338 1350 1388 p‘ro
1373 1336 1504 1388 prima
1530 1335 1618 1375 vice
1644 1350 1764 1375 usur-

322 1405 446 1444 pare,
476 1390 637 1429 initium
664 1390 792 1429 facere
818 1390 959 1430 utendi
984 1404 1124 1430 eorum
1150 1403 1394 1444 unoquoque
1408 1420 1419 1440 ‚
1451 1391 1672 1430 secundum
1699 1393 1766 1430 in·-

321 1445 454 1486 dolem
484 1447 703 1499 cuiusque.-

434 1500 480 1540 C.
502 1516 542 1556 7.
562 1500 654 1555 [44⁹
674 1499 763 1555 20]
789 1494 1066 1555 μυροφόροις.
1121 1499 1188 1539 Ad
1204 1499 1390 1539 mulieres
1411 1507 1615 1554 unguenta
1635 1499 1686 1539 ad
1703 1514 1764 1539 se-

323 1554 511 1611 pulcrum
535 1557 686 1596 Christi
714 1555 884 1596 ferentes
904 1556 1114 1610 respicitur
1130 1557 1256 1596 Marc.
1281 1556 1396 1608 XVI,
1435 1570 1489 1607 1.;
1513 1571 1554 1596 v.
1578 1556 1647 1595 Du
1665 1555 1764 1595 Can-

326 1626 375 1666 ge
401 1612 533 1651 Gloss.
566 1612 640 1650 Gr.
670 1626 712 1651 v.
741 1606 996 1665 μυροφόροι.

435 1666 490 1706 D.
510 1667 553 1708 8.
575 1666 668 1722 [45,
686 1664 756 1720 6.]
795 1662 930 1719 χαρὰ.
986 1667 1051 1705 Sic
1095 1667 1282 1706 scribitur
1323 1672 1363 1705 et
1400 1666 1657 1719 distinguitur
1698 1665 1766 1705 hic

324 1721 436 1761 locus
467 1723 510 1761 in
538 1722 805 1762 membranis:
863 1717 1020 1776 Χαράν
1043 1717 1321 1775 ἀνεκλάλητον
1349 1720 1425 1761 καί
1451 1722 1569 1761 θεῖον
1606 1715 1767 1772 πάσχα.

330 1777 519 1816 Tel-strat
545 1785 621 1817 etc.

437 1832 491 1871 D.
513 1831 590 1872 ult.
613 1831 709 1888 [45,
728 1831 798 1887 8.]
829 1830 1056 1885 ἆνὲγερσιν.
1092 1831 1198 1871 Hinc
1227 1832 1451 1885 corrigatur
1474 1830 1638 1870 Contin.
1658 1829 1768 1871 Con-

322 1892 446 1926 stant.
469 1902 509 1941 p.
535 1887 631 1940 264.
655 1889 708 1927 D.
732 1888 772 1928 6.
791 1917 802 1939 ,
831 1888 902 1927 ubi
928 1881 1074 1927 ἄνεσιν
1094 1886 1252 1940 legitur.
1312 1887 1543 1941 Opponitur
1563 1884 1614 1942 τῇ
1639 1899 1766 1926 κατα-

326 1940 481 1981 πτώσει
509 1943 592 1982 τῶν
618 1940 873 1997 βαρβάρων;
902 1957 944 1982 v.
972 1957 1013 1995 p.
1040 1956 1106 1996 29.
1137 1944 1189 1981 D.
1213 1955 1251 1981 2.

386 1996 454 2036 28.
470 1998 571 2037 B.3.
591 1997 684 2052 [45,
706 1999 802 2050 20.]
831 1997 912 2037 τῶν
942 1995 1146 2050 περάτων.
1205 1994 1406 2036 Gaudium
1433 1997 1546 2036 totius
1572 2005 1766 2036 terrarum

325 2052 447 2092 orbis.
506 2053 684 2105 Πέρατα
712 2052 788 2092 τοῦ
815 2050 973 2103 κόσμου
1001 2050 1066 2091 vel
1096 2051 1172 2103 τῆς
1203 2051 1443 2104 οἰκουμένης
1470 2050 1763 2105 intelliguntur.

383 2105 520 2161 29.A.
536 2121 575 2146 2.
597 2107 684 2161 [47‚
707 2107 770 2161 2.]
798 2106 871 2159 τῆς
897 2105 1215 2159 Διακινησιζιιου.
1270 2107 1334 2147 Sic
1361 2107 1592 2160 frequenter
1619 2107 1661 2145 in'
1687 2106 1766 2146 hoc

330 2161 466 2200 codice
513 2169 572 2201 est
614 2170 815 2201 exaratum
857 2176 932 2215 pro
976 2161 1308 2214 διακαινησίμου.
1355 2160 1416 2202 ‘H
1449 2160 1766 2214 ὁιακαινήσιμος

331 2212 540 2266 ἑβδομὰς,
579 2217 644 2256 vel
671 2212 853 2269 ἑβδομάς
893 2217 968 2256 τοῦ
1011 2215 1332 2268 διακαινησᾴιου
1382 2218 1460 2269 (ita
1500 2217 1642 2256 Graeci
1670 2216 1767 2255 novi

330 2271 503 2310 efferunt
516 2286 590 2325 pro
607 2271 679 2324 τῆς
707 2270 1032 2324 ὃιακαινήσεως),
1061 2272 1276 2326 septimana
1302 2273 1590 2320 renovationis,
1619 2278 1667 2310 ut
1684 2270 1770 2310 vul·

332 2340 384 2379 go
412 2334 600 2375 vertunt,
632 2330 739 2379 (non
766 2341 929 2380 prorsus
956 2334 1062 2365 recte
1078 2356 1089 2376 .,
1120 2327 1195 2366 nisi
1224 2329 1494 2367 renovationis
1522 2325 1768 2365 vocabulum

333 2395 408 2432 pro
435 2385 651 2435 gestatione
684 2396 883 2422 novarum
910 2382 1082 2421 vestium
1116 2382 1358 2434 accipiatur,
1400 2396 1503 2436 quae
1533 2381 1768 2434 significatio

333 2435 465 2475 medio
492 2451 591 2477 aevo
618 2439 762 2477 usitata
781 2437 901 2477 hodie
926 2436 1104 2487 exoluit,)
1133 2444 1191 2476 est
1209 2451 1279 2488 ea,
1306 2451 1409 2491 quae
1427 2437 1536 2476 diem
1561 2435 1769 2476 Paschatis

333 2490 561 2531 immediate
595 2495 789 2546 sequitur.
848 2493 989 2532 Graeci
1027 2492 1134 2530 enim
1171 2494 1432 2545 septimanam
1467 2507 1493 2531 a
1522 2491 1587 2530 die
1629 2488 1769 2530 Lunae

332 2544 544 2585 ordiuntur
559 2577 569 2594 ‚
599 2556 640 2587 et
656 2548 802 2587 finiunt
821 2549 862 2586 in
897 2547 1110 2586 dominica.
1165 2548 1261 2586 Vid.
1292 2548 1359 2586 Du
1375 2549 1512 2600 Gange
1531 2546 1597 2584 Gl.
1622 2546 1694 2584 Gr.
1716 2545 1765 2585 h.

317 2612 376 2638 .v.
436 2601 592 2640 Dicitur
633 2601 658 2655 ἦ
699 2600 1037 2655 ὃιακαινήσιμος,
1085 2602 1179 2654 quia
1220 2603 1410 2657 neophyti
1448 2602 1516 2640 illa
1546 2601 1768 2654 septimana

337 2650 408 2693 διὰ
434 2655 589 2695 καινῶν
614 2659 656 2696 in
681 2659 806 2706 albis,
846 2672 944 2710 quas
971 2659 1013 2696 in
1041 2656 1238 2710 baptismo
1265 2658 1399 2711 vigilia
1427 2655 1630 2696 Paschatis
1656 2669 1768 2695 acce-

336 2716 504 2761 perant,
544 2712 807 2764 incedebant,
836 2720 875 2751 et
903 2710 929 2765 ἢ
956 2710 1123 2763 Καινὴ,
1162 2708 1534 2765 nempernvptam),
1570 2711 1768 2750 dominica
1817 2732 1823 2740 ·

336 2778 470 2816 nova,
499 2765 730 2816 dicebatur,
762 2770 804 2808 in
832 2782 911 2821 qua
939 2781 1062 2807 novas
1094 2774 1134 2806 et
1154 2767 1344 2807 candidas
1367 2774 1497 2807 vestes
1523 2780 1599 2820 pro
1627 2764 1768 2805 ultima
