<?xml version="1.0" encoding="UTF-8"?>
<!DOCTYPE html PUBLIC "-//W3C//DTD XHTML 1.0 Transitional//EN"
    "http://www.w3.org/TR/xhtml1/DTD/xhtml1-transitional.dtd">
<html xmlns="http://www.w3.org/1999/xhtml" xml:lang="en" lang="en">
 <head>
  <title>
</title>
<meta http-equiv="Content-Type" content="text/html;charset=utf-8" />
  <meta name='ocr-system' content='tesseract 3.04.00' />
  <meta name='ocr-capabilities' content='ocr_page ocr_carea ocr_par ocr_line ocrx_word'/>
</head>
<body>
  <div class='ocr_page' id='page_1' title='image "./corpusscriptorum08niebuoft/corpusscriptorum08niebuoft_0873.png"; bbox 0 0 1884 3132; ppageno 0'>
   <div class='ocr_carea' id='block_1_1' title="bbox 163 153 1517 219">
    <p class='ocr_par' dir='ltr' id='par_1_1' title="bbox 163 153 1517 219">
     <span class='ocr_line' id='line_1_1' title="bbox 163 153 1517 219; baseline -0.001 -7"><span class='ocrx_word' id='word_1_1' title='bbox 163 170 238 212; x_wconf 75' lang='lat' dir='ltr'><strong>An</strong></span> <span class='ocrx_word' id='word_1_2' title='bbox 285 172 594 219; x_wconf 58' lang='lat' dir='ltr'><strong>consum„</strong></span> <span class='ocrx_word' id='word_1_3' title='bbox 615 175 811 217; x_wconf 71' lang='lat' dir='ltr'><strong>roura.</strong></span> <span class='ocrx_word' id='word_1_4' title='bbox 851 177 923 216; x_wconf 80' lang='lat' dir='ltr'><strong>m:</strong></span> <span class='ocrx_word' id='word_1_5' title='bbox 959 175 1139 218; x_wconf 70' lang='lat' dir='ltr'><strong>cmm.</strong></span> <span class='ocrx_word' id='word_1_6' title='bbox 1179 156 1277 217; x_wconf 58' lang='lat' dir='ltr'><strong>un}</strong></span> <span class='ocrx_word' id='word_1_7' title='bbox 1306 178 1360 216; x_wconf 88' lang='lat'><strong>11.</strong></span> <span class='ocrx_word' id='word_1_8' title='bbox 1401 153 1517 217; x_wconf 81' lang='lat'><strong>865</strong></span> 
     </span>
    </p>
   </div>
   <div class='ocr_carea' id='block_1_2' title="bbox 90 273 1518 616">
    <p class='ocr_par' dir='ltr' id='par_1_2' title="bbox 91 273 1518 428">
     <span class='ocr_line' id='line_1_2' title="bbox 92 273 1517 333; baseline 0.004 -23"><span class='ocrx_word' id='word_1_9' title='bbox 92 273 222 320; x_wconf 68' lang='lat' dir='ltr'><strong>mines</strong></span> <span class='ocrx_word' id='word_1_10' title='bbox 243 274 440 316; x_wconf 75' lang='lat' dir='ltr'><strong>sederent.</strong></span> <span class='ocrx_word' id='word_1_11' title='bbox 492 277 675 318; x_wconf 87' lang='lat' dir='ltr'><strong>Conferri</strong></span> <span class='ocrx_word' id='word_1_12' title='bbox 702 285 877 318; x_wconf 85' lang='lat' dir='ltr'><strong>meretur</strong></span> <span class='ocrx_word' id='word_1_13' title='bbox 904 280 1079 318; x_wconf 86' lang='lat' dir='ltr'><strong>narratio</strong></span> <span class='ocrx_word' id='word_1_14' title='bbox 1106 278 1341 333; x_wconf 85' lang='lat' dir='ltr'><strong>Luitprandi</strong></span> <span class='ocrx_word' id='word_1_15' title='bbox 1362 277 1412 316; x_wconf 85' lang='lat' dir='ltr'><strong>de</strong></span> <span class='ocrx_word' id='word_1_16' title='bbox 1430 291 1517 316; x_wconf 88' lang='lat' dir='ltr'><strong>mo-</strong></span> 
     </span>
     <span class='ocr_line' id='line_1_3' title="bbox 91 326 1518 388; baseline 0.003 -20"><span class='ocrx_word' id='word_1_17' title='bbox 91 326 162 375; x_wconf 84' lang='lat' dir='ltr'><strong>do,</strong></span> <span class='ocrx_word' id='word_1_18' title='bbox 186 341 268 380; x_wconf 83' lang='lat' dir='ltr'><strong>quo</strong></span> <span class='ocrx_word' id='word_1_19' title='bbox 295 330 379 382; x_wconf 87' lang='lat' dir='ltr'><strong>ipse</strong></span> <span class='ocrx_word' id='word_1_20' title='bbox 404 331 479 371; x_wconf 85' lang='lat' dir='ltr'><strong>fuit</strong></span> <span class='ocrx_word' id='word_1_21' title='bbox 505 341 686 385; x_wconf 84' lang='lat' dir='ltr'><strong>exceptus</strong></span> <span class='ocrx_word' id='word_1_22' title='bbox 714 334 753 372; x_wconf 90' lang='lat' dir='ltr'><strong>in</strong></span> <span class='ocrx_word' id='word_1_23' title='bbox 782 335 965 372; x_wconf 85' lang='lat' dir='ltr'><strong>convivio</strong></span> <span class='ocrx_word' id='word_1_24' title='bbox 990 340 1173 384; x_wconf 75' lang='lat' dir='ltr'><strong>augusto.</strong></span> <span class='ocrx_word' id='word_1_25' title='bbox 1219 332 1349 372; x_wconf 78' lang='lat' dir='ltr'><strong>Haud</strong></span> <span class='ocrx_word' id='word_1_26' title='bbox 1375 346 1518 388; x_wconf 84' lang='lat' dir='ltr'><strong>parum</strong></span> 
     </span>
     <span class='ocr_line' id='line_1_4' title="bbox 94 384 1163 428; baseline 0.004 -6"><span class='ocrx_word' id='word_1_27' title='bbox 94 384 201 428; x_wconf 61' lang='lat' dir='ltr'><strong>,enim</strong></span> <span class='ocrx_word' id='word_1_28' title='bbox 229 396 314 422; x_wconf 80' lang='lat' dir='ltr'><strong>rem</strong></span> <span class='ocrx_word' id='word_1_29' title='bbox 344 393 519 424; x_wconf 80' lang='lat' dir='ltr'><strong>nostram</strong></span> <span class='ocrx_word' id='word_1_30' title='bbox 547 386 719 426; x_wconf 79' lang='lat' dir='ltr'><strong>illustrat</strong></span> <span class='ocrx_word' id='word_1_31' title='bbox 745 395 786 427; x_wconf 89' lang='lat' dir='ltr'><strong>et</strong></span> <span class='ocrx_word' id='word_1_32' title='bbox 810 388 914 428; x_wconf 85' lang='lat' dir='ltr'><strong>dicta</strong></span> <span class='ocrx_word' id='word_1_33' title='bbox 941 388 1163 426; x_wconf 79' lang='lat' dir='ltr'><strong>confirmat.</strong></span> 
     </span>
    </p>

    <p class='ocr_par' dir='ltr' id='par_1_3' title="bbox 90 437 1515 616">
     <span class='ocr_line' id='line_1_5' title="bbox 189 437 1515 496; baseline 0.002 -20"><span class='ocrx_word' id='word_1_34' title='bbox 189 437 257 485; x_wconf 64' lang='lat' dir='ltr'><strong>¹I).</strong></span> <span class='ocrx_word' id='word_1_35' title='bbox 291 452 327 477; x_wconf 87' lang='lat'><strong>1.</strong></span> <span class='ocrx_word' id='word_1_36' title='bbox 359 439 473 493; x_wconf 64' lang='lat'>[74⁰⁹</span> <span class='ocrx_word' id='word_1_37' title='bbox 506 440 569 494; x_wconf 85' lang='lat'><strong>1.]</strong></span> <span class='ocrx_word' id='word_1_38' title='bbox 609 440 713 494; x_wconf 71' lang='grc' dir='ltr'><strong><em>πρὸς</em></strong></span> <span class='ocrx_word' id='word_1_39' title='bbox 748 439 793 481; x_wconf 89' lang='grc' dir='ltr'><strong><em>τὸ</em></strong></span> <span class='ocrx_word' id='word_1_40' title='bbox 831 439 983 488; x_wconf 62' lang='grc' dir='ltr'><em>αὐτοὺς</em></span> <span class='ocrx_word' id='word_1_41' title='bbox 1019 444 1064 480; x_wconf 79' lang='grc' dir='ltr'><strong>ὲν</strong></span> <span class='ocrx_word' id='word_1_42' title='bbox 1093 443 1148 496; x_wconf 76' lang='grc' dir='ltr'><strong>τῷ</strong></span> <span class='ocrx_word' id='word_1_43' title='bbox 1176 440 1353 495; x_wconf 73' lang='grc' dir='ltr'><strong><em>δευτέρῳ</em></strong></span> <span class='ocrx_word' id='word_1_44' title='bbox 1381 439 1515 495; x_wconf 62' lang='lat' dir='ltr'><strong>plump</strong></span> 
     </span>
     <span class='ocr_line' id='line_1_6' title="bbox 90 487 1515 545; baseline -0.001 -11"><span class='ocrx_word' id='word_1_45' title='bbox 90 487 164 541; x_wconf 69' lang='grc' dir='ltr'><strong>ῐῆς</strong></span> <span class='ocrx_word' id='word_1_46' title='bbox 187 492 389 545; x_wconf 69' lang='grc' dir='ltr'><strong>’τραπέζης</strong></span> <span class='ocrx_word' id='word_1_47' title='bbox 417 493 648 545; x_wconf 77' lang='grc' dir='ltr'><strong><em>τυγχάνειν.</em></strong></span> <span class='ocrx_word' id='word_1_48' title='bbox 702 497 796 535; x_wconf 86' lang='lat' dir='ltr'><strong>Tria</strong></span> <span class='ocrx_word' id='word_1_49' title='bbox 832 496 981 535; x_wconf 84' lang='lat' dir='ltr'><strong>fercula</strong></span> <span class='ocrx_word' id='word_1_50' title='bbox 1009 495 1189 535; x_wconf 87' lang='lat' dir='ltr'><strong>solebant</strong></span> <span class='ocrx_word' id='word_1_51' title='bbox 1215 497 1256 533; x_wconf 89' lang='lat' dir='ltr'><strong>in</strong></span> <span class='ocrx_word' id='word_1_52' title='bbox 1286 495 1515 533; x_wconf 87' lang='lat' dir='ltr'><strong>convivium</strong></span> 
     </span>
     <span class='ocr_line' id='line_1_7' title="bbox 93 547 1514 616; baseline 0.004 -34"><span class='ocrx_word' id='word_1_53' title='bbox 93 551 305 596; x_wconf 83' lang='lat' dir='ltr'><strong>augustum</strong></span> <span class='ocrx_word' id='word_1_54' title='bbox 327 547 477 586; x_wconf 82' lang='lat' dir='ltr'><strong>inferri.</strong></span> <span class='ocrx_word' id='word_1_55' title='bbox 508 550 708 595; x_wconf 81' lang='lat' dir='ltr'><strong>Primum,</strong></span> <span class='ocrx_word' id='word_1_56' title='bbox 730 552 837 603; x_wconf 85' lang='lat' dir='ltr'><strong>quod</strong></span> <span class='ocrx_word' id='word_1_57' title='bbox 859 551 1138 616; x_wconf 65' lang='lat' dir='ltr'><strong>promulsidem</strong></span> <span class='ocrx_word' id='word_1_58' title='bbox 1157 551 1280 603; x_wconf 88' lang='lat' dir='ltr'><strong>possis</strong></span> <span class='ocrx_word' id='word_1_59' title='bbox 1299 549 1514 602; x_wconf 86' lang='lat' dir='ltr'><strong>appellare,</strong></span> 
     </span>
    </p>
   </div>
   <div class='ocr_carea' id='block_1_3' title="bbox 25 601 1515 654">
    <p class='ocr_par' dir='ltr' id='par_1_4' title="bbox 25 601 1515 654">
     <span class='ocr_line' id='line_1_8' title="bbox 25 601 1515 654; baseline 0 -14"><span class='ocrx_word' id='word_1_60' title='bbox 25 622 30 626; x_wconf 87' lang='lat'>·</span> <span class='ocrx_word' id='word_1_61' title='bbox 89 601 340 650; x_wconf 70' lang='lat' dir='ltr'><strong>provocando</strong></span> <span class='ocrx_word' id='word_1_62' title='bbox 366 605 584 654; x_wconf 84' lang='lat' dir='ltr'><strong>appetitui3</strong></span> <span class='ocrx_word' id='word_1_63' title='bbox 617 604 729 643; x_wconf 87' lang='lat' dir='ltr'><strong>alteri</strong></span> <span class='ocrx_word' id='word_1_64' title='bbox 758 620 900 644; x_wconf 88' lang='lat' dir='ltr'><strong>nomen</strong></span> <span class='ocrx_word' id='word_1_65' title='bbox 929 612 1012 644; x_wconf 90' lang='lat' dir='ltr'><strong>erat</strong></span> <span class='ocrx_word' id='word_1_66' title='bbox 1039 617 1083 643; x_wconf 83' lang='grc' dir='ltr'><strong>το</strong></span> <span class='ocrx_word' id='word_1_67' title='bbox 1113 602 1378 653; x_wconf 77' lang='grc' dir='ltr'><em>οπτόμινσον,</em></span> <span class='ocrx_word' id='word_1_68' title='bbox 1420 605 1515 641; x_wconf 78' lang='lat' dir='ltr'><strong>mz&#39;s-</strong></span> 
     </span>
    </p>
   </div>
   <div class='ocr_carea' id='block_1_4' title="bbox 88 657 1517 2774">
    <p class='ocr_par' dir='ltr' id='par_1_5' title="bbox 88 657 1517 2774">
     <span class='ocr_line' id='line_1_9' title="bbox 91 657 1513 712; baseline 0.001 -19"><span class='ocrx_word' id='word_1_69' title='bbox 91 664 157 690; x_wconf 76' lang='lat' dir='ltr'><strong>sus</strong></span> <span class='ocrx_word' id='word_1_70' title='bbox 181 667 291 694; x_wconf 75' lang='lat' dir='ltr'><strong>assae</strong></span> <span class='ocrx_word' id='word_1_71' title='bbox 311 659 465 703; x_wconf 65' lang='lat' dir='ltr'><strong>car-mk,</strong></span> <span class='ocrx_word' id='word_1_72' title='bbox 492 660 652 696; x_wconf 87' lang='lat' dir='ltr'><strong>tertium</strong></span> <span class='ocrx_word' id='word_1_73' title='bbox 680 657 726 697; x_wconf 80' lang='grc' dir='ltr'><strong>τὸ</strong></span> <span class='ocrx_word' id='word_1_74' title='bbox 757 657 935 708; x_wconf 72' lang='grc' dir='ltr'><strong>δουλκίν,</strong></span> <span class='ocrx_word' id='word_1_75' title='bbox 976 659 1247 712; x_wconf 78' lang='lat' dir='ltr'><strong>placentarum</strong></span> <span class='ocrx_word' id='word_1_76' title='bbox 1276 665 1316 697; x_wconf 91' lang='lat' dir='ltr'><strong>et</strong></span> <span class='ocrx_word' id='word_1_77' title='bbox 1342 657 1513 696; x_wconf 88' lang='lat' dir='ltr'><strong>mellito-</strong></span> 
     </span>
     <span class='ocr_line' id='line_1_10' title="bbox 90 709 1513 752; baseline 0.003 -6"><span class='ocrx_word' id='word_1_78' title='bbox 90 719 184 745; x_wconf 83' lang='lat' dir='ltr'><strong>rum</strong></span> <span class='ocrx_word' id='word_1_79' title='bbox 225 709 290 748; x_wconf 89' lang='lat' dir='ltr'><strong>vel</strong></span> <span class='ocrx_word' id='word_1_80' title='bbox 329 719 619 750; x_wconf 84' lang='lat' dir='ltr'><strong>saccaratorum</strong></span> <span class='ocrx_word' id='word_1_81' title='bbox 663 715 818 752; x_wconf 83' lang='lat' dir='ltr'><strong>missus.</strong></span> <span class='ocrx_word' id='word_1_82' title='bbox 887 715 948 752; x_wconf 87' lang='lat' dir='ltr'><strong>Dc</strong></span> <span class='ocrx_word' id='word_1_83' title='bbox 987 714 1048 752; x_wconf 90' lang='lat' dir='ltr'><strong>his</strong></span> <span class='ocrx_word' id='word_1_84' title='bbox 1077 714 1260 752; x_wconf 83' lang='lat' dir='ltr'>missibus</span> <span class='ocrx_word' id='word_1_85' title='bbox 1292 725 1421 750; x_wconf 89' lang='lat' dir='ltr'><strong>sermo</strong></span> <span class='ocrx_word' id='word_1_86' title='bbox 1448 712 1513 750; x_wconf 88' lang='lat' dir='ltr'><strong>hic</strong></span> 
     </span>
     <span class='ocr_line' id='line_1_11' title="bbox 92 759 1513 811; baseline 0.003 -11"><span class='ocrx_word' id='word_1_87' title='bbox 92 759 169 800; x_wconf 87' lang='lat' dir='ltr'><strong>loci</strong></span> <span class='ocrx_word' id='word_1_88' title='bbox 197 777 279 802; x_wconf 89' lang='lat' dir='ltr'><strong>non</strong></span> <span class='ocrx_word' id='word_1_89' title='bbox 310 772 391 811; x_wconf 83' lang='lat' dir='ltr'><strong>est,</strong></span> <span class='ocrx_word' id='word_1_90' title='bbox 432 767 502 804; x_wconf 90' lang='lat' dir='ltr'><strong>sed</strong></span> <span class='ocrx_word' id='word_1_91' title='bbox 537 767 616 806; x_wconf 88' lang='lat' dir='ltr'><strong>alio</strong></span> <span class='ocrx_word' id='word_1_92' title='bbox 642 781 758 807; x_wconf 88' lang='lat' dir='ltr'><strong>sensu</strong></span> <span class='ocrx_word' id='word_1_93' title='bbox 786 768 902 806; x_wconf 85' lang='lat' dir='ltr'><strong>debet</strong></span> <span class='ocrx_word' id='word_1_94' title='bbox 930 768 1167 806; x_wconf 88' lang='lat' dir='ltr'><strong>vocabulum</strong></span> <span class='ocrx_word' id='word_1_95' title='bbox 1195 770 1329 806; x_wconf 76' lang='lat' dir='ltr'><strong>missus</strong></span> <span class='ocrx_word' id='word_1_96' title='bbox 1355 767 1421 804; x_wconf 89' lang='lat' dir='ltr'><strong>hic</strong></span> <span class='ocrx_word' id='word_1_97' title='bbox 1446 780 1513 804; x_wconf 87' lang='lat' dir='ltr'><strong>ac-</strong></span> 
     </span>
     <span class='ocr_line' id='line_1_12' title="bbox 91 816 1511 874; baseline 0.004 -20"><span class='ocrx_word' id='word_1_98' title='bbox 91 816 187 867; x_wconf 86' lang='lat' dir='ltr'><strong>cipi.</strong></span> <span class='ocrx_word' id='word_1_99' title='bbox 242 819 306 858; x_wconf 86' lang='lat' dir='ltr'><strong>De</strong></span> <span class='ocrx_word' id='word_1_100' title='bbox 330 833 570 873; x_wconf 86' lang='lat' dir='ltr'><strong>unoquoque</strong></span> <span class='ocrx_word' id='word_1_101' title='bbox 590 824 771 874; x_wconf 88' lang='lat' dir='ltr'><strong>superius</strong></span> <span class='ocrx_word' id='word_1_102' title='bbox 791 823 986 860; x_wconf 86' lang='lat' dir='ltr'><strong>dictorum</strong></span> <span class='ocrx_word' id='word_1_103' title='bbox 1006 824 1194 860; x_wconf 86' lang='lat' dir='ltr'>missuum</span> <span class='ocrx_word' id='word_1_104' title='bbox 1221 820 1511 874; x_wconf 77' lang='lat' dir='ltr'>participabant</span> 
     </span>
     <span class='ocr_line' id='line_1_13' title="bbox 91 871 1513 929; baseline 0.004 -22"><span class='ocrx_word' id='word_1_105' title='bbox 91 871 285 910; x_wconf 85' lang='lat' dir='ltr'><strong>convivae</strong></span> <span class='ocrx_word' id='word_1_106' title='bbox 311 887 462 913; x_wconf 88' lang='lat' dir='ltr'><strong>omnes.</strong></span> <span class='ocrx_word' id='word_1_107' title='bbox 497 877 603 925; x_wconf 88' lang='lat' dir='ltr'><strong>Quia</strong></span> <span class='ocrx_word' id='word_1_108' title='bbox 621 890 730 922; x_wconf 66' lang='lat' dir='ltr'><strong>vero,</strong></span> <span class='ocrx_word' id='word_1_109' title='bbox 762 884 805 915; x_wconf 91' lang='lat' dir='ltr'><strong>ut</strong></span> <span class='ocrx_word' id='word_1_110' title='bbox 834 891 855 915; x_wconf 94' lang='lat' dir='ltr'><strong>e</strong></span> <span class='ocrx_word' id='word_1_111' title='bbox 886 877 1133 929; x_wconf 89' lang='lat' dir='ltr'><strong>Luitprando</strong></span> <span class='ocrx_word' id='word_1_112' title='bbox 1161 883 1200 915; x_wconf 91' lang='lat' dir='ltr'><strong>et</strong></span> <span class='ocrx_word' id='word_1_113' title='bbox 1216 876 1375 914; x_wconf 85' lang='lat' dir='ltr'><strong>Graecis</strong></span> <span class='ocrx_word' id='word_1_114' title='bbox 1414 876 1513 914; x_wconf 85' lang='lat' dir='ltr'><strong>scri-</strong></span> 
     </span>
     <span class='ocr_line' id='line_1_14' title="bbox 91 925 1515 983; baseline 0.003 -20"><span class='ocrx_word' id='word_1_115' title='bbox 91 925 274 975; x_wconf 83' lang='lat' dir='ltr'><strong>ptoribus</strong></span> <span class='ocrx_word' id='word_1_116' title='bbox 300 935 469 977; x_wconf 89' lang='lat' dir='ltr'><strong>constat,</strong></span> <span class='ocrx_word' id='word_1_117' title='bbox 514 944 596 968; x_wconf 89' lang='lat' dir='ltr'><strong>non</strong></span> <span class='ocrx_word' id='word_1_118' title='bbox 626 932 771 969; x_wconf 88' lang='lat' dir='ltr'>mensis</span> <span class='ocrx_word' id='word_1_119' title='bbox 798 930 962 979; x_wconf 77' lang='lat' dir='ltr'><strong>singulis</strong></span> <span class='ocrx_word' id='word_1_120' title='bbox 1002 931 1132 969; x_wconf 85' lang='lat' dir='ltr'><strong>lances</strong></span> <span class='ocrx_word' id='word_1_121' title='bbox 1165 930 1291 983; x_wconf 88' lang='lat' dir='ltr'><strong>epulis</strong></span> <span class='ocrx_word' id='word_1_122' title='bbox 1329 937 1515 968; x_wconf 85' lang='lat' dir='ltr'>oneratae</span> 
     </span>
     <span class='ocr_line' id='line_1_15' title="bbox 90 979 1513 1039; baseline 0.002 -20"><span class='ocrx_word' id='word_1_123' title='bbox 90 979 407 1032; x_wconf 83' lang='lat' dir='ltr'><strong>imponebantur,</strong></span> <span class='ocrx_word' id='word_1_124' title='bbox 433 983 501 1022; x_wconf 84' lang='lat' dir='ltr'><strong>sed</strong></span> <span class='ocrx_word' id='word_1_125' title='bbox 530 983 778 1023; x_wconf 88' lang='lat' dir='ltr'><strong>solummodo</strong></span> <span class='ocrx_word' id='word_1_126' title='bbox 804 987 845 1023; x_wconf 91' lang='lat' dir='ltr'><strong>in</strong></span> <span class='ocrx_word' id='word_1_127' title='bbox 867 979 1050 1024; x_wconf 57' lang='lat' dir='ltr'><strong>vmensam</strong></span> <span class='ocrx_word' id='word_1_128' title='bbox 1075 986 1221 1039; x_wconf 83' lang='lat' dir='ltr'><strong>regiam</strong></span> <span class='ocrx_word' id='word_1_129' title='bbox 1237 1013 1249 1035; x_wconf 88' lang='lat'>‚</span> <span class='ocrx_word' id='word_1_130' title='bbox 1278 998 1300 1022; x_wconf 89' lang='lat' dir='ltr'><strong>e</strong></span> <span class='ocrx_word' id='word_1_131' title='bbox 1326 998 1405 1036; x_wconf 88' lang='lat' dir='ltr'><strong>qua</strong></span> <span class='ocrx_word' id='word_1_132' title='bbox 1431 983 1513 1022; x_wconf 83' lang='lat' dir='ltr'><strong>Im-</strong></span> 
     </span>
     <span class='ocr_line' id='line_1_16' title="bbox 89 1037 1515 1092; baseline 0.003 -20"><span class='ocrx_word' id='word_1_133' title='bbox 89 1042 249 1085; x_wconf 82' lang='lat' dir='ltr'><strong>perator</strong></span> <span class='ocrx_word' id='word_1_134' title='bbox 275 1037 488 1089; x_wconf 88' lang='lat' dir='ltr'><strong>unicuique</strong></span> <span class='ocrx_word' id='word_1_135' title='bbox 511 1052 625 1077; x_wconf 87' lang='lat' dir='ltr'><strong>suam</strong></span> <span class='ocrx_word' id='word_1_136' title='bbox 650 1041 871 1092; x_wconf 89' lang='lat' dir='ltr'><strong>portionem</strong></span> <span class='ocrx_word' id='word_1_137' title='bbox 895 1039 1100 1090; x_wconf 88' lang='lat' dir='ltr'><strong>mittebat,</strong></span> <span class='ocrx_word' id='word_1_138' title='bbox 1128 1052 1283 1078; x_wconf 88' lang='lat' dir='ltr'><strong>necesse</strong></span> <span class='ocrx_word' id='word_1_139' title='bbox 1312 1045 1421 1084; x_wconf 83' lang='lat' dir='ltr'><strong>erat,</strong></span> <span class='ocrx_word' id='word_1_140' title='bbox 1467 1045 1515 1076; x_wconf 87' lang='lat' dir='ltr'><strong>ut</strong></span> 
     </span>
     <span class='ocr_line' id='line_1_17' title="bbox 89 1086 1513 1147; baseline 0.004 -22"><span class='ocrx_word' id='word_1_141' title='bbox 89 1086 305 1128; x_wconf 87' lang='lat' dir='ltr'><strong>admodum</strong></span> <span class='ocrx_word' id='word_1_142' title='bbox 328 1091 495 1144; x_wconf 78' lang='lat' dir='ltr'><strong>grandes</strong></span> <span class='ocrx_word' id='word_1_143' title='bbox 520 1100 650 1132; x_wconf 88' lang='lat' dir='ltr'><strong>essent</strong></span> <span class='ocrx_word' id='word_1_144' title='bbox 677 1094 807 1133; x_wconf 92' lang='lat' dir='ltr'><strong>lances</strong></span> <span class='ocrx_word' id='word_1_145' title='bbox 825 1124 837 1144; x_wconf 87' lang='lat'><em>‚</em></span> <span class='ocrx_word' id='word_1_146' title='bbox 875 1108 977 1145; x_wconf 89' lang='lat' dir='ltr'><strong>quae</strong></span> <span class='ocrx_word' id='word_1_147' title='bbox 1014 1094 1203 1147; x_wconf 85' lang='lat' dir='ltr'><strong>imperiali</strong></span> <span class='ocrx_word' id='word_1_148' title='bbox 1238 1106 1396 1131; x_wconf 87' lang='lat' dir='ltr'><strong>mensae</strong></span> <span class='ocrx_word' id='word_1_149' title='bbox 1436 1093 1513 1130; x_wconf 91' lang='lat' dir='ltr'><strong>im-</strong></span> 
     </span>
     <span class='ocr_line' id='line_1_18' title="bbox 88 1147 1514 1201; baseline 0.001 -19"><span class='ocrx_word' id='word_1_150' title='bbox 88 1151 362 1194; x_wconf 82' lang='lat' dir='ltr'><strong>ponerentur3</strong></span> <span class='ocrx_word' id='word_1_151' title='bbox 400 1154 607 1200; x_wconf 87' lang='lat' dir='ltr'><strong>propterea</strong></span> <span class='ocrx_word' id='word_1_152' title='bbox 643 1149 760 1187; x_wconf 88' lang='lat' dir='ltr'><strong>etiam</strong></span> <span class='ocrx_word' id='word_1_153' title='bbox 789 1148 974 1201; x_wconf 86' lang='lat' dir='ltr'><strong>leguntur</strong></span> <span class='ocrx_word' id='word_1_154' title='bbox 1004 1147 1094 1186; x_wconf 87' lang='lat' dir='ltr'><strong>illae</strong></span> <span class='ocrx_word' id='word_1_155' title='bbox 1119 1148 1300 1186; x_wconf 86' lang='lat' dir='ltr'><strong>curribus</strong></span> <span class='ocrx_word' id='word_1_156' title='bbox 1337 1150 1514 1185; x_wconf 85' lang='lat' dir='ltr'><strong>invectae</strong></span> 
     </span>
     <span class='ocr_line' id='line_1_19' title="bbox 91 1197 1514 1255; baseline 0.003 -20"><span class='ocrx_word' id='word_1_157' title='bbox 91 1203 132 1234; x_wconf 84' lang='lat' dir='ltr'><strong>et</strong></span> <span class='ocrx_word' id='word_1_158' title='bbox 156 1197 342 1238; x_wconf 79' lang='lat' dir='ltr'><strong>trochleis</strong></span> <span class='ocrx_word' id='word_1_159' title='bbox 366 1207 485 1252; x_wconf 82' lang='lat' dir='ltr'><strong>atque</strong></span> <span class='ocrx_word' id='word_1_160' title='bbox 510 1201 668 1240; x_wconf 67' lang='lat' dir='ltr'><strong>fiinibus</strong></span> <span class='ocrx_word' id='word_1_161' title='bbox 695 1202 920 1242; x_wconf 81' lang='lat' dir='ltr'><strong>sublevatae</strong></span> <span class='ocrx_word' id='word_1_162' title='bbox 947 1209 1066 1255; x_wconf 87' lang='lat' dir='ltr'><strong>atque</strong></span> <span class='ocrx_word' id='word_1_163' title='bbox 1092 1204 1147 1241; x_wconf 87' lang='lat' dir='ltr'><strong>sie</strong></span> <span class='ocrx_word' id='word_1_164' title='bbox 1175 1205 1214 1240; x_wconf 90' lang='lat' dir='ltr'><strong>in</strong></span> <span class='ocrx_word' id='word_1_165' title='bbox 1241 1215 1351 1240; x_wconf 86' lang='lat' dir='ltr'><strong>sacra</strong></span> <span class='ocrx_word' id='word_1_166' title='bbox 1377 1215 1514 1240; x_wconf 85' lang='lat' dir='ltr'><strong>mensa</strong></span> 
     </span>
     <span class='ocr_line' id='line_1_20' title="bbox 91 1249 1510 1308; baseline 0.004 -19"><span class='ocrx_word' id='word_1_167' title='bbox 91 1249 290 1304; x_wconf 86' lang='lat' dir='ltr'><strong>depositae</strong></span> <span class='ocrx_word' id='word_1_168' title='bbox 331 1253 466 1293; x_wconf 78' lang='lat' dir='ltr'><strong>fuisse.</strong></span> <span class='ocrx_word' id='word_1_169' title='bbox 530 1256 797 1305; x_wconf 86' lang='lat' dir='ltr'><strong>Quantumvis</strong></span> <span class='ocrx_word' id='word_1_170' title='bbox 835 1264 967 1295; x_wconf 83' lang='lat' dir='ltr'><strong>autem</strong></span> <span class='ocrx_word' id='word_1_171' title='bbox 1008 1270 1173 1308; x_wconf 86' lang='lat' dir='ltr'><strong>magnae</strong></span> <span class='ocrx_word' id='word_1_172' title='bbox 1213 1262 1341 1294; x_wconf 87' lang='lat' dir='ltr'><strong>essent</strong></span> <span class='ocrx_word' id='word_1_173' title='bbox 1381 1255 1510 1295; x_wconf 88' lang='lat' dir='ltr'><strong>lances</strong></span> 
     </span>
     <span class='ocr_line' id='line_1_21' title="bbox 91 1303 1512 1362; baseline 0.003 -18"><span class='ocrx_word' id='word_1_174' title='bbox 91 1303 200 1357; x_wconf 80' lang='lat' dir='ltr'><strong>illae,</strong></span> <span class='ocrx_word' id='word_1_175' title='bbox 220 1320 303 1346; x_wconf 89' lang='lat' dir='ltr'><strong>non</strong></span> <span class='ocrx_word' id='word_1_176' title='bbox 318 1314 501 1360; x_wconf 86' lang='lat' dir='ltr'><strong>poterant</strong></span> <span class='ocrx_word' id='word_1_177' title='bbox 515 1311 632 1348; x_wconf 90' lang='lat' dir='ltr'><strong>unius</strong></span> <span class='ocrx_word' id='word_1_178' title='bbox 652 1310 789 1349; x_wconf 83' lang='lat' dir='ltr'><strong>ferculi</strong></span> <span class='ocrx_word' id='word_1_179' title='bbox 822 1325 890 1350; x_wconf 91' lang='lat' dir='ltr'><strong>seu</strong></span> <span class='ocrx_word' id='word_1_180' title='bbox 918 1311 997 1349; x_wconf 85' lang='lat' dir='ltr'><strong>cibi</strong></span> <span class='ocrx_word' id='word_1_181' title='bbox 1024 1318 1179 1349; x_wconf 89' lang='lat' dir='ltr'><strong>tantum</strong></span> <span class='ocrx_word' id='word_1_182' title='bbox 1207 1324 1359 1362; x_wconf 85' lang='lat' dir='ltr'><strong>capere,</strong></span> <span class='ocrx_word' id='word_1_183' title='bbox 1383 1324 1512 1362; x_wconf 90' lang='lat' dir='ltr'><strong>quan-</strong></span> 
     </span>
     <span class='ocr_line' id='line_1_22' title="bbox 90 1360 1512 1417; baseline 0.002 -19"><span class='ocrx_word' id='word_1_184' title='bbox 90 1365 179 1399; x_wconf 85' lang='lat' dir='ltr'><strong>tum</strong></span> <span class='ocrx_word' id='word_1_185' title='bbox 207 1360 303 1400; x_wconf 81' lang='lat'>228.</span> <span class='ocrx_word' id='word_1_186' title='bbox 332 1361 559 1402; x_wconf 84' lang='lat' dir='ltr'><strong>hominibus</strong></span> <span class='ocrx_word' id='word_1_187' title='bbox 589 1363 797 1403; x_wconf 88' lang='lat' dir='ltr'><strong>sufficeret.</strong></span> <span class='ocrx_word' id='word_1_188' title='bbox 850 1366 1102 1417; x_wconf 83' lang='lat' dir='ltr'><strong>Quapropter</strong></span> <span class='ocrx_word' id='word_1_189' title='bbox 1128 1378 1208 1402; x_wconf 89' lang='lat' dir='ltr'><strong>una</strong></span> <span class='ocrx_word' id='word_1_190' title='bbox 1235 1364 1347 1402; x_wconf 86' lang='lat' dir='ltr'><strong>lance</strong></span> <span class='ocrx_word' id='word_1_191' title='bbox 1366 1378 1512 1402; x_wconf 87' lang='lat' dir='ltr'><strong>vacua-</strong></span> 
     </span>
     <span class='ocr_line' id='line_1_23' title="bbox 90 1413 1511 1470; baseline 0.002 -18"><span class='ocrx_word' id='word_1_192' title='bbox 90 1419 156 1463; x_wconf 80' lang='lat' dir='ltr'><strong>ta,</strong></span> <span class='ocrx_word' id='word_1_193' title='bbox 185 1413 356 1455; x_wconf 80' lang='lat' dir='ltr'><strong>debebat</strong></span> <span class='ocrx_word' id='word_1_194' title='bbox 381 1416 504 1455; x_wconf 85' lang='lat' dir='ltr'><strong>altera</strong></span> <span class='ocrx_word' id='word_1_195' title='bbox 527 1418 666 1456; x_wconf 86' lang='lat' dir='ltr'><strong>eodem</strong></span> <span class='ocrx_word' id='word_1_196' title='bbox 702 1418 850 1458; x_wconf 80' lang='lat' dir='ltr'><strong>ferculo</strong></span> <span class='ocrx_word' id='word_1_197' title='bbox 890 1421 1004 1470; x_wconf 87' lang='lat' dir='ltr'><strong>plena</strong></span> <span class='ocrx_word' id='word_1_198' title='bbox 1041 1419 1207 1467; x_wconf 80' lang='lat' dir='ltr'><strong>inferri,</strong></span> <span class='ocrx_word' id='word_1_199' title='bbox 1246 1426 1284 1455; x_wconf 92' lang='lat' dir='ltr'><strong>et</strong></span> <span class='ocrx_word' id='word_1_200' title='bbox 1315 1419 1431 1456; x_wconf 87' lang='lat' dir='ltr'><strong>tertia</strong></span> <span class='ocrx_word' id='word_1_201' title='bbox 1471 1425 1511 1455; x_wconf 88' lang='lat' dir='ltr'><strong>et</strong></span> 
     </span>
     <span class='ocr_line' id='line_1_24' title="bbox 91 1471 1510 1524; baseline 0.003 -18"><span class='ocrx_word' id='word_1_202' title='bbox 91 1476 248 1520; x_wconf 85' lang='lat' dir='ltr'><strong>quarta,</strong></span> <span class='ocrx_word' id='word_1_203' title='bbox 278 1477 319 1508; x_wconf 87' lang='lat' dir='ltr'><strong>et</strong></span> <span class='ocrx_word' id='word_1_204' title='bbox 347 1471 402 1509; x_wconf 91' lang='lat' dir='ltr'><strong>sic</strong></span> <span class='ocrx_word' id='word_1_205' title='bbox 432 1485 567 1523; x_wconf 89' lang='lat' dir='ltr'><strong>porr0‚</strong></span> <span class='ocrx_word' id='word_1_206' title='bbox 588 1472 714 1511; x_wconf 90' lang='lat' dir='ltr'><strong>donec</strong></span> <span class='ocrx_word' id='word_1_207' title='bbox 741 1487 877 1511; x_wconf 83' lang='lat' dir='ltr'><strong>omnes</strong></span> <span class='ocrx_word' id='word_1_208' title='bbox 893 1474 942 1511; x_wconf 89' lang='lat' dir='ltr'><strong>de</strong></span> <span class='ocrx_word' id='word_1_209' title='bbox 962 1473 1099 1511; x_wconf 89' lang='lat' dir='ltr'><strong>eodem</strong></span> <span class='ocrx_word' id='word_1_210' title='bbox 1124 1472 1271 1510; x_wconf 82' lang='lat' dir='ltr'><strong>ferculo</strong></span> <span class='ocrx_word' id='word_1_211' title='bbox 1287 1472 1510 1524; x_wconf 83' lang='lat' dir='ltr'><strong>portionem</strong></span> 
     </span>
     <span class='ocr_line' id='line_1_25' title="bbox 93 1526 1511 1576; baseline 0.003 -16"><span class='ocrx_word' id='word_1_212' title='bbox 93 1535 207 1561; x_wconf 88' lang='lat' dir='ltr'><strong>suam</strong></span> <span class='ocrx_word' id='word_1_213' title='bbox 234 1526 487 1576; x_wconf 87' lang='lat' dir='ltr'><strong>accepissent.</strong></span> <span class='ocrx_word' id='word_1_214' title='bbox 544 1526 643 1564; x_wconf 91' lang='lat' dir='ltr'><strong>Cum</strong></span> <span class='ocrx_word' id='word_1_215' title='bbox 671 1528 842 1565; x_wconf 90' lang='lat' dir='ltr'><strong>secundo</strong></span> <span class='ocrx_word' id='word_1_216' title='bbox 870 1527 1018 1565; x_wconf 87' lang='lat' dir='ltr'><strong>ferculo</strong></span> <span class='ocrx_word' id='word_1_217' title='bbox 1045 1541 1113 1565; x_wconf 91' lang='lat' dir='ltr'><strong>seu</strong></span> <span class='ocrx_word' id='word_1_218' title='bbox 1149 1540 1256 1564; x_wconf 88' lang='lat' dir='ltr'><strong>assae</strong></span> <span class='ocrx_word' id='word_1_219' title='bbox 1291 1527 1419 1563; x_wconf 84' lang='lat' dir='ltr'><strong>carnis</strong></span> <span class='ocrx_word' id='word_1_220' title='bbox 1471 1532 1511 1564; x_wconf 88' lang='lat' dir='ltr'><strong>et</strong></span> 
     </span>
     <span class='ocr_line' id='line_1_26' title="bbox 89 1577 1511 1633; baseline 0.001 -18"><span class='ocrx_word' id='word_1_221' title='bbox 89 1577 208 1616; x_wconf 82' lang='lat' dir='ltr'><strong>tertio</strong></span> <span class='ocrx_word' id='word_1_222' title='bbox 234 1578 372 1617; x_wconf 86' lang='lat' dir='ltr'><strong>eodem</strong></span> <span class='ocrx_word' id='word_1_223' title='bbox 399 1579 517 1618; x_wconf 89' lang='lat' dir='ltr'><strong>modo</strong></span> <span class='ocrx_word' id='word_1_224' title='bbox 542 1581 840 1633; x_wconf 85' lang='lat' dir='ltr'><strong>procedebatur.</strong></span> <span class='ocrx_word' id='word_1_225' title='bbox 896 1582 1024 1620; x_wconf 86' lang='lat' dir='ltr'><strong>Erant</strong></span> <span class='ocrx_word' id='word_1_226' title='bbox 1052 1583 1240 1632; x_wconf 87' lang='lat' dir='ltr'><strong>cuiusque</strong></span> <span class='ocrx_word' id='word_1_227' title='bbox 1269 1579 1404 1617; x_wconf 88' lang='lat' dir='ltr'><strong>ferculi</strong></span> <span class='ocrx_word' id='word_1_228' title='bbox 1421 1579 1511 1631; x_wconf 83' lang='lat' dir='ltr'><strong>plu-</strong></span> 
     </span>
     <span class='ocr_line' id='line_1_27' title="bbox 92 1633 1511 1685; baseline 0.001 -16"><span class='ocrx_word' id='word_1_229' title='bbox 92 1645 156 1669; x_wconf 89' lang='lat' dir='ltr'><strong>res</strong></span> <span class='ocrx_word' id='word_1_230' title='bbox 183 1633 337 1674; x_wconf 86' lang='lat' dir='ltr'><strong>missus.</strong></span> <span class='ocrx_word' id='word_1_231' title='bbox 389 1634 547 1673; x_wconf 87' lang='lat' dir='ltr'><strong>Primus</strong></span> <span class='ocrx_word' id='word_1_232' title='bbox 585 1637 726 1674; x_wconf 88' lang='lat' dir='ltr'><strong>missus</strong></span> <span class='ocrx_word' id='word_1_233' title='bbox 762 1636 975 1673; x_wconf 88' lang='lat' dir='ltr'><strong>destinatus</strong></span> <span class='ocrx_word' id='word_1_234' title='bbox 1009 1642 1094 1673; x_wconf 89' lang='lat' dir='ltr'><strong>erat</strong></span> <span class='ocrx_word' id='word_1_235' title='bbox 1119 1635 1345 1672; x_wconf 86' lang='lat' dir='ltr'><strong>sedentibus</strong></span> <span class='ocrx_word' id='word_1_236' title='bbox 1374 1636 1414 1671; x_wconf 90' lang='lat' dir='ltr'><strong>in</strong></span> <span class='ocrx_word' id='word_1_237' title='bbox 1441 1647 1511 1685; x_wconf 86' lang='lat' dir='ltr'><strong>pe-</strong></span> 
     </span>
     <span class='ocr_line' id='line_1_28' title="bbox 93 1685 1511 1742; baseline 0.001 -19"><span class='ocrx_word' id='word_1_238' title='bbox 93 1685 233 1724; x_wconf 85' lang='lat' dir='ltr'><strong>culiari</strong></span> <span class='ocrx_word' id='word_1_239' title='bbox 262 1687 325 1726; x_wconf 90' lang='lat' dir='ltr'><strong>vel</strong></span> <span class='ocrx_word' id='word_1_240' title='bbox 355 1696 533 1740; x_wconf 88' lang='lat' dir='ltr'><strong>separata</strong></span> <span class='ocrx_word' id='word_1_241' title='bbox 560 1703 695 1728; x_wconf 88' lang='lat' dir='ltr'><strong>mensa</strong></span> <span class='ocrx_word' id='word_1_242' title='bbox 722 1691 855 1742; x_wconf 80' lang='lat' dir='ltr'><strong>regia3</strong></span> <span class='ocrx_word' id='word_1_243' title='bbox 896 1689 1090 1727; x_wconf 90' lang='lat' dir='ltr'><strong>secundus</strong></span> <span class='ocrx_word' id='word_1_244' title='bbox 1121 1689 1294 1740; x_wconf 88' lang='lat' dir='ltr'><strong>patriciis</strong></span> <span class='ocrx_word' id='word_1_245' title='bbox 1332 1694 1371 1725; x_wconf 91' lang='lat' dir='ltr'><strong>et</strong></span> <span class='ocrx_word' id='word_1_246' title='bbox 1401 1689 1511 1725; x_wconf 92' lang='lat' dir='ltr'><strong>simi-</strong></span> 
     </span>
     <span class='ocr_line' id='line_1_29' title="bbox 91 1737 1512 1796; baseline 0.001 -19"><span class='ocrx_word' id='word_1_247' title='bbox 91 1737 223 1791; x_wconf 85' lang='lat' dir='ltr'><strong>libus;</strong></span> <span class='ocrx_word' id='word_1_248' title='bbox 254 1742 393 1780; x_wconf 87' lang='lat' dir='ltr'><strong>tertius</strong></span> <span class='ocrx_word' id='word_1_249' title='bbox 420 1750 459 1781; x_wconf 89' lang='lat' dir='ltr'><strong>et</strong></span> <span class='ocrx_word' id='word_1_250' title='bbox 486 1743 628 1796; x_wconf 85' lang='lat' dir='ltr'><strong>reliqui</strong></span> <span class='ocrx_word' id='word_1_251' title='bbox 652 1743 941 1796; x_wconf 83' lang='lat' dir='ltr'><strong>magistratibus</strong></span> <span class='ocrx_word' id='word_1_252' title='bbox 969 1743 1232 1781; x_wconf 82' lang='lat' dir='ltr'><strong>inferioribus.</strong></span> <span class='ocrx_word' id='word_1_253' title='bbox 1288 1742 1420 1788; x_wconf 77' lang='lat' dir='ltr'><strong>Patet,</strong></span> <span class='ocrx_word' id='word_1_254' title='bbox 1449 1749 1512 1779; x_wconf 89' lang='lat' dir='ltr'><strong>ta-</strong></span> 
     </span>
     <span class='ocr_line' id='line_1_30' title="bbox 92 1792 1511 1848; baseline 0.001 -17"><span class='ocrx_word' id='word_1_255' title='bbox 92 1792 171 1832; x_wconf 89' lang='lat' dir='ltr'><strong>lem</strong></span> <span class='ocrx_word' id='word_1_256' title='bbox 190 1795 426 1835; x_wconf 84' lang='lat' dir='ltr'><strong>convivandi</strong></span> <span class='ocrx_word' id='word_1_257' title='bbox 453 1797 615 1836; x_wconf 91' lang='lat' dir='ltr'><strong>modum</strong></span> <span class='ocrx_word' id='word_1_258' title='bbox 642 1799 825 1837; x_wconf 78' lang='lat' dir='ltr'><strong>inscitum</strong></span> <span class='ocrx_word' id='word_1_259' title='bbox 853 1805 891 1835; x_wconf 89' lang='lat' dir='ltr'><strong>et</strong></span> <span class='ocrx_word' id='word_1_260' title='bbox 917 1799 1035 1836; x_wconf 89' lang='lat' dir='ltr'><strong>taedii</strong></span> <span class='ocrx_word' id='word_1_261' title='bbox 1061 1797 1332 1848; x_wconf 88' lang='lat' dir='ltr'><strong>tumultusque</strong></span> <span class='ocrx_word' id='word_1_262' title='bbox 1349 1795 1511 1848; x_wconf 83' lang='lat' dir='ltr'><strong>plenum</strong></span> 
     </span>
     <span class='ocr_line' id='line_1_31' title="bbox 93 1849 1512 1903; baseline 0.001 -17"><span class='ocrx_word' id='word_1_263' title='bbox 93 1855 134 1886; x_wconf 89' lang='lat' dir='ltr'><strong>et</strong></span> <span class='ocrx_word' id='word_1_264' title='bbox 157 1863 314 1901; x_wconf 85' lang='lat' dir='ltr'><strong>prorsus</strong></span> <span class='ocrx_word' id='word_1_265' title='bbox 341 1849 571 1890; x_wconf 88' lang='lat' dir='ltr'><strong>illiberalem</strong></span> <span class='ocrx_word' id='word_1_266' title='bbox 598 1852 731 1891; x_wconf 85' lang='lat' dir='ltr'><strong>fuisse.</strong></span> <span class='ocrx_word' id='word_1_267' title='bbox 787 1853 1006 1903; x_wconf 88' lang='lat' dir='ltr'><strong>Imperator</strong></span> <span class='ocrx_word' id='word_1_268' title='bbox 1035 1853 1116 1903; x_wconf 90' lang='lat' dir='ltr'><strong>ipse</strong></span> <span class='ocrx_word' id='word_1_269' title='bbox 1148 1851 1342 1888; x_wconf 85' lang='lat' dir='ltr'><strong>diribebat</strong></span> <span class='ocrx_word' id='word_1_270' title='bbox 1382 1857 1512 1902; x_wconf 87' lang='lat' dir='ltr'><strong>partes</strong></span> 
     </span>
     <span class='ocr_line' id='line_1_32' title="bbox 93 1905 1512 1958; baseline 0 -17"><span class='ocrx_word' id='word_1_271' title='bbox 93 1909 133 1941; x_wconf 86' lang='lat' dir='ltr'><strong>et</strong></span> <span class='ocrx_word' id='word_1_272' title='bbox 165 1905 308 1956; x_wconf 88' lang='lat' dir='ltr'><strong>cuique</strong></span> <span class='ocrx_word' id='word_1_273' title='bbox 332 1905 524 1944; x_wconf 90' lang='lat' dir='ltr'><strong>mittebat.</strong></span> <span class='ocrx_word' id='word_1_274' title='bbox 581 1906 753 1946; x_wconf 89' lang='lat' dir='ltr'><strong>Putasne</strong></span> <span class='ocrx_word' id='word_1_275' title='bbox 790 1921 950 1958; x_wconf 87' lang='lat' dir='ltr'><strong>operam</strong></span> <span class='ocrx_word' id='word_1_276' title='bbox 986 1905 1104 1944; x_wconf 88' lang='lat' dir='ltr'><strong>talem</strong></span> <span class='ocrx_word' id='word_1_277' title='bbox 1142 1906 1384 1957; x_wconf 89' lang='lat' dir='ltr'><strong>Imperatore</strong></span> <span class='ocrx_word' id='word_1_278' title='bbox 1425 1918 1512 1942; x_wconf 87' lang='lat' dir='ltr'><strong>ma-</strong></span> 
     </span>
     <span class='ocr_line' id='line_1_33' title="bbox 92 1959 1513 2013; baseline 0.001 -19"><span class='ocrx_word' id='word_1_279' title='bbox 92 1959 168 2009; x_wconf 82' lang='lat' dir='ltr'><strong>gis,</strong></span> <span class='ocrx_word' id='word_1_280' title='bbox 195 1972 315 2010; x_wconf 80' lang='lat' dir='ltr'><strong>quam</strong></span> <span class='ocrx_word' id='word_1_281' title='bbox 341 1973 473 2009; x_wconf 88' lang='lat' dir='ltr'><strong>servo,</strong></span> <span class='ocrx_word' id='word_1_282' title='bbox 502 1961 674 2013; x_wconf 85' lang='lat' dir='ltr'><strong>dignam,</strong></span> <span class='ocrx_word' id='word_1_283' title='bbox 706 1962 746 1999; x_wconf 93' lang='lat' dir='ltr'><strong>in</strong></span> <span class='ocrx_word' id='word_1_284' title='bbox 770 1975 848 2013; x_wconf 85' lang='lat' dir='ltr'><strong>qua</strong></span> <span class='ocrx_word' id='word_1_285' title='bbox 866 1961 1034 1998; x_wconf 89' lang='lat' dir='ltr'><strong>multum</strong></span> <span class='ocrx_word' id='word_1_286' title='bbox 1058 1962 1243 2011; x_wconf 88' lang='lat' dir='ltr'><strong>temporis</strong></span> <span class='ocrx_word' id='word_1_287' title='bbox 1266 1960 1513 1996; x_wconf 87' lang='lat' dir='ltr'><strong>consumitur</strong></span> 
     </span>
     <span class='ocr_line' id='line_1_34' title="bbox 93 2012 1511 2067; baseline 0 -18"><span class='ocrx_word' id='word_1_288' title='bbox 93 2025 223 2064; x_wconf 84' lang='lat' dir='ltr'><strong>neque</strong></span> <span class='ocrx_word' id='word_1_289' title='bbox 250 2026 390 2064; x_wconf 88' lang='lat' dir='ltr'><strong>parum</strong></span> <span class='ocrx_word' id='word_1_290' title='bbox 422 2015 618 2053; x_wconf 84' lang='lat' dir='ltr'><strong>sudatur?</strong></span> <span class='ocrx_word' id='word_1_291' title='bbox 656 2015 710 2054; x_wconf 82' lang='lat' dir='ltr'><strong>Et</strong></span> <span class='ocrx_word' id='word_1_292' title='bbox 754 2015 821 2067; x_wconf 89' lang='lat' dir='ltr'><strong>qui</strong></span> <span class='ocrx_word' id='word_1_293' title='bbox 866 2017 993 2066; x_wconf 81' lang='lat' dir='ltr'><strong>potuit</strong></span> <span class='ocrx_word' id='word_1_294' title='bbox 1020 2028 1123 2052; x_wconf 90' lang='lat' dir='ltr'><strong>unus</strong></span> <span class='ocrx_word' id='word_1_295' title='bbox 1151 2012 1244 2051; x_wconf 80' lang='lat'><strong>228.</strong></span> <span class='ocrx_word' id='word_1_296' title='bbox 1270 2019 1331 2051; x_wconf 90' lang='lat' dir='ltr'><strong>ter</strong></span> <span class='ocrx_word' id='word_1_297' title='bbox 1361 2014 1402 2050; x_wconf 88' lang='lat' dir='ltr'><strong>in</strong></span> <span class='ocrx_word' id='word_1_298' title='bbox 1429 2025 1511 2049; x_wconf 90' lang='lat' dir='ltr'><strong>uno</strong></span> 
     </span>
     <span class='ocr_line' id='line_1_35' title="bbox 91 2065 1512 2121; baseline 0 -18"><span class='ocrx_word' id='word_1_299' title='bbox 91 2066 290 2114; x_wconf 70' lang='lat' dir='ltr'><strong>convivio»,</strong></span> <span class='ocrx_word' id='word_1_300' title='bbox 318 2068 361 2106; x_wconf 91' lang='lat' dir='ltr'><strong>id</strong></span> <span class='ocrx_word' id='word_1_301' title='bbox 383 2075 440 2106; x_wconf 89' lang='lat' dir='ltr'><strong>est</strong></span> <span class='ocrx_word' id='word_1_302' title='bbox 457 2068 552 2119; x_wconf 73' lang='grc'>684.</span> <span class='ocrx_word' id='word_1_303' title='bbox 582 2070 827 2121; x_wconf 83' lang='lat' dir='ltr'><strong>portionibus</strong></span> <span class='ocrx_word' id='word_1_304' title='bbox 854 2069 1067 2107; x_wconf 87' lang='lat' dir='ltr'><strong>diribendis</strong></span> <span class='ocrx_word' id='word_1_305' title='bbox 1095 2067 1297 2105; x_wconf 85' lang='lat' dir='ltr'><strong>sufficere?</strong></span> <span class='ocrx_word' id='word_1_306' title='bbox 1337 2066 1432 2111; x_wconf 90' lang='lat' dir='ltr'><strong>Fac,</strong></span> <span class='ocrx_word' id='word_1_307' title='bbox 1462 2065 1512 2103; x_wconf 86' lang='lat' dir='ltr'><strong>il-</strong></span> 
     </span>
     <span class='ocr_line' id='line_1_36' title="bbox 91 2118 1513 2174; baseline 0 -17"><span class='ocrx_word' id='word_1_308' title='bbox 91 2118 178 2158; x_wconf 90' lang='lat' dir='ltr'><strong>Ium</strong></span> <span class='ocrx_word' id='word_1_309' title='bbox 204 2134 287 2158; x_wconf 89' lang='lat' dir='ltr'><strong>non</strong></span> <span class='ocrx_word' id='word_1_310' title='bbox 306 2122 435 2174; x_wconf 88' lang='lat' dir='ltr'><strong>ipsum</strong></span> <span class='ocrx_word' id='word_1_311' title='bbox 456 2123 660 2162; x_wconf 84' lang='lat' dir='ltr'><strong>diribuisse</strong></span> <span class='ocrx_word' id='word_1_312' title='bbox 678 2153 689 2172; x_wconf 92' lang='lat'>‚</span> <span class='ocrx_word' id='word_1_313' title='bbox 726 2124 793 2162; x_wconf 89' lang='lat' dir='ltr'><strong>sed</strong></span> <span class='ocrx_word' id='word_1_314' title='bbox 822 2124 1045 2171; x_wconf 77' lang='lat' dir='ltr'><strong>articlin033</strong></span> <span class='ocrx_word' id='word_1_315' title='bbox 1095 2122 1168 2168; x_wconf 87' lang='lat' dir='ltr'><strong>fac,</strong></span> <span class='ocrx_word' id='word_1_316' title='bbox 1206 2122 1334 2174; x_wconf 86' lang='lat' dir='ltr'><strong>ipsum</strong></span> <span class='ocrx_word' id='word_1_317' title='bbox 1362 2120 1513 2158; x_wconf 84' lang='lat' dir='ltr'><strong>solum-</strong></span> 
     </span>
     <span class='ocr_line' id='line_1_37' title="bbox 93 2173 1514 2231; baseline -0.001 -19"><span class='ocrx_word' id='word_1_318' title='bbox 93 2173 214 2213; x_wconf 89' lang='lat' dir='ltr'><strong>modo</strong></span> <span class='ocrx_word' id='word_1_319' title='bbox 242 2183 443 2227; x_wconf 76' lang='lat' dir='ltr'><strong>portlones</strong></span> <span class='ocrx_word' id='word_1_320' title='bbox 469 2177 521 2215; x_wconf 92' lang='lat' dir='ltr'><strong>ad</strong></span> <span class='ocrx_word' id='word_1_321' title='bbox 546 2193 742 2231; x_wconf 87' lang='lat' dir='ltr'><strong>quemque</strong></span> <span class='ocrx_word' id='word_1_322' title='bbox 772 2180 1027 2216; x_wconf 77' lang='lat' dir='ltr'><strong>convivarum</strong></span> <span class='ocrx_word' id='word_1_323' title='bbox 1062 2177 1238 2225; x_wconf 85' lang='lat' dir='ltr'><strong>misisse3</strong></span> <span class='ocrx_word' id='word_1_324' title='bbox 1290 2188 1422 2212; x_wconf 89' lang='lat' dir='ltr'><strong>nonne</strong></span> <span class='ocrx_word' id='word_1_325' title='bbox 1448 2173 1514 2211; x_wconf 83' lang='lat' dir='ltr'><strong>vel</strong></span> 
     </span>
     <span class='ocr_line' id='line_1_38' title="bbox 93 2227 1514 2285; baseline 0.001 -20"><span class='ocrx_word' id='word_1_326' title='bbox 93 2229 136 2266; x_wconf 88' lang='lat' dir='ltr'><strong>in</strong></span> <span class='ocrx_word' id='word_1_327' title='bbox 172 2242 219 2267; x_wconf 87' lang='lat' dir='ltr'><strong>eo</strong></span> <span class='ocrx_word' id='word_1_328' title='bbox 260 2231 354 2269; x_wconf 85' lang='lat' dir='ltr'><strong>satis</strong></span> <span class='ocrx_word' id='word_1_329' title='bbox 391 2227 534 2278; x_wconf 76' lang='lat' dir='ltr'><strong>taedii,</strong></span> <span class='ocrx_word' id='word_1_330' title='bbox 572 2232 678 2285; x_wconf 89' lang='lat' dir='ltr'><strong>quod</strong></span> <span class='ocrx_word' id='word_1_331' title='bbox 706 2240 824 2283; x_wconf 86' lang='lat' dir='ltr'><strong>caput</strong></span> <span class='ocrx_word' id='word_1_332' title='bbox 853 2239 1010 2284; x_wconf 86' lang='lat' dir='ltr'><strong>rumpat</strong></span> <span class='ocrx_word' id='word_1_333' title='bbox 1055 2238 1094 2269; x_wconf 88' lang='lat' dir='ltr'><strong>et</strong></span> <span class='ocrx_word' id='word_1_334' title='bbox 1139 2230 1272 2268; x_wconf 89' lang='lat' dir='ltr'><strong>cibum</strong></span> <span class='ocrx_word' id='word_1_335' title='bbox 1310 2228 1514 2267; x_wconf 80' lang='lat' dir='ltr'><strong>commode</strong></span> 
     </span>
     <span class='ocr_line' id='line_1_39' title="bbox 92 2283 1515 2338; baseline -0.001 -18"><span class='ocrx_word' id='word_1_336' title='bbox 92 2295 231 2334; x_wconf 85' lang='lat' dir='ltr'><strong>capere</strong></span> <span class='ocrx_word' id='word_1_337' title='bbox 268 2291 386 2336; x_wconf 85' lang='lat' dir='ltr'><strong>atque</strong></span> <span class='ocrx_word' id='word_1_338' title='bbox 428 2287 619 2338; x_wconf 87' lang='lat' dir='ltr'><strong>respirare</strong></span> <span class='ocrx_word' id='word_1_339' title='bbox 663 2287 769 2324; x_wconf 87' lang='lat' dir='ltr'><strong>haud</strong></span> <span class='ocrx_word' id='word_1_340' title='bbox 811 2288 943 2324; x_wconf 88' lang='lat' dir='ltr'><strong>sinat?</strong></span> <span class='ocrx_word' id='word_1_341' title='bbox 982 2286 1057 2323; x_wconf 82' lang='lat' dir='ltr'><strong>Vix</strong></span> <span class='ocrx_word' id='word_1_342' title='bbox 1091 2285 1269 2323; x_wconf 88' lang='lat' dir='ltr'><strong>crederes</strong></span> <span class='ocrx_word' id='word_1_343' title='bbox 1305 2284 1358 2321; x_wconf 87' lang='lat' dir='ltr'><strong>ita</strong></span> <span class='ocrx_word' id='word_1_344' title='bbox 1398 2283 1515 2320; x_wconf 86' lang='lat' dir='ltr'><strong>fuisse</strong></span> 
     </span>
     <span class='ocr_line' id='line_1_40' title="bbox 93 2335 1511 2393; baseline -0.001 -19"><span class='ocrx_word' id='word_1_345' title='bbox 93 2343 243 2386; x_wconf 86' lang='lat' dir='ltr'><strong>actum,</strong></span> <span class='ocrx_word' id='word_1_346' title='bbox 272 2339 315 2375; x_wconf 87' lang='lat' dir='ltr'><strong>ni</strong></span> <span class='ocrx_word' id='word_1_347' title='bbox 341 2335 580 2379; x_wconf 76' lang='lat' dir='ltr'><strong>testarentur</strong></span> <span class='ocrx_word' id='word_1_348' title='bbox 605 2340 681 2379; x_wconf 91' lang='lat' dir='ltr'><strong>fide</strong></span> <span class='ocrx_word' id='word_1_349' title='bbox 709 2341 816 2393; x_wconf 81' lang='lat' dir='ltr'><strong>digni</strong></span> <span class='ocrx_word' id='word_1_350' title='bbox 848 2347 1040 2378; x_wconf 83' lang='lat' dir='ltr'><strong>auctores.</strong></span> <span class='ocrx_word' id='word_1_351' title='bbox 1094 2338 1192 2392; x_wconf 87' lang='lat' dir='ltr'><strong>[Sed</strong></span> <span class='ocrx_word' id='word_1_352' title='bbox 1223 2336 1409 2375; x_wconf 86' lang='lat' dir='ltr'><strong>credibile</strong></span> <span class='ocrx_word' id='word_1_353' title='bbox 1437 2344 1511 2385; x_wconf 86' lang='lat' dir='ltr'><strong>est,</strong></span> 
     </span>
     <span class='ocr_line' id='line_1_41' title="bbox 93 2390 1514 2447; baseline 0 -19"><span class='ocrx_word' id='word_1_354' title='bbox 93 2390 375 2443; x_wconf 83' lang='lat' dir='ltr'><strong>Imperatorem</strong></span> <span class='ocrx_word' id='word_1_355' title='bbox 410 2407 489 2431; x_wconf 90' lang='lat' dir='ltr'><strong>non</strong></span> <span class='ocrx_word' id='word_1_356' title='bbox 532 2395 715 2433; x_wconf 87' lang='lat' dir='ltr'><strong>omnibus</strong></span> <span class='ocrx_word' id='word_1_357' title='bbox 752 2397 973 2447; x_wconf 86' lang='lat' dir='ltr'><strong>promiscue</strong></span> <span class='ocrx_word' id='word_1_358' title='bbox 1013 2394 1216 2439; x_wconf 76' lang='lat' dir='ltr'><strong>convivis,</strong></span> <span class='ocrx_word' id='word_1_359' title='bbox 1262 2391 1329 2429; x_wconf 91' lang='lat' dir='ltr'><strong>sed</strong></span> <span class='ocrx_word' id='word_1_360' title='bbox 1359 2398 1514 2428; x_wconf 85' lang='lat' dir='ltr'><strong>tantum</strong></span> 
     </span>
     <span class='ocr_line' id='line_1_42' title="bbox 92 2445 1511 2501; baseline 0 -19"><span class='ocrx_word' id='word_1_361' title='bbox 92 2447 227 2496; x_wconf 87' lang='lat' dir='ltr'><strong>paucis</strong></span> <span class='ocrx_word' id='word_1_362' title='bbox 262 2447 498 2498; x_wconf 86' lang='lat' dir='ltr'><strong>quibusdam</strong></span> <span class='ocrx_word' id='word_1_363' title='bbox 531 2449 716 2498; x_wconf 84' lang='lat' dir='ltr'><strong>delectis,</strong></span> <span class='ocrx_word' id='word_1_364' title='bbox 764 2462 861 2501; x_wconf 90' lang='lat' dir='ltr'><strong>quos</strong></span> <span class='ocrx_word' id='word_1_365' title='bbox 908 2449 1146 2499; x_wconf 85' lang='lat' dir='ltr'><strong>distinguere</strong></span> <span class='ocrx_word' id='word_1_366' title='bbox 1179 2445 1295 2484; x_wconf 90' lang='lat' dir='ltr'><strong>vellet</strong></span> <span class='ocrx_word' id='word_1_367' title='bbox 1323 2445 1375 2482; x_wconf 86' lang='lat' dir='ltr'><strong>ab</strong></span> <span class='ocrx_word' id='word_1_368' title='bbox 1403 2445 1511 2493; x_wconf 85' lang='lat' dir='ltr'><strong>aliis,</strong></span> 
     </span>
     <span class='ocr_line' id='line_1_43' title="bbox 93 2499 1515 2556; baseline -0.002 -18"><span class='ocrx_word' id='word_1_369' title='bbox 93 2499 243 2539; x_wconf 79' lang='lat' dir='ltr'><strong>fercula</strong></span> <span class='ocrx_word' id='word_1_370' title='bbox 275 2501 449 2550; x_wconf 88' lang='lat' dir='ltr'><strong>misisse,</strong></span> <span class='ocrx_word' id='word_1_371' title='bbox 497 2510 539 2540; x_wconf 92' lang='lat' dir='ltr'><strong>ut</strong></span> <span class='ocrx_word' id='word_1_372' title='bbox 575 2503 666 2540; x_wconf 84' lang='lat' dir='ltr'><strong>facit</strong></span> <span class='ocrx_word' id='word_1_373' title='bbox 692 2503 871 2556; x_wconf 86' lang='lat' dir='ltr'><strong>princeps</strong></span> <span class='ocrx_word' id='word_1_374' title='bbox 902 2501 1123 2540; x_wconf 83' lang='lat' dir='ltr'><strong>Moldaviae</strong></span> <span class='ocrx_word' id='word_1_375' title='bbox 1167 2499 1264 2548; x_wconf 79' lang='lat' dir='ltr'><strong>(vid.</strong></span> <span class='ocrx_word' id='word_1_376' title='bbox 1305 2500 1358 2536; x_wconf 85' lang='lat' dir='ltr'><strong>La</strong></span> <span class='ocrx_word' id='word_1_377' title='bbox 1400 2499 1515 2536; x_wconf 81' lang='lat' dir='ltr'><strong>Croix</strong></span> 
     </span>
     <span class='ocr_line' id='line_1_44' title="bbox 94 2551 1516 2610; baseline 0 -20"><span class='ocrx_word' id='word_1_378' title='bbox 94 2551 124 2590; x_wconf 91' lang='lat' dir='ltr'><strong>l.</strong></span> <span class='ocrx_word' id='word_1_379' title='bbox 145 2567 262 2606; x_wconf 88' lang='lat' dir='ltr'><strong>supra</strong></span> <span class='ocrx_word' id='word_1_380' title='bbox 292 2556 438 2605; x_wconf 75' lang='lat' dir='ltr'><strong>citato).</strong></span> <span class='ocrx_word' id='word_1_381' title='bbox 495 2557 606 2594; x_wconf 88' lang='lat' dir='ltr'><strong>Olim</strong></span> <span class='ocrx_word' id='word_1_382' title='bbox 635 2571 793 2610; x_wconf 85' lang='lat' dir='ltr'><strong>quoque</strong></span> <span class='ocrx_word' id='word_1_383' title='bbox 822 2557 1076 2608; x_wconf 80' lang='lat' dir='ltr'><strong>imperatores</strong></span> <span class='ocrx_word' id='word_1_384' title='bbox 1102 2554 1269 2594; x_wconf 82' lang='lat' dir='ltr'><strong>Romani</strong></span> <span class='ocrx_word' id='word_1_385' title='bbox 1295 2567 1366 2592; x_wconf 90' lang='lat' dir='ltr'><strong>sua</strong></span> <span class='ocrx_word' id='word_1_386' title='bbox 1395 2566 1516 2591; x_wconf 88' lang='lat' dir='ltr'><strong>manu</strong></span> 
     </span>
     <span class='ocr_line' id='line_1_45' title="bbox 96 2608 1515 2662; baseline 0 -17"><span class='ocrx_word' id='word_1_387' title='bbox 96 2610 270 2648; x_wconf 85' lang='lat' dir='ltr'><strong>convivis</strong></span> <span class='ocrx_word' id='word_1_388' title='bbox 295 2610 441 2648; x_wconf 82' lang='lat' dir='ltr'><strong>fercula</strong></span> <span class='ocrx_word' id='word_1_389' title='bbox 460 2611 678 2650; x_wconf 86' lang='lat' dir='ltr'><strong>mittebant.</strong></span> <span class='ocrx_word' id='word_1_390' title='bbox 749 2611 996 2662; x_wconf 87' lang='lat' dir='ltr'><strong>Lampridius</strong></span> <span class='ocrx_word' id='word_1_391' title='bbox 1016 2612 1056 2647; x_wconf 90' lang='lat' dir='ltr'><strong>in</strong></span> <span class='ocrx_word' id='word_1_392' title='bbox 1074 2609 1188 2647; x_wconf 85' lang='lat' dir='ltr'><strong>Alex.</strong></span> <span class='ocrx_word' id='word_1_393' title='bbox 1246 2608 1396 2646; x_wconf 81' lang='lat' dir='ltr'><strong>Severo</strong></span> <span class='ocrx_word' id='word_1_394' title='bbox 1416 2608 1515 2657; x_wconf 83' lang='lat' dir='ltr'><strong>(Ser.</strong></span> 
     </span>
     <span class='ocr_line' id='line_1_46' title="bbox 98 2661 1517 2719; baseline 0.001 -21"><span class='ocrx_word' id='word_1_395' title='bbox 98 2661 203 2699; x_wconf 82' lang='lat' dir='ltr'><strong>Hist.</strong></span> <span class='ocrx_word' id='word_1_396' title='bbox 229 2663 334 2717; x_wconf 85' lang='lat' dir='ltr'><strong>Aug.</strong></span> <span class='ocrx_word' id='word_1_397' title='bbox 366 2665 416 2703; x_wconf 91' lang='lat' dir='ltr'><strong>T.</strong></span> <span class='ocrx_word' id='word_1_398' title='bbox 437 2666 470 2703; x_wconf 91' lang='lat'><strong>1.</strong></span> <span class='ocrx_word' id='word_1_399' title='bbox 503 2679 544 2717; x_wconf 89' lang='lat' dir='ltr'><strong>p.</strong></span> <span class='ocrx_word' id='word_1_400' title='bbox 565 2665 674 2718; x_wconf 78' lang='lat'>951.)</span> <span class='ocrx_word' id='word_1_401' title='bbox 691 2681 704 2706; x_wconf 88' lang='lat'>:</span> <span class='ocrx_word' id='word_1_402' title='bbox 744 2679 896 2719; x_wconf 79' lang='lat' dir='ltr'><strong>semper</strong></span> <span class='ocrx_word' id='word_1_403' title='bbox 922 2665 972 2703; x_wconf 86' lang='lat' dir='ltr'><strong>de</strong></span> <span class='ocrx_word' id='word_1_404' title='bbox 993 2678 1109 2702; x_wconf 83' lang='lat' dir='ltr'><strong>manu</strong></span> <span class='ocrx_word' id='word_1_405' title='bbox 1134 2677 1206 2701; x_wconf 80' lang='lat' dir='ltr'><strong>sua</strong></span> <span class='ocrx_word' id='word_1_406' title='bbox 1230 2663 1411 2700; x_wconf 65' lang='lat' dir='ltr'><strong>mim&#39;svis</strong></span> <span class='ocrx_word' id='word_1_407' title='bbox 1425 2674 1517 2700; x_wconf 84' lang='lat' dir='ltr'><strong>con-</strong></span> 
     </span>
     <span class='ocr_line' id='line_1_47' title="bbox 95 2715 1516 2774; baseline 0 -20"><span class='ocrx_word' id='word_1_408' title='bbox 95 2715 201 2769; x_wconf 56' lang='lat' dir='ltr'><strong>vivii</strong></span> <span class='ocrx_word' id='word_1_409' title='bbox 231 2725 269 2754; x_wconf 76' lang='grc' dir='ltr'><strong>ετ</strong></span> <span class='ocrx_word' id='word_1_410' title='bbox 297 2732 443 2772; x_wconf 81' lang='lat' dir='ltr'><strong>panem</strong></span> <span class='ocrx_word' id='word_1_411' title='bbox 475 2728 513 2758; x_wconf 82' lang='lat' dir='ltr'><strong>et</strong></span> <span class='ocrx_word' id='word_1_412' title='bbox 539 2729 672 2774; x_wconf 82' lang='lat' dir='ltr'><strong>partes</strong></span> <span class='ocrx_word' id='word_1_413' title='bbox 718 2728 786 2757; x_wconf 80' lang='lat' dir='ltr'><strong>aut</strong></span> <span class='ocrx_word' id='word_1_414' title='bbox 817 2720 967 2758; x_wconf 83' lang='lat' dir='ltr'><strong>olerum</strong></span> <span class='ocrx_word' id='word_1_415' title='bbox 997 2727 1064 2757; x_wconf 82' lang='lat' dir='ltr'><strong>aut</strong></span> <span class='ocrx_word' id='word_1_416' title='bbox 1094 2719 1223 2758; x_wconf 80' lang='lat' dir='ltr'><strong>carnis</strong></span> <span class='ocrx_word' id='word_1_417' title='bbox 1258 2725 1325 2767; x_wconf 61' lang='lat' dir='ltr'><strong>au}</strong></span> <span class='ocrx_word' id='word_1_418' title='bbox 1354 2716 1516 2768; x_wconf 80' lang='lat' dir='ltr'><strong>legumi-</strong></span> 
     </span>
    </p>
   </div>
   <div class='ocr_carea' id='block_1_5' title="bbox 90 2791 1236 2839">
    <p class='ocr_par' dir='ltr' id='par_1_6' title="bbox 90 2791 1236 2839">
     <span class='ocr_line' id='line_1_48' title="bbox 90 2791 1236 2839; baseline 0.005 -17"><span class='ocrx_word' id='word_1_419' title='bbox 90 2816 93 2817; x_wconf 19' lang='lat'><em>⁷</em></span> <span class='ocrx_word' id='word_1_420' title='bbox 139 2791 412 2827; x_wconf 76' lang='lat' dir='ltr'><strong>Constantinus</strong></span> <span class='ocrx_word' id='word_1_421' title='bbox 431 2794 601 2839; x_wconf 69' lang='lat' dir='ltr'><strong>Por-phyr</strong></span> <span class='ocrx_word' id='word_1_422' title='bbox 635 2794 711 2832; x_wconf 81' lang='lat' dir='ltr'><em>Vol.</em></span> <span class='ocrx_word' id='word_1_423' title='bbox 737 2794 783 2828; x_wconf 86' lang='grc' dir='ltr'><strong>ΙΙ.</strong></span> <span class='ocrx_word' id='word_1_424' title='bbox 1195 2792 1236 2826; x_wconf 88' lang='grc'><strong>55</strong></span> 
     </span>
    </p>
   </div>
  </div>
 </body>
</html>
