1884 3132
175 193 254 236 AD
293 192 588 235 CONSTANT.
626 192 822 234 Ponrn.
865 194 938 233 DE
975 193 1156 234 cmm.
1197 193 1294 233 Lm.
1327 195 1379 233 11.
1422 174 1532 248 897

96 301 156 334 αεὶ
172 323 184 342 ,
220 295 254 333 si
282 301 438 347 putent,
467 309 508 333 se
534 302 622 348 post
644 293 830 332 iaudatos
850 293 970 332 modo
998 293 1232 332 duumviros
1258 301 1298 332 et
1315 293 1535 332 wesselin-

98 350 211 401 gium
249 349 300 388 ad
340 350 574 396 Rineraria,
610 351 707 388 item
733 348 964 395 Cellarium,
996 362 1107 401 posse
1134 362 1281 386 novum
1315 348 1467 400 aliquid
1495 355 1535 386 et

96 403 290 442 indictum
313 405 502 456 reperire.
559 403 660 443 Mihi
687 404 781 442 satis
810 403 885 441 suit
914 403 955 441 in
973 403 1124 441 Latinis
1150 417 1286 441 veram
1305 403 1531 453 lectionem,

95 457 130 495 si
157 464 252 496 nota
281 457 378 496 mihi
415 458 512 507 fuit,
556 458 846 497 demonstrasse
876 464 916 496 et
947 459 1193 510 expressisse.
1251 457 1461 495 Caeterum
1493 458 1535 495 in

97 510 299 564 Eparchia
328 512 478 566 Lydiae
505 511 761 552 vehementer
798 512 882 550 abit
907 511 1034 550 Taur.
1075 525 1099 550 a
1127 518 1287 558 nostra,
1331 518 1370 550 et
1411 513 1536 563 magis

37 614 42 618 ῃ
96 578 191 604 cum
218 565 404 605 Holsten.
456 569 668 615 convenit,
704 566 812 618 quod
848 566 977 618 primo
1005 565 1195 616 mirabar,
1226 573 1440 618 antequam
1462 566 1534 604 de-

94 619 397 672 prehenderem,
428 622 623 674 integrum
641 620 780 660 folium
794 619 1035 659 membranis
1062 622 1176 670 meis,
1202 620 1352 673 absque
1370 620 1533 659 lacunae

93 681 233 713 tamen
258 675 467 715 manifesto
495 678 676 727 vestigio,
708 676 856 714 deesse.
914 674 1012 712 Nam
1041 675 1183 728 pagina
1211 676 1252 713 in
1282 673 1435 726 Αὕρηλ
1463 675 1532 713 de-

95 728 264 768 sinebat.
317 730 453 770 Facile
483 732 559 769 erit
585 730 782 769 desectum
811 729 919 768 hunc
947 743 970 767 e
997 729 1149 767 Nomia
1177 730 1375 767 Goariana
1403 731 1532 780 prima

95 789 139 822 et
162 783 427 832 Taurinensi,
474 799 574 839 quae
617 783 758 823 ambae
800 785 950 836 optime
978 797 1068 821 cum
1097 790 1231 822 nostra
1261 785 1528 829 conveniunt,

98 837 300 890 supplere.
357 838 486 878 Locus
506 839 571 878 hic
599 853 680 877 non
709 840 872 891 patitur,
902 839 1134 891 praesertim
1162 852 1287 889 quum
1319 837 1534 876 Lcichiana

99 892 232 931 locum
263 901 451 945 occupet,
481 901 521 933 et
546 895 691 932 sarcire
719 891 1012 946 quodammodo
1039 891 1222 931 lacunam
1258 891 1361 930 hanc
1391 894 1532 944 possit,

97 949 282 999 quamvis
309 947 436 987 multo
463 949 604 987 Nostra
630 949 682 987 sit
709 948 926 992 recentior,
959 953 998 985 et
1026 946 1077 984 ab
1097 961 1141 984 ea
1170 946 1425 984 vehementer
1450 946 1531 984 dis-

97 1008 261 1054 crepet,
300 1003 448 1054 optime
474 1010 608 1042 autem
635 1016 727 1042 eum
756 1000 999 1041 Freheriana
1024 1008 1217 1054 congruat
1232 1031 1245 1050 ,
1280 1007 1326 1039 ut
1357 1014 1380 1040 e
1406 1000 1535 1040 colla-

95 1055 206 1095 tione
231 1057 397 1109 patebit.

205 1110 256 1151 A.
282 1110 325 1150 8.
354 1110 467 1166 [795‚
483 1111 567 1163 an]
599 1107 831 1157 Νακωλίας.
879 1109 955 1148 Hic
978 1116 1019 1148 et
1043 1116 1248 1162 sequentes
1263 1110 1463 1161 pertinent
1482 1109 1534 1148 ad

97 1162 314 1219 Phrygiam
333 1166 560 1206 salutarem.
618 1165 699 1210 Pro
717 1163 935 1216 Μηδιαίου
961 1164 1092 1203 Holst.
1125 1164 1166 1202 5.
1192 1160 1417 1216 ΒΙηδαίους
1441 1164 1535 1202 dein

98 1231 174 1271 pro
197 1218 400 1271 προμῖσου
422 1220 552 1260 Holst.
581 1234 621 1258 2.
642 1228 682 1258 et
697 1220 822 1258 Taur.
844 1216 1092 1271 προμίσσου,
1109 1218 1277 1257 Freher.
1305 1213 1535 1270 προμήσου.

208 1272 261 1312 A.
286 1288 328 1327 9.
372 1273 594 1328 [795‚22.]
633 1270 854 1325 Σιβῆνδου.
923 1272 1054 1311 Holst.
1096 1287 1134 1311 2.
1162 1270 1371 1321 σεβίνδου,
1407 1273 1532 1310 Goar.

99 1326 306 1378 σιβίλδου,
334 1328 502 1368 Freher.
532 1327 758 1379 σινβίνδου,
786 1325 922 1367 Leich.
942 1324 1156 1378 συβίνδου,
1183 1326 1309 1365 Taur.
1327 1322 1534 1366 σικνόδου.

98 1376 342 1432 πολυβότου.
380 1383 571 1436 φυτείας.

208 1436 263 1475 A.
278 1444 412 1490 antep.
443 1437 555 1493 [795‚
579 1436 667 1488 23.}
693 1433 949 1490 Εὖκαρπίας.
1001 1434 1138 1474 Leich.
1157 1431 1489 1487 εὕκαρπουπιῖιςς
1508 1433 1535 1473 f.

98 1489 437 1544 Euoerpopoleos.

210 1545 320 1589 Ibid.
350 1547 390 1600 [7
422 1547 463 1592 6,
491 1545 549 1600 1.]
568 1542 828 1592 Λυσσιάδος.
883 1545 1006 1583 Tanr.
1035 1550 1074 1581 et
1102 1544 1226 1582 Goar.
1257 1538 1470 1587 λυσιάδος.

209 1600 265 1639 A.
279 1615 371 1654 pen.
391 1562 507 1655 [Sy-96,
529 1600 577 1654 n]
597 1600 775 1651 Βροζοῦ.
801 1594 1120 1650 Ταιιτ.Βρύζου,
1143 1595 1273 1636 Holst.
1291 1596 1332 1634 5.
1347 1593 1536 1647 Βρυσοῧ.

207 1654 315 1698 Ibid.
347 1654 456 1709 [796‚
477 1655 536 1709 2.]
577 1651 821 1699 Λυκάωνος.
873 1654 1001 1691 Taur.
1028 1648 1262 1696 λυκιεονίας.
1288 1646 1538 1690 στεκτονίου.

102 1708 409 1764 Κινναβωρώυ.
436 1707 547 1755 κόνις
570 1704 658 1761 ἤτοι
684 1702 1094 1759 Δημητριουπόλεως.
1135 1703 1319 1746 Holsten.
1352 1717 1393 1742 2.
1436 1705 1531 1742 Λυ-

335 1754 1303 1871 ff⁶2202203³235513ass53222immiso..
1331 1811 1365 1850 2-

250 1847 262 1858 .
296 1834 333 1859 ι.
466 1849 476 1865 ,
527 1848 537 1857 .
882 1844 892 1853 .
1062 1841 1076 1852 .
1361 1839 1372 1850 .
1487 1833 1533 1862 3-

104 1869 278 1920 ὃαπὼς,
308 1832 437 1913 Bolia
465 1874 503 1911 5.
534 1830 788 1920 σκορὸἔπήκς
813 1877 853 1908 et
875 1867 1105 1919 ἅβροκλῶν.

213 1927 261 1965 Β.
291 1927 332 1967 5.
369 1926 484 1994 L7qss‚
506 1925 570 1980 6.]
606 1919 854 1965 Οὖασάδων.
905 1924 1026 1962 Taur.
1058 1917 1262 1970 οὖσάδων,
1291 1917 1533 1966 Usadarum,

104 1978 236 2020 Holst.
271 1995 310 2021 2.
341 1971 577 2030 ουσῖένὸων,
612 1978 742 2018 Holst.
773 1979 813 2017 3.
842 1972 1084 2028 ὄνασάνδης,
1125 1977 1248 2014 Goar.
1284 1969 1536 2025 Ἀνασάὸῖης,

100 2033 269 2074 Freher.
311 2032 536 2083 Βασάδων,
562 2033 699 2073 Leich.
731 2027 978 2072 Βασάνδων.

210 2089 317 2129 Ibid.
350 2090 460 2144 [796,
481 2088 546 2143 6.]
576 2083 830 2138 Ἀμβλάὸων.
885 2084 1012 2126 Holst.
1033 2083 1073 2122 5.
1097 2079 1318 2133 ἇμδάδων,
1346 2080 1415 2120 sed
1431 2080 1535 2119 Fre-

100 2143 190 2184 her.
227 2152 275 2183 ut
311 2145 465 2184 Noster.
503 2142 641 2184 Leich.
683 2134 968 2191 Αὕλβλάδων,
1011 2138 1045 2177 si
1074 2144 1178 2176 recte
1216 2137 1429 2189 exscriptus
1457 2135 1534 2173 fixit

102 2199 257 2292 wdexli.
288 2252 329 2293 6.
365 2253 477 2307 [796‚
497 2250 557 2307 7.]
582 2245 909 2300 Νοουμανάδων.
967 2245 1092 2285 Taur.
1117 2240 1382 2295 οὗμανὰδών,
1404 2242 1531 2282 Uma-

102 2307 321 2354 nudorum,
372 2314 411 2346 et
444 2307 499 2346 sic
533 2319 691 2359 quoque
719 2310 776 2343 est
810 2305 850 2342 in
881 2300 1012 2340 Holst.
1044 2315 1103 2348 2.,
1136 2299 1176 2336 in
1207 2297 1318 2337 euius
1354 2299 1534 2350 margine

100 2362 310 2452 goa-rigitur
341 2357 631 2411 ὄνομανάδων,
660 2366 707 2398 ut
734 2364 792 2397 est
820 2360 861 2395 in
886 2354 1016 2395 Holst.
1045 2355 1104 2405 3.;
1136 2351 1302 2391 Freher.
1329 2359 1368 2391 et
1393 2351 1530 2391 Leich.

150 2412 381 2455 Mava‘dmv.

209 2471 256 2508 B.
295 2469 337 2508 6.
377 2467 564 2522 [796‚7.]
605 2467 822 2506 Μισθίων.
887 2462 1049 2503 Omittit
1092 2460 1223 2503 Holst.
1251 2462 1290 2502 3.
1342 2460 1383 2499 Si
1422 2467 1530 2498 recte

101 2523 222 2562 tradit
258 2524 398 2562 notitia
437 2522 650 2560 Leichiana
687 2534 804 2573 supra
840 2520 882 2557 in
909 2515 1080 2567 generali
1108 2516 1335 2554 recensione
1362 2514 1531 2553 Archie-

100 2578 169 2670 gia
193 2586 374 2671 multiliilmn
389 2607 413 2671 a
437 2570 1024 2669 ῗῗιῐειξὲἱξθὲᾜοιξξειέἒλίζὲᾌεῑω
1050 2568 1352 2675 {lieffbessfflgai'
1374 2570 1529 2661 ἲζδοῖἓῖ

99 2684 227 2724 Taur.
262 2687 495 2737 Βερέττης,
540 2683 668 2722 Holst.
713 2697 751 2721 2.
792 2679 1034 2733 Βαρέττης,
1086 2677 1218 2717 Holst.
1251 2678 1288 2716 3.
1328 2677 1523 2729 Βερέτης.

103 2737 178 2776 lua
206 2742 397 2788 variatio,
429 2741 541 2778 cuius
562 2741 640 2777 iam
667 2737 819 2789 aliquot
846 2734 1021 2789 exempla
1049 2733 1288 2782 habuimus,
1318 2734 1357 2771 in
1386 2744 1435 2784 ης
1463 2745 1531 2785 ge-

148 2815 406 2853 constantinus
433 2815 607 2861 Porphyr.
636 2814 708 2848 Vol.
737 2814 785 2849 ΙΙ.
1231 2809 1274 2852 57
