1832 3126
222 217 298 260 An
337 216 634 260 consum.
674 216 871 258 Pomm.
911 217 982 256 m:
1019 215 1198 258 cmm.
1234 215 1334 256 Lm.
1375 217 1408 255 1.
1461 194 1526 251 81

199 318 248 358 C.
269 319 308 358 3.
342 318 434 373 [11,
471 317 557 372 19.]
596 314 786 368 εὖτὺχια.
843 316 902 356 Ut
928 326 1111 367 sceptra,
1135 311 1229 356 'hoc
1266 323 1324 356 est
1364 316 1533 368 vexilla,

89 387 164 428 pro
181 374 431 427 sceptrigeris
467 387 539 412 seu
566 371 818 422 vexilliferis,
860 373 916 410 ita
958 367 1119 426 q'uoque
1154 373 1397 411 For-lunulae
1412 402 1424 422 ,
1465 385 1538 411 seu

88 430 343 479 victorzblae,
384 441 460 481 pro
497 427 601 477 illis,
644 427 715 479 qui
750 434 842 482 ante
869 441 987 465 suum
1023 427 1236 479 collegium
1254 456 1266 476 ,
1306 426 1502 480 legionem
1520 457 1534 475 ,

87 483 348 523 cohortemve
375 496 488 522 suam
505 482 688 520 fortunae
715 489 786 520 aut
816 481 1048 520 victoriolae
1076 483 1234 533 signum
1252 483 1294 519 in
1312 482 1395 535 pilo
1413 496 1531 534 prae-

90 539 238 577 serunt.
296 538 402 589 Quia
437 538 628 576 victoriae
661 543 730 574 aut
766 536 1000 575 Victoriolae
1032 537 1075 574 in
1106 537 1315 576 Praetorio
1349 536 1533 577 solebant
1595 586 1598 588 q

88 593 308 643 asservari,
351 592 510 631 videtur
543 606 590 630 eo
624 598 755 630 motus
795 591 846 630 cl.
893 591 1063 638 Leiche‚
1119 598 1166 630 ut
1214 587 1422 642 εὕτύχια,
1465 591 1532 633 vel

88 649 223 701 potius
260 645 458 698 εὖτυχεῖα
471 676 484 695 ,
519 646 561 684 id
591 653 648 684 est
667 647 779 698 signa
798 647 997 685 Fortunae
1025 647 1148 685 bonae
1164 675 1176 696 ,
1206 652 1276 684 aut
1308 646 1499 685 victoriae
1514 675 1529 697 ,

93 702 278 742 redderet
299 702 560 756 praetoriani.
617 701 800 739 Desierat
815 701 892 740 sub
910 701 1085 740 CPtanis
1105 702 1236 753 Impp.
1259 714 1405 739 nomen
1424 716 1536 754 prae·

89 758 355 806 torianorum,
385 756 608 795 eteNostri
625 770 669 808 p.
690 754 784 806 415.
818 756 864 794 C.
879 757 935 795 D.
953 762 1108 794 constat
1134 755 1363 794 victoriolas
1388 762 1426 793 et
1456 771 1533 796 sce-

89 818 181 865 ptra
209 811 533 861 Scholariorum,
562 811 755 850 dracones
775 818 910 850 autem
939 811 1230 850 Excubitorum
1258 812 1370 863 signa
1395 810 1532 850 fuisse.

89 867 195 906 Dico
224 866 408 920 pluribus
436 865 511 904 hac
541 865 592 904 de
616 879 715 905 voce
743 866 794 904 ad
822 881 863 919 p.
886 867 982 906 332.
1012 866 1066 906 D.
1090 881 1131 920 7.
1170 872 1211 905 et
1236 865 1288 905 de
1325 879 1367 905 v.
1402 859 1533 920 σκεύη

91 921 204 976 adp.
234 921 328 960 352.
361 921 419 959 D.
448 927 581 974 antep.
613 927 652 959 et
684 919 779 970 415.
811 922 866 960 D.
897 922 937 961 3.

203 975 250 1014 C.
269 976 312 1024 4.
337 975 427 1030 [11,
448 974 538 1028 αα]
571 971 856 1027 προτικτόρων.
910 976 1165 1015 Protectores
1191 979 1285 1014 sunt
1311 986 1437 1028 genus
1465 973 1533 1015 ali-

93 1030 203 1085 quod
227 1030 395 1070 militiae
432 1030 631 1083 palatinae
660 1033 911 1084 pompaticae
946 1030 1193 1084 protegendo
1221 1030 1412 1083 principis
1441 1043 1532 1068 cor-

91 1088 183 1140 pori
218 1085 459 1124 destinatum
478 1114 490 1135 ,
534 1084 668 1138 qualia
691 1092 753 1124 tot
783 1093 896 1125 erant
912 1116 923 1132 ‚
964 1093 1026 1137 ut,
1056 1084 1259 1139 quomodo
1288 1084 1532 1137 discrepent,

84 1154 176 1180 -non
210 1147 378 1180 constet.
436 1140 522 1178 lam
555 1140 718 1179 flierunt
743 1142 990 1194 temporibus
1007 1141 1324 1190 Antoninorum3
1355 1154 1396 1179 v.
1418 1141 1533 1192 Spar·

92 1197 195 1234 tian.
237 1197 280 1234 in
311 1194 516 1234 Caracalla
545 1195 598 1233 T.
629 1195 663 1233 I.
696 1210 736 1248 p.
768 1196 862 1251 7¹3·
902 1196 1071 1235 Guther.
1115 1196 1170 1234 Ο.
1199 1195 1252 1233 D.
1283 1194 1336 1232 A.
1369 1209 1413 1248 p.
1434 1194 1530 1245 425.

94 1249 192 1304 617.
248 1249 384 1289 Vales.
428 1250 542 1288 initio
574 1250 828 1303 praefationis
866 1251 918 1290 ad
945 1252 1117 1304 primam
1146 1249 1352 1288 Ammiani
1389 1249 1534 1288 editio-

95 1319 214 1353 nem,
248 1304 321 1343 ubi
346 1306 402 1344 ait
415 1305 593 1354 Ducum,
619 1307 812 1345 comitum
840 1308 879 1345 e't
907 1307 1191 1360 magistrorum
1214 1304 1317 1344 filios
1335 1306 1377 1343 in
1393 1304 1532 1344 schola

95 1366 368 1413 protectomm
394 1360 608 1406 militasse,
638 1368 678 1399 et
703 1375 747 1414 p.
768 1362 878 1402 58.b
896 1362 948 1400 ad
967 1362 1104 1399 Amm.
1138 1361 1285 1410 Marc„
1326 1361 1374 1398 it.
1396 1375 1440 1412 p.
1460 1360 1528 1399 52.

97 1414 153 1465 b,
170 1414 243 1453 ubi
266 1421 510 1468 protectores
540 1415 771 1468 simpliciter
798 1418 853 1455 sic
878 1416 1004 1455 dictos
1033 1430 1057 1454 a
1075 1413 1367 1468 protectoribus
1393 1415 1533 1454 dome-

98 1470 207 1508 sticis
223 1498 236 1520 ,
282 1469 352 1522 qui
390 1477 429 1508 et
452 1470 659 1508 domestici
685 1471 793 1510 nude
819 1471 1148 1523 appellabantur,
1196 1469 1373 1508 diversos
1411 1469 1533 1507 fuisse

98 1524 172 1562 ait.
228 1524 501 1563 Memorabilis
528 1532 587 1563 est
614 1525 664 1563 de
688 1525 751 1564 his
786 1526 1077 1578 protectoribus
1102 1531 1142 1563 et
1169 1523 1394 1562 domesticis
1418 1523 1533 1562 locus

99 1577 207 1630 apud
239 1578 414 1631 Procop.
446 1578 602 1617 Anecd.
626 1581 678 1632 p.
714 1579 805 1619 108.
835 1581 926 1618 init.
982 1580 1231 1618 Protectores
1265 1579 1396 1617 medio
1431 1591 1531 1616 aevo

98 1632 315 1672 inclinante
347 1643 632 1672 conservatores
673 1633 950 1686 appellabant,
998 1648 1100 1688 quae
1129 1647 1207 1672 vox
1238 1633 1280 1671 in
1318 1633 1530 1672 Ceremon.

99 1687 219 1727 Rom.
246 1687 400 1727 Eccles.
433 1702 549 1741 saepe
573 1690 760 1727 occurrit.

208 1737 318 1782 Ibid.
341 1741 381 1796 [1
396 1757 431 1792 1,
453 1742 542 1796 20.]
574 1739 826 1796 Σινατόρων.
862 1741 1008 1793 Quales
1026 1742 1176 1781 fuerint
1193 1744 1425 1791 Senatores,
1462 1744 1535 1781 mi-

99 1796 146 1836 hi
172 1810 256 1836 non
283 1804 453 1836 constat.
513 1799 629 1837 Certe
672 1798 835 1837 Senatus
866 1798 1039 1836 membra
1074 1797 1140 1836 hic
1165 1811 1248 1839 non
1280 1803 1413 1845 notat,
1460 1797 1532 1836 sed

31 1880 33 1882 ·
98 1851 260 1891 videtur
289 1867 412 1905 genus
445 1852 607 1906 aliquod
649 1853 812 1892 militiae
854 1853 1053 1906 palatinae
1096 1853 1330 1895 ostensualis
1364 1859 1528 1899 notare,

101 1913 142 1946 et
170 1906 332 1960 quidem
355 1921 437 1946 non
466 1908 582 1947 valde
614 1908 770 1947 honesti
802 1908 967 1947 ordinis.
1026 1906 1294 1964 Hieronymus
1327 1907 1532 1946 Senatores

99 1969 277 2000 recenset
293 1963 397 2001 inter
422 1964 674 2016 magistratus
701 1963 915 2011 militares,
945 1964 1058 2016 epist.
1087 1963 1139 2001 ad
1155 1962 1415 2005 pammach:
1441 1969 1534 2016 post

100 2016 291 2055 tribunum
326 2019 595 2072 privaremus,
644 2019 787 2058 deinde
814 2027 989 2066 senator,
1033 2017 1285 2068 ducenarius,
1328 2018 1527 2064 biarchus,

58 2089 62 2091 ’
101 2071 279 2119 οἰκίων,
316 2087 445 2127 eques.
505 2074 741 2112 Draconarii
771 2081 865 2112 sunt
901 2073 1090 2126 signiferi.
1149 2075 1395 2114 Modestinus
1424 2070 1531 2124 apud

101 2124 370 2179 Lindenbrog.
393 2127 444 2166 ad
461 2127 664 2167 Ammian.
695 2128 876 2168 Marcell.
911 2143 952 2181 p.
975 2127 1070 2176 264.
1092 2141 1141 2165 at
1198 2127 1402 2182 Signiferi,
1437 2138 1533 2181 quos

41 2202 47 2208 -
102 2193 206 2219 nunc
226 2180 480 2221 draconar-ios
511 2185 731 2238 appellant.
787 2184 991 2222 Dracones
1019 2184 1123 2221 enim
1153 2199 1179 2223 a
1204 2183 1366 2236 singulis
1391 2183 1530 2240 00qu-

94 2234 203 2272 tibus·
214 2236 408 2286 firmetur
430 2238 473 2275 in
494 2240 709 2292 praelium.
764 2239 860 2278 Vid.
897 2238 1069 2276 Guther.
1096 2252 1137 2290 p.
1161 2238 1255 2293 409.
1314 2236 1448 2277 Vales.
1476 2234 1529 2273 ad

104 2287 244 2328 Amm.
271 2291 451 2329 Marcell.
486 2307 528 2344 p.
555 2292 645 2344 142.
681 2294 802 2332 Goar.
835 2293 887 2332 ad
919 2293 1060 2331 Codin.
1083 2307 1124 2345 p.
1146 2293 1215 2332 86.
1245 2307 1286 2332 11.
1307 2294 1373 2331 31.
1434 2290 1532 2329 Har·

103 2342 219 2382 duin.
249 2345 302 2383 ad
332 2346 526 2386 Themist.
560 2362 600 2400 p.
624 2349 717 2401 371.
747 2356 787 2388 et
813 2349 953 2388 Petav.
996 2347 1046 2386 ad
1078 2349 1246 2387 eundem
1287 2361 1329 2400 p.
1361 2343 1456 2397 483.
1491 2350 1534 2383 et

31 2436 34 2438 ,
103 2400 317 2452 praecipue
349 2401 416 2438 Du
450 2401 583 2455 Gange
615 2403 745 2442 Gloss.
776 2404 866 2442 Lat.
906 2417 947 2441 v.
993 2403 1128 2440 Draco
1168 2410 1206 2442 et
1241 2401 1528 2441 Drawnarius.

105 2453 310 2493 Dracones
330 2455 462 2494 adhuc
488 2456 655 2497 Saeculo
687 2458 782 2497 XII.
817 2472 889 2512 pro
914 2459 1035 2510 signis
1068 2456 1187 2496 fuisse
1218 2464 1388 2510 gestatos
1415 2469 1531 2508 appa·

105 2514 169 2547 ret
195 2521 218 2547 e
243 2509 378 2549 Niceta
401 2525 442 2562 p.
466 2524 558 2565 209.
598 2513 645 2551 Β.
671 2513 712 2552 3.
768 2513 830 2552 De
869 2513 1016 2551 labaris
1051 2512 1158 2551 conf.
1195 2512 1300 2551 idem
1325 2511 1392 2550 Gl.
1438 2511 1530 2548 Lat.

106 2560 152 2600 h.
180 2575 223 2601 v.
253 2564 569 2619 Chmpidzoetoria
592 2567 781 2607 videntur
806 2569 918 2621 signa
948 2566 1284 2620 Campiductorwn
1314 2581 1410 2605 esse.
1471 2565 1534 2602 De

107 2616 472 2670 ‘campiductoribus
501 2628 542 2659 et
566 2622 927 2676 campidoctoribus
940 2651 951 2669 ‚
994 2623 1123 2660 sintne
1152 2622 1321 2669 diversi,
1358 2621 1536 2672 disputat

109 2670 244 2711 Valoe.
274 2673 326 2712 ad
344 2674 480 2714 Amm.
499 2677 626 2716 Marc.
647 2692 690 2730 p.
711 2677 805 2717 236.
865 2674 982 2715 Conf.
1016 2677 1082 2714 Du
1102 2676 1235 2731 Gange
1260 2676 1326 2715 Gl.
1357 2676 1405 2713 L.
1426 2671 1470 2712 h'.
1488 2686 1531 2712 v.

217 2726 265 2766 C.
286 2743 327 2792 7.
359 2728 447 2783 [11‚
469 2729 559 2785 22.]
589 2727 768 2781 βάνδων.
824 2731 932 2770 Infra
959 2745 1000 2782 p.
1022 2729 1117 2781 416.
1137 2733 1186 2771 Β.
1205 2745 1299 2785 pen.
1317 2734 1536 2769 occurrunt

111 2778 378 2835 βανδοφοροι,
405 2782 676 2838 λαβουρήσιοι
703 2793 743 2825 et
767 2783 1057 2839 σημειοφόροι.
1110 2786 1212 2826 Sunt
1225 2786 1424 2838 bandg'seri
1456 2782 1533 2836 illi,

158 2845 419 2883 Constantinus
436 2850 610 2896 Porphyr.
641 2852 716 2886 Vol.
739 2851 788 2886 LI.
1152 2850 1158 2852 8
1248 2852 1274 2886 6
