1884 3132
299 104 413 159 606
586 122 657 164 ιο.
699 122 805 164 1Αο.
850 124 1044 165 REISKII
1087 124 1463 169 COMMENTARu

303 233 408 275 rant,
438 225 651 280 imaginem
678 227 757 267 viri
776 241 868 266 cum
899 242 1016 268 cruce
1047 230 1089 268 in
1110 244 1246 294 panno
1262 237 1408 270 textam
1435 230 1604 284 imagine
1628 232 1745 273 bovis

304 290 375 322 aut
413 283 571 336 aquilae
617 285 855 322 sanctionem
894 297 992 322 esse.
1067 286 1208 325 Vestes
1237 287 1356 339 igitur
1399 285 1546 325 Christi
1573 288 1746 342 signatas

302 339 476 391 imagine
507 338 757 388 induebant,
786 351 867 391 quo
896 341 1039 378 summi
1069 342 1218 394 quique
1246 355 1356 394 reges
1377 347 1415 379 et
1447 349 1650 395 magnates
1677 357 1745 382 ca-

303 368 407 447 pitae
415 393 489 432 sibi
520 393 827 443 submitteient‚
855 394 1055 447 exemplar
1084 410 1263 435 summae
1291 395 1507 435 modestiae
1535 404 1656 450 atque
1675 397 1746 436 hu·

303 448 483 487 militatis
512 449 677 487 hamum
706 422 892 488 facientes
929 450 1173 490 ambitionis.
1229 450 1399 490 Crucem
1430 450 1569 490 calceis
1597 454 1746 492 intexe-

302 503 401 542 bant
423 533 435 553 ,
479 511 526 543 ut
567 503 702 543 oscula
739 506 890 557 spurcis
937 506 1017 544 suis
1046 506 1214 559 pedibus
1258 506 1532 546 venerandum
1561 521 1679 546 omne
1707 515 1746 546 et

299 566 481 598 sanctum
509 573 553 598 os
580 560 839 613 imprimeret.
894 560 947 598 V.
977 561 1045 599 Du
1065 561 1196 615 Gange
1225 575 1268 600 v.
1297 559 1587 612 Ἐπιμανίκιον
1614 569 1654 601 et
1677 559 1748 602 ‘T-

304 614 554 664 πομανίκιον
582 622 622 653 et
650 629 772 668 supra
802 615 907 653 dicta
936 616 986 654 ad
1018 631 1057 669 p.
1085 616 1152 679 76.
1177 617 1220 655 B.
1246 630 1280 655 ι.

387 667 481 708 502.
505 670 551 708 C.
571 671 609 709 3.
652 669 770 725 [524,
807 668 872 724 5.]
916 667 961 710 τὸ
990 667 1238 723 μαγλὰβιον.
1312 670 1421 722 Quid
1451 670 1572 711 fuerit
1597 671 1748 726 magla-

305 723 418 764 bium
447 738 485 766 v.
513 724 644 778 p.62.

415 779 463 819 C.
483 740 539 831 4Ρ
555 778 671 835 [524,
697 779 752 834 5.]
780 776 825 820 τὸ
855 776 1082 832 τζικούριν.
1141 780 1390 821 Acoluthum
1419 781 1539 821 fuisse
1566 781 1749 821 Franco-

306 849 397 874 rum
426 834 490 874 vel
524 837 797 899 Baiangmum
840 837 1102 888 magistmm,
1146 851 1266 889 supra
1297 837 1375 875 iam
1405 836 1479 876 suit
1506 838 1744 890 expositum.

307 890 465 929 Heium
508 893 612 930 inter
649 906 759 930 aima
793 893 956 944 plmopxia
1002 898 1086 930 erat
1126 892 1329 945 bipennis,
1376 905 1496 944 quam
1538 906 1609 944 pro
1637 906 1749 932 moie

303 959 398 984 snae
429 948 557 998 gentis
587 947 628 984 in
660 946 830 985 humeto
859 947 999 984 dextio
1035 947 1229 985 iacentem
1258 945 1462 1009 genebant.
1518 947 1679 986 Nicetas
1708 949 1749 986 in

303 999 444 1040 Alexi0
482 1001 607 1044 L.11.
650 1002 705 1040 sic
723 1003 934 1064 Baiangos
978 1001 1193 1040 desciibit:
1228 997 1396 1067 φρουρὰ
1423 1000 1678 1054 Γερμανῶν,
1710 1000 1753 1042 οἲ

305 1052 553 1105 κατωμαδὸν
581 1051 676 1102 τούς
717 1051 1011 1109 ἑτεροστόμους
1040 1054 1223 1102 πελέκεις
1251 1054 1464 1105 ἀνέχουσι.
1521 1056 1747 1097 concludas

304 1124 351 1149 ex
381 1109 579 1159 hocloco,
610 1125 765 1150 secures
793 1125 932 1150 eorum
958 1110 1077 1150 fuisse
1104 1125 1186 1149 non
1212 1110 1431 1163 ancipites,
1461 1110 1530 1150 sed
1557 1125 1640 1150 uno
1659 1119 1752 1150 tan-

304 1172 393 1204 tum
439 1180 463 1204 a
491 1166 614 1205 latere
652 1174 855 1216 secantes,
893 1166 1119 1218 simplices,
1159 1179 1240 1204 non
1280 1167 1471 1219 geminas.
1541 1166 1681 1219 anue
1710 1168 1750 1206 in

304 1221 500 1260 sententia
539 1221 783 1260 confirmeris
831 1221 882 1259 ad
910 1221 1141 1274 adspectum
1186 1220 1292 1259 illius
1320 1219 1481 1259 tabulae
1507 1220 1751 1262 collectionis

304 1275 566 1315 Ferriolensis
596 1275 729 1330 (num.
757 1275 866 1328 55.),
898 1290 1000 1329 quae
1021 1275 1324 1327 Serdmgestimn
1349 1275 1506 1314 exhibet
1535 1290 1627 1315 cum
1655 1278 1751 1315 uni-

306 1333 427 1384 penui
458 1332 601 1371 securi.
658 1331 732 1371 Est
760 1331 801 1369 id
827 1345 951 1384 genus
981 1331 1146 1370 militiae
1171 1332 1365 1369 Turcicae
1393 1331 1600 1385 equestris.
1644 1332 1751 1370 Mul-

303 1393 347 1426 ta
376 1401 471 1425 sane
497 1386 620 1425 Turci
649 1401 673 1426 a
700 1387 861 1425 Graecis
898 1387 1069 1425 mutuati
1098 1393 1192 1425 sunt
1219 1386 1414 1424 instituta.
1469 1385 1549 1424 Sed
1577 1385 1753 1433 πέλεκυς

304 1448 364 1481 est
390 1456 469 1480 non
500 1443 648 1481 securis
663 1444 782 1481 unius
811 1441 935 1491 aciei,
968 1441 1038 1480 sed
1069 1442 1253 1494 bipennis
1273 1441 1366 1479 hinc
1397 1447 1436 1478 et
1461 1439 1572 1479 illinc
1602 1455 1752 1503 secans,

307 1504 354 1535 ut
383 1511 406 1535 e
433 1497 599 1550 bipenni
624 1497 827 1536 Theocriti
857 1504 1026 1536 constat.
1085 1497 1209 1535 Putes
1236 1510 1330 1558 ergo
1359 1510 1432 1548 pio
1461 1489 1754 1558 ἑτεροστόμους

307 1551 520 1606 legendum
550 1567 633 1592 esse
661 1547 1037 1604 ἑκατεροστόμους,
1067 1552 1108 1590 id
1137 1559 1195 1590 est
1224 1545 1631 1603 α’μφοτεροστόμους.
1671 1549 1754 1589 Ve-

309 1621 403 1646 rum
439 1614 479 1646 et
509 1608 548 1646 in
590 1607 667 1647 hoc
704 1607 868 1647 falleris.
935 1607 1041 1646 Novi
1070 1607 1213 1645 Graeci
1259 1619 1404 1669 susque
1431 1605 1560 1668 deque
1588 1612 1753 1644 contur-

307 1662 447 1702 bantes
483 1664 620 1702 omnia
668 1657 963 1716 ἑτερόστομον,
1012 1656 1278 1712 ἑτερόκοπον,
1326 1654 1583 1711 ὲτερότηκτον
1621 1667 1660 1698 et
1697 1661 1753 1699 sic

306 1732 430 1772 p01ro
459 1732 532 1771 pro
571 1720 748 1773 utrmque
779 1727 890 1756 acuto
907 1747 918 1766 ‚
954 1718 1132 1771 utrinque
1166 1724 1317 1755 secante
1364 1714 1562 1754 dixerunt.
1634 1715 1752 1754 Conf.

310 1774 452 1813 Codin.
483 1773 609 1827 p80.
640 1789 682 1812 n.
714 1774 780 1812 50.
812 1779 850 1811 et
878 1773 946 1810 Du
977 1772 1112 1824 Cange
1157 1770 1207 1810 ad
1236 1770 1353 1810 Alex.
1381 1784 1420 1822 p.
1439 1769 1534 1832 257.
1564 1775 1603 1808 et
1633 1783 1752 1822 supra

309 1828 416 1881 adp
423 1789 523 1881 .78.
546 1830 600 1867 D.
659 1829 763 1867 Sane
793 1827 973 1866 Francoi
977 1841 1043 1866 um
1073 1840 1255 1876 secuies,
1303 1825 1354 1864 ab
1393 1824 1489 1877 ipsis
1517 1824 1755 1863 Franciscae

312 1883 580 1938 [Franzzsclze]
611 1883 761 1934 dictae,
794 1883 954 1921 fuerunt
982 1883 1176 1945 bipennes.
1249 1881 1490 1919 Hincmarus
1518 1879 1558 1917 in
1586 1880 1682 1918 Vita
1709 1880 1754 1919 S.

309 1939 499 1991 Remigii:
558 1940 707 1994 accepit
751 1953 827 1977 rex
846 1938 1096 1988 fianczscam
1129 1938 1209 1974 eius
1224 1965 1244 1999 '.
1283 1950 1382 1990 quae
1423 1943 1586 1973 vocatur
1613 1933 1723 1988 [alibi
1739 1963 1750 1983 ‚

309 1995 418 2048 qnod
440 1993 514 2048 esc]
533 1995 716 2048 bipenna3
746 2008 786 2033 v.
803 1994 868 2031 Du
883 1993 1017 2046 Gange
1036 2006 1074 2030 v.
1092 1992 1136 2029 Γ
1130 2005 1321 2030 rancisca
1348 1989 1548 2028 Describit
1566 2003 1631 2028 eas
1650 1989 1753 2028 Pro-

306 2049 442 2113 copius
471 2049 628 2089 Gothic.
650 2051 704 2088 ΙΙ.
764 2047 886 2101 24.7
913 2048 979 2086 31.
1009 2047 1070 2086 ed.
1105 2045 1304 2085 Hoescha
1336 2046 1437 2098 gerit
1464 2058 1602 2083 eorum
1627 2058 1754 2083 unus-

309 2107 477 2158 quisque
516 2104 633 2164 ξίφος
670 2118 739 2143 και
786 2100 944 2142 a'ont'da
975 2101 1049 2140 καί
1094 2101 1269 2140 πέὶεκυν
1309 2099 1380 2139 ἕνα
1403 2129 1415 2150 ,
1461 2091 1510 2137 ου
1546 2095 1596 2151 δὴ
1629 2094 1649 2137 ὅ
1677 2097 1755 2149 μὲν

310 2158 481 2211 σίδηρος
509 2156 638 2211 ἁδρός
667 2172 707 2197 τε
723 2172 791 2197 και
823 2153 923 2204 ὀξύς
950 2153 1215 2207 εκατέρωθεν
1244 2153 1287 2201 ἐς
1313 2150 1362 2194 τὰ
1393 2148 1577 2204 μαλιστα
1607 2146 1657 2205 ἦν
1676 2160 1754 2192 etc.

308 2214 464 2252 Nicetas
490 2228 530 2266 p.
546 2228 590 2278 9.
632 2214 907 2265 Bai-angorum
955 2218 1155 2264 gestamen
1194 2211 1249 2249 ait
1277 2210 1399 2248 fuisse
1427 2207 1608 2254 α’σπίδας
1635 2220 1754 2259 περι-

308 2265 453 2321 μήκεις
479 2282 549 2306 και
592 2262 895 2320 ἑτεροστόμους
922 2266 1118 2311 πελέκεις.
1180 2266 1284 2304 Hinc
1313 2270 1478 2318 apparet
1505 2263 1616 2315 origo
1644 2261 1753 2300 vocis

310 2324 472 2362 Brunca
501 2323 563 2377 [id
593 2330 652 2362 est
681 2321 879 2375 Franca]‚
910 2335 1013 2374 quae
1042 2320 1223 2373 spatham
1251 2334 1319 2359 seu
1347 2319 1522 2373 gladium
1549 2314 1754 2368 α’μφιῖῖτο-

309 2391 390 2429 μον
420 2386 557 2428 notat,
587 2393 610 2417 a
639 2377 898 2417 similitudine
934 2376 1173 2428 bipennium
1201 2376 1504 2414 Franciscarum
1537 2371 1591 2409 sic
1619 2370 1751 2421 dict-013

314 2447 352 2476 v.
382 2434 449 2471 Du
471 2408 664 2486 Caiigev.
712 2433 888 2471 Brunca.
962 2431 1121 2469 Dicitur
1148 2444 1269 2483 pomo
1309 2429 1374 2468 hic
1422 2427 1497 2466 loci
1542 2424 1752 2464 acoluthus

312 2487 472 2526 subesse
523 2487 739 2541 drungario
781 2487 951 2540 vigiliae.
1035 2485 1160 2538 Atqui
1204 2500 1245 2539 p.
1267 2483 1362 2536 416.
1399 2483 1445 2520 Β.
1471 2493 1566 2534 pen
1606 2479 1753 2520 dicitur

311 2542 360 2579 di
363 2557 526 2595 ungat-10
565 2543 727 2582 arithmi
767 2542 941 2581 subesse.
1017 2540 1140 2579 Unde
1178 2539 1431 2591 consequitur
1453 2565 1463 2583 ‚
1511 2541 1581 2572 aut
1608 2536 1771 2574 vitium'

313 2594 494 2635 alterutri
534 2599 621 2638 loco
660 2597 820 2637 subesse
838 2627 849 2646 ‚
895 2603 965 2635 aut
1001 2595 1107 2634 idem
1143 2609 1224 2635 esse
1262 2608 1307 2632 ai
1310 2592 1479 2631 1thmum
1525 2596 1645 2643 atque
1690 2590 1754 2629 vi-

341 2649 465 2688 iliam.

314 2664 339 2701 g
425 2705 516 2744 502.
536 2705 582 2744 C.
604 2721 643 2760 7.
676 2704 792 2760 [524,
815 2704 873 2759 6.]
904 2705 1137 2759 ὀμφαλίων.
1193 2700 1404 2741 Habebant
1432 2698 1566 2738 olim'
1557 2714 1598 2738 m
1626 2697 1751 2739 eccle-
