1884 3132
203 154 279 198 An
319 150 616 195 comm.
641 148 838 190 Pomm.
875 148 947 189 m:
993 145 1174 188 cmm.
1215 144 1312 184 Lm.
1354 144 1389 182 1.
1437 121 1554 195 429

126 255 221 308 culi,
239 253 322 296 α’πό
344 257 419 309 τῆς
436 255 514 296 τοῦ
530 253 636 294 λαοῦ
644 251 897 305 συναγωγῆς,
916 250 984 291 sed
1011 265 1034 289 a
1047 250 1199 304 synaxi,
1229 246 1553 300 congregatione,

127 313 316 363 coitione,
336 312 630 360 convivatione,
650 308 777 363 epulis
796 306 1086 354 communibus,
1106 304 1157 343 ad
1174 317 1273 358 quas
1289 304 1434 341 coeunt
1449 300 1557 340 eius-

129 368 220 407 dem
235 367 527 406 communionis
539 365 721 404 homines
743 378 755 413 3
785 361 870 402 vid.
890 362 958 400 Du
970 361 1103 413 Gange
1126 373 1169 399 v.
1188 354 1356 404 σύναξις
1368 349 1527 407 μεγάλη
1542 383 1555 402 ,

128 423 200 462 ubi
226 425 330 461 inter
339 421 417 461 alia
441 421 540 460 haec
566 421 663 459 citat
678 433 701 459 e
726 419 875 457 Ioanne
894 415 1119 469 Carpatho:
1151 411 1208 460 (ὃς
1237 409 1345 461 ὀψία
1362 410 1523 462 ἐγένετο
1541 437 1555 459 ,

127 485 295 540 ἐποίησε
305 483 488 539 μεγάλην
504 480 689 533 σύναξιν,
717 477 921 522 καίεἶπεν·
947 474 1206 527 καταλύομεν
1223 467 1341 531 (fiai-3
1357 506 1368 524 ,
1410 475 1559 514 deiciu-

128 545 280 593 namus)
310 541 363 580 δι’
389 539 527 592 ὑμᾶς,
557 534 620 578 ὅτι
647 534 729 578 α’πὸ
758 534 887 575 κόπου
916 534 1024 575 ἐστὲ.
1081 533 1175 574 Vid.
1206 534 1444 585 Interpretoe
1455 530 1558 568 Dio-

130 597 243 650 genis
269 596 418 635 Laenii
445 597 519 635 vit.
539 594 809 647 Pythagorae,
854 590 924 629 ubi
953 588 1154 643 Gyraldus
1181 602 1321 627 vocem
1346 582 1560 637 βάρβαροι

128 652 179 690 de
207 651 438 691 Christianis
461 657 502 689 et
542 662 681 688 eorum
708 645 921 702 synaxibus
957 646 1256 697 interpretatur,
1288 656 1378 695 pag.
1401 638 1495 679 518.
1518 639 1557 680 3.

131 706 237 746 Utar
261 706 337 746 hac
362 705 593 755 occasione,
637 710 681 742 ut
709 715 918 756 exponam,
948 699 1046 754 quid
1080 700 1131 738 sit
1157 697 1348 748 λεβιτών,
1376 694 1559 749 quando-

129 761 292 814 quidem
337 756 359 799 ὅ
406 755 651 806 συνακτικὸς
677 753 847 808 λεβιτών
875 757 915 794 in
944 762 1118 795 mentem
1145 755 1273 792 venit.
1329 752 1395 790 Sic
1421 756 1557 789 autem

129 815 384 870 appellabant
408 810 643 867 τριβώνιον,
671 813 924 867 pannuciam,
956 824 1077 864 quam
1099 815 1308 862 propterea
1334 814 1432 845 tunc
1458 812 1557 844 tem-

129 871 238 924 poris
251 878 434 919 tantum,
459 883 586 923 quum
615 882 766 908 sacram
790 867 954 920 synaxin
979 864 1239 912 celebrarent,
1270 876 1340 902 seu
1368 860 1420 900 ad
1446 874 1558 899 com-

130 927 362 965 munionem
389 926 521 972 irent,
554 922 774 963 induebant
795 921 1000 970 monachi,
1037 921 1227 973 quoniam
1252 918 1294 956 in
1327 930 1375 956 eo
1400 929 1560 955 sacrum

129 981 309 1020 ordinem
342 981 616 1034 suscepissent.
670 979 746 1018 Est
773 974 915 1031 nempe
943 971 1119 1027 λεβιτών
1140 988 1218 1014 vox
1248 972 1449 1022 Arabica,
1474 970 1560 1025 fil-

129 1056 260 1090 imm,
282 1041 464 1085 πιλωτὸν
483 1052 639 1084 notans.
696 1033 774 1090 Ost-3
792 1073 803 1094 ‚
833 1042 965 1081 Lebed
991 1040 1056 1080 vel
1082 1039 1208 1079 Lebid
1226 1070 1237 1087 ‚
1273 1037 1446 1077 coactile.

242 1103 287 1142 B.
324 1100 365 1141 5.
403 1099 528 1155 [415,
563 1098 644 1153 11.]
680 1096 938 1143 ἐπιτιθέντος
980 1094 1097 1150 adri?
1139 1092 1212 1134 τὸν
1247 1091 1455 1146 στέφανον
1482 1089 1561 1129 τοῦ

131 1153 375 1196 ἐπισκόπου.
432 1155 552 1194 Cons.
574 1168 676 1209 quae
701 1153 753 1193 ad
783 1167 826 1206 p.
849 1153 943 1206 239.
963 1151 1016 1191 A.
1041 1164 1055 1191 ι
1070 1165 1123 1200 1.,
1149 1149 1221 1188 ubi
1250 1155 1390 1187 contra
1418 1145 1558 1185 Selde-

131 1225 232 1251 num
259 1211 545 1260 demonstravi,
577 1217 669 1248 ante
706 1209 904 1248 Iustinum
927 1207 1126 1246 Minorem
1155 1207 1234 1244 iam
1262 1203 1402 1241 datum
1436 1201 1560 1240 fuisse

131 1265 366 1319 patriarchis
383 1295 396 1316 ,
417 1272 464 1304 ut
488 1265 749 1319 Imperatores
779 1276 906 1302 novos
941 1267 1190 1300 coronarent.
1228 1257 1404 1298 Multum
1423 1263 1559 1295 tamen

132 1321 360 1370 falleretur,
396 1322 466 1373 qui
487 1320 565 1359 hoc
595 1335 641 1359 ex
681 1319 771 1359 loco
794 1331 961 1371 arguere
1000 1311 1122 1355 rellet
1142 1346 1152 1363 ‚
1182 1314 1290 1353 idem
1316 1310 1562 1365 patriarchas

133 1376 213 1414 iam
232 1375 357 1414 Leoni
372 1376 520 1428 Magno
539 1376 749 1428 peregisse.
807 1373 1002 1422 Quamvis
1034 1372 1142 1409 enim
1172 1369 1345 1422 coeperit
1381 1367 1459 1405 hoc
1490 1380 1559 1404 ca-

132 1438 208 1483 put
231 1430 529 1469 coronationem
553 1430 696 1468 Leonis
720 1441 913 1481 exponere
934 1456 945 1473 ‚
977 1439 1059 1464 non
1081 1433 1214 1463 tamen
1246 1424 1380 1461 omnia
1397 1421 1449 1460 ad
1467 1434 1561 1459 eum

133 1487 349 1538 pertinent.
402 1484 686 1522 Constantinus
700 1481 1106 1535 Porphyrogennetus
1127 1487 1196 1518 aut
1222 1478 1428 1527 homines,
1468 1476 1562 1528 qui-

132 1540 212 1580 bus
254 1537 496 1593 compilandi
535 1539 738 1592 negotium
772 1537 1022 1575 commiserat
1042 1565 1054 1583 ,
1082 1533 1342 1573 tumultuarie
1358 1559 1370 1579 ‚
1409 1530 1560 1583 absque

134 1595 277 1634 ordine
310 1597 474 1633 miscere
504 1600 684 1646 tempora
717 1599 757 1631 et
789 1605 853 1630 res
882 1589 1026 1629 solent.
1078 1589 1296 1642 Propterea
1330 1584 1488 1624 distinxi
1514 1598 1560 1637 p.

136 1650 233 1704 239.
251 1650 305 1688 D.
335 1664 374 1702 7.
390 1655 478 1702 post
505 1663 644 1687 vocem
673 1643 790 1695 τάξιν
809 1676 821 1696 ,
849 1653 889 1684 et
916 1658 1067 1684 novum
1097 1641 1392 1697 paragraphum
1431 1640 1562 1692 incepi

134 1719 159 1744 a
189 1705 322 1744 verbis
346 1699 455 1753 μετὰ
486 1697 562 1742 οὖν
594 1726 616 1733 -
643 1725 663 1732 -
692 1702 883 1756 quoniam
917 1714 1020 1753 quae
1047 1699 1233 1751 deinceps
1257 1701 1480 1749 sequuntur
1508 1694 1562 1733 ad

133 1759 280 1799 Leonis
312 1760 610 1797 coronationem
643 1771 725 1796 non
764 1762 964 1810 spectant,
1001 1754 1070 1793 sed
1110 1754 1150 1792 in
1193 1753 1425 1791 universum
1462 1749 1564 1788 ritus

134 1821 450 1867 persequuntur,
483 1813 721 1867 quibuscum
766 1813 1028 1864 Imperatores
1061 1822 1200 1847 eorum
1235 1814 1462 1858 temporum
1497 1804 1562 1842 in·

134 1871 323 1922 augurari
364 1868 569 1917 solebant,
612 1868 745 1906 Leone
779 1865 935 1906 saeculo
977 1878 1102 1918 paene
1135 1863 1387 1902 recentiores.
1440 1858 1564 1909 Quod

136 1937 185 1962 ex
225 1921 600 1962 commemoratione
650 1921 835 1962 ecclesiae
867 1934 1033 1972 magnae
1080 1933 1150 1957 seu
1188 1918 1355 1956 Sanctae
1391 1913 1565 1966 Sophiae

135 1985 316 2026 constat,
345 1992 447 2031 quae
477 1992 501 2016 a
525 1978 743 2017 Iustiniano
769 1978 828 2015 M.
860 1975 1034 2029 perfecta
1069 1973 1145 2012 suit
1176 1972 1230 2011 A.
1247 1971 1292 2009 C.
1318 1969 1432 2023 537„
1450 1982 1563 2006 sexa-

135 2035 286 2085 gesimo
304 2039 446 2086 quarto
465 2040 555 2085 post
587 2045 786 2072 excessum
811 2032 958 2069 Leonis
984 2030 1042 2068 Μ.
1061 2059 1071 2076 ,
1099 2028 1170 2082 qui
1195 2026 1248 2065 A.
1270 2026 1318 2065 C.
1337 2023 1433 2078 473.
1451 2022 1566 2062 obiit.

137 2089 231 2126 Non
254 2087 417 2141 quidem
449 2087 566 2127 claris
593 2087 724 2127 verbis
750 2087 793 2126 S.
828 2085 999 2138 Sophiae
1028 2084 1073 2122 fit
1101 2083 1267 2121 mentio.
1318 2078 1448 2132 Atqui
1478 2078 1565 2116 cui·
1602 2111 1606 2117 ,

134 2156 232 2181 nam
263 2142 331 2181 alii
365 2145 554 2195 competit
583 2142 652 2181 ille
677 2144 774 2181 situs
795 2170 807 2191 ,
840 2140 1115 2193 Augustaeum
1148 2145 1188 2176 et
1219 2133 1482 2186 Horologium
1520 2134 1566 2170 in

136 2199 283 2236 vicinia
300 2227 312 2247 ‚
343 2204 383 2236 et
408 2197 696 2250 praetereunda
736 2211 759 2235 e
784 2195 931 2249 palatio
955 2195 997 2233 in
1031 2193 1235 2232 ecclesiam
1263 2189 1564 2228 commeatum?

136 2251 262 2291 Extra
276 2265 394 2291 omne
413 2250 582 2290 dubium
607 2259 678 2299 est,
708 2251 751 2290 S.
769 2251 974 2303 Sophiam,
1001 2263 1082 2288 non
1102 2247 1221 2286 aliam
1242 2243 1461 2290 ecclesiam,
1488 2241 1565 2280 ista

138 2306 322 2346 locorum
371 2306 705 2345 demonstratione
732 2305 944 2358 designari.
1003 2303 1207 2356 impositio
1233 2306 1365 2338 autem
1393 2309 1565 2336 coronae

137 2362 182 2400 in
205 2369 324 2415 caput
346 2362 598 2414 Imperatoris
622 2375 645 2399 a
666 2359 891 2413 patriarcha
920 2359 1022 2398 facta
1038 2389 1050 2409 ,
1082 2371 1203 2410 quam
1235 2366 1419 2408 praesens
1451 2351 1564 2390 locus

139 2417 322 2470 attingit,
356 2430 438 2454 non
472 2423 530 2454 est
550 2415 618 2454 illa
642 2415 839 2464 solennis,
861 2428 963 2466 quae
994 2415 1036 2452 in
1077 2414 1160 2466 ipso
1183 2407 1497 2462 inaugiuationis
1525 2412 1566 2444 et

139 2472 447 2524 nuncupationis
485 2477 576 2509 actu
609 2470 654 2508 fit
672 2484 684 2508 :
726 2483 821 2508 nam
864 2470 907 2507 in
938 2465 1263 2520 praecedentibus
1300 2463 1378 2501 iam
1418 2461 1566 2500 dicitur

142 2524 360 2578 Imperator
386 2540 475 2565 eam
504 2533 672 2578 gestasse
710 2531 750 2563 et
786 2523 1013 2576 deposuisse
1041 2522 1116 2561 sub
1131 2520 1340 2560 introitum
1361 2516 1560 2556 ecclesiae.

143 2578 221 2618 Sed
255 2582 387 2620 nescio
420 2580 549 2634 qualis
578 2579 809 2619 secundaria
845 2578 1041 2630 impositio
1079 2589 1249 2615 coronae
1289 2585 1407 2625 super
1447 2570 1564 2610 altari

141 2633 326 2695 ecclesiae
353 2635 590 2675 cathedralis
622 2633 966 2673 benedictionibus
991 2638 1266 2680 consecratae,
1291 2641 1415 2681 quum
1447 2633 1564 2664 antea

144 2700 187 2724 m
213 2690 444 2728 antimensio
469 2697 625 2728 tantum
650 2691 690 2727 in
720 2688 807 2727 loco
827 2702 907 2725 non
937 2694 1095 2735 sancto,
1125 2682 1315 2725 tribunali
1364 2681 1563 2720 Hebdomi

143 2754 284 2795 nempe
299 2773 312 2794 ,
339 2752 563 2784 consecrata
583 2745 716 2784 fiiisset
745 2758 769 2783 a
788 2742 1027 2796 patriarcha.
