1884 3132
327 201 440 267 834
645 217 716 258 10.
759 216 863 259 mc,
905 219 1100 259 Rsslsxn
1137 205 1514 268 COMMENTAmi

331 325 403 363 etsi
436 322 567 362 Basilii
609 330 649 362 et
677 321 954 372 Constantini,
995 322 1166 361 Romani
1203 321 1378 361 filiorum
1397 352 1408 370 ,
1440 328 1592 361 tutores
1621 329 1776 374 essent,

331 394 455 432 quum
495 386 628 417 tamen
663 393 801 417 eorum
841 379 966 417 soceri
997 392 1079 416 non
1116 385 1272 426 essent,
1319 379 1439 416 etiam
1466 376 1779 430 Basileopatores

332 434 519 488 appellati
551 448 631 472 non
661 434 837 473 suerunt.
894 433 966 471 Est
986 440 1119 471 tamen
1137 433 1247 486 quod
1271 433 1580 486 disputationem
1601 439 1780 472 nostram

332 490 440 528 haud
471 504 613 542 parum
644 489 848 541 percellit,
889 488 966 526 hoc
994 502 1166 541 nempe,
1208 489 1443 541 dignitatem
1472 486 1780 541 Basileopaioris

334 546 437 584 inter
465 560 528 583 eas
559 544 722 592 referri,
767 558 869 597 quae
907 544 1028 581 adimi
1072 542 1291 596 possidenti
1319 550 1358 582 et
1385 544 1426 582 in
1455 542 1578 581 alium
1608 543 1780 582 conferri

333 607 518 654 possunt.
578 600 635 637 At
674 599 876 651 quomodo
906 612 1018 636 socer
1044 598 1214 651 Augusti
1243 599 1285 637 id
1316 612 1398 637 non
1422 598 1490 636 fiat
1508 627 1519 648 ,
1550 598 1660 651 quod
1691 605 1778 650 est,

332 663 372 694 et
399 657 467 708 qui
497 662 627 708 potest
659 654 725 692 hic
755 661 889 693 tantus
915 653 1047 692 honor
1076 654 1114 692 in
1151 653 1274 691 alium
1294 653 1519 703 transferri,
1550 667 1675 707 quum
1697 667 1780 692 non

332 710 470 749 liceret
499 711 734 762 imperatori
763 723 905 748 uxores
936 723 1011 761 pro
1039 708 1171 747 lubitu
1202 708 1431 761 frequenter
1458 713 1645 748 mutare?
1673 709 1780 748 Con·-

332 766 510 818 tingebat
543 765 736 818 profecto,
770 764 952 817 quamvis
986 778 1100 811 raro,
1145 770 1190 801 ut
1233 765 1427 802 moriente
1467 762 1650 816 Augusta
1695 778 1780 803 ces-

333 828 438 859 saret
468 821 735 872 Basileopator
776 834 859 858 esse
900 821 970 872 qui
998 818 1191 858 hactenus
1223 819 1375 868 fuerat,
1422 825 1463 857 et
1489 818 1591 858 alius
1624 821 1664 858 in
1694 820 1780 859 eius

333 876 468 915 locum
499 876 754 924 succederet,
791 874 872 922 ille,
904 876 1016 913 cuius
1043 887 1187 927 nempe
1217 873 1339 913 filiam
1369 873 1572 926 Augustus
1598 874 1781 914 secundis

334 933 483 984 nuptiis
511 931 688 969 duceret.
748 931 845 968 Vid.
877 930 943 967 Du
977 929 1110 982 Cange
1139 944 1180 968 v.
1214 927 1540 980 Βασιλεοπάτωρ
1581 936 1621 968 et
1658 930 1784 968 Pater

333 987 591 1041 Imperatoris
618 992 657 1023 et
686 999 788 1037 quae
816 999 939 1037 supra
970 985 1020 1022 ad
1052 999 1091 1037 p.
1126 999 1164 1038 7.
1210 984 1259 1022 de
1277 984 1451 1036 patriciis
1469 980 1776 1036 disputavimus.

445 1040 783 1092 Quandoquidem
812 1039 879 1077 hic
907 1039 1133 1092 catalogum
1163 1040 1259 1077 texit
1290 1039 1430 1077 Noster
1457 1038 1693 1078 Philotbeus
1719 1040 1781 1078 di·

334 1098 531 1149 gnitatum
554 1095 792 1144 aulicarum,
823 1096 955 1132 visum
986 1095 1062 1132 fuit
1086 1096 1127 1132 in
1157 1094 1268 1132 hunc
1286 1094 1421 1133 locum
1439 1094 1650 1144 conferre,
1678 1109 1780 1148 quae

334 1152 383 1189 de
411 1165 549 1188 earum
579 1150 745 1201 singulis
775 1149 950 1187 notanda
982 1149 1243 1187 habebamus.

447 1206 492 1244 B.
525 1219 562 1243 2.
594 1204 708 1258 [7¹3¹
738 1203 796 1258 2.]
829 1202 853 1255 ἦ
881 1204 957 1242 τοῦ
986 1202 1220 1256 ῥαίκτωρος
1249 1201 1358 1252 α’ξιά.
1418 1203 1508 1242 Non
1539 1203 1668 1244 habeo
1687 1214 1779 1259 post

333 1260 401 1298 Du
429 1260 570 1312 Cangii
599 1260 665 1297 Gl.
698 1260 769 1297 Gr.
802 1259 842 1297 li.
870 1273 910 1296 v.
943 1258 1202 1311 diligentiam,
1232 1273 1334 1311 quae
1361 1258 1411 1297 de
1451 1267 1604 1299 rectore
1632 1261 1776 1310 dicam,

334 1317 410 1353 nisi
430 1315 505 1353 hoc
525 1329 663 1361 unum,
695 1313 999 1353 ecclesiasticam
1017 1314 1119 1352 hanc
1136 1314 1368 1366 dignitatem
1389 1327 1469 1352 non
1485 1314 1619 1365 fuisse,
1646 1325 1691 1355 ut
1705 1332 1778 1370 pu-

333 1372 435 1408 tavit
466 1371 518 1408 V.
548 1369 621 1419 D.,
653 1383 782 1421 neque
819 1369 911 1407 solis
953 1369 1050 1407 viris
1090 1371 1192 1407 sacri
1226 1368 1377 1408 ordinis
1407 1369 1614 1408 tributam.
1674 1373 1779 1412 Nam

336 1432 376 1463 et
404 1439 425 1463 e
453 1432 590 1463 nostro
622 1424 783 1473 codice,
815 1431 853 1462 et
882 1438 926 1462 ex
957 1425 1051 1476 ipsis
1086 1423 1163 1463 illis
1182 1453 1192 1471 ‚
1225 1438 1325 1477 quos
1357 1422 1543 1476 allegavit
1573 1426 1639 1464 Du
1672 1427 1779 1467 Can-

336 1494 399 1531 ge,
430 1479 659 1518 auctoribus
689 1486 855 1526 constat,
891 1493 954 1517 res
982 1493 1062 1517 non
1103 1493 1260 1528 sacraS,
1307 1479 1376 1517 sed
1404 1478 1540 1518 civiles
1585 1489 1779 1522 rectorem

334 1540 539 1581 tractasse,
572 1535 841 1587 ducendisque
873 1534 1108 1572 exercitibus
1134 1534 1337 1572 interdum
1366 1534 1611 1587 praefectum
1642 1537 1776 1587 fuisse,

336 1590 462 1642 quod,
493 1590 599 1641 apud
629 1590 800 1628 Graecos
829 1597 935 1628 certe
955 1619 966 1639 ‚
1007 1604 1029 1627 a
1069 1591 1157 1627 viro
1195 1589 1295 1628 sacri
1324 1590 1475 1628 ordinis
1504 1590 1679 1631 alienum
1717 1600 1780 1632 at-

336 1659 416 1697 que
452 1645 620 1682 maxime
660 1645 892 1682 indecorum
933 1658 1089 1697 semper
1117 1643 1194 1682 fuit
1228 1643 1423 1686 habitum.
1480 1645 1664 1685 Fuerunt
1690 1649 1781 1700 qui-

336 1700 430 1738 dem
457 1700 563 1752 apud
579 1700 741 1737 Latinos
767 1707 939 1738 rectores
969 1699 1225 1738 eeclesiarum
1263 1698 1358 1737 dicti
1386 1700 1523 1750 iidem,
1554 1702 1624 1754 qui
1663 1717 1781 1742 cura-

336 1762 442 1793 tores
480 1754 599 1793 hodie
639 1755 703 1804 (les
747 1754 866 1805 cut-eie)
909 1761 949 1793 et
987 1761 1159 1792 rectores
1204 1755 1432 1806 patrimonii
1461 1755 1505 1793 S.
1535 1755 1646 1795 Petri
1677 1758 1705 1795 ii
1735 1772 1780 1796 ex

337 1810 480 1848 ordine
511 1808 707 1858 clericali,
750 1823 849 1861 quos
880 1823 1058 1848 summus
1088 1809 1263 1862 pontifex
1301 1810 1341 1846 in
1370 1811 1594 1862 provincias
1623 1811 1782 1852 mittere

338 1864 485 1903 soleret
516 1865 566 1903 ad
595 1864 777 1903 denarios
806 1865 918 1903 Petri
943 1864 1140 1917 cogendos
1170 1871 1209 1902 et
1235 1864 1403 1902 Romam
1441 1867 1780 1907 transmittendos.

338 1919 494 1958 Verum
523 1927 694 1958 rectores
723 1918 836 1957 aulae
866 1920 1105 1973 Byzantinae
1134 1933 1157 1956 a
1185 1925 1269 1956 tam
1298 1919 1462 1958 minutis
1491 1921 1596 1960 curis
1625 1928 1665 1960 et
1692 1922 1782 1966 offi—

339 1975 409 2013 ciis
438 1975 635 2024 abfuisse,
665 1981 774 2026 patet
803 1989 847 2012 ex
877 1989 944 2025 eo,
979 1973 1086 2026 quod
1114 1980 1205 2026 post
1234 1973 1570 2026 Basileopatorem
1597 1978 1782 2028 protinus

338 2029 535 2068 haberent
581 2030 751 2082 gradum
795 2037 887 2067 ante
929 2028 1176 2083 syncellum,
1224 2035 1442 2081 strategos,
1483 2032 1691 2083 magistros
1741 2039 1782 2072 et

339 2085 525 2137 patricios
554 2099 707 2123 omnes.
766 2084 814 2121 P.
847 2083 941 2134 421.
969 2084 1014 2122 C.
1038 2083 1078 2124 6.
1104 2090 1193 2136 post
1221 2085 1430 2136 magistros
1457 2085 1596 2124 ambos
1624 2093 1663 2125 et
1689 2093 1782 2126 ante

340 2139 564 2192 syncellum
594 2140 743 2177 Romae
772 2145 892 2191 atque
920 2138 1104 2191 Neapolis
1132 2137 1342 2189 locantur3
1372 2153 1412 2192 p.
1449 2137 1512 2190 14.
1542 2140 1585 2178 B.
1614 2155 1656 2194 9.
1689 2149 1782 2181 ante

338 2197 583 2247 praepositos
611 2196 711 2233 sacri
752 2193 926 2232 cubiculi
963 2201 1002 2231 et
1043 2193 1084 2231 in
1126 2193 1319 2231 comitatu
1356 2195 1458 2232 sacri
1489 2194 1672 2241 cubiculi
1714 2211 1780 2236 re-

340 2257 578 2298 censentur,
618 2256 664 2287 ut
690 2250 943 2301 perspicuum
970 2249 1020 2287 sit
1037 2278 1047 2295 ‚
1083 2261 1150 2287 eos
1178 2247 1374 2300 spadones
1402 2249 1534 2288 fuisse.
1588 2250 1680 2289 Non
1707 2265 1781 2304 pa-

340 2317 432 2342 rum
473 2312 606 2343 tamen
650 2305 841 2342 momenti
883 2304 1060 2357 opinioni
1093 2302 1160 2341 Du
1200 2303 1362 2356 Cangii,
1402 2303 1636 2357 dignitatem
1676 2305 1781 2345 hanc

341 2359 643 2398 ecclesiasticam
663 2361 901 2411 reputantis,
934 2359 1044 2397 addlt
1064 2357 1141 2395 hoe
1155 2387 1166 2407 ,
1205 2358 1316 2410 quod
1345 2366 1519 2397 rectores
1542 2358 1602 2399 illi
1626 2373 1777 2409 omnes,

341 2429 442 2466 quos
471 2414 633 2453 laudato
662 2413 749 2452 loco
780 2413 954 2462 adducit,
988 2420 1203 2465 antequam
1231 2412 1282 2450 ad
1308 2426 1395 2451 eam
1425 2413 1657 2466 dignitatem
1683 2428 1780 2467 pro-

340 2477 626 2518 moverentur,
655 2475 725 2507 aut
752 2468 938 2506 monachi
966 2475 1035 2506 aut
1061 2467 1194 2506 elerici
1220 2467 1396 2519 fuerint3
1425 2469 1520 2506 item
1547 2469 1642 2519 hoc,
1670 2470 1779 2522 quod

342 2531 434 2562 ante
465 2523 708 2577 syncellum,
756 2523 1005 2575 patriarchae
1042 2522 1340 2570 coadiutorem,
1374 2523 1541 2576 gradum
1565 2521 1777 2564 haberent.

342 2578 560 2618 Crederem
590 2593 656 2618 eos
683 2578 945 2617 conscientiae
970 2577 1139 2630 Augusti
1167 2577 1381 2616 directores
1410 2591 1479 2615 seu
1510 2577 1779 2618 confessiona-

342 2634 423 2670 rios
452 2634 597 2683 fuisse,
635 2633 710 2672 nisi
741 2634 919 2671 diversus
948 2647 971 2671 a
999 2633 1140 2670 Latina
1169 2631 1332 2670 ecclesia
1365 2633 1539 2670 Graecae
1566 2645 1653 2670 mos
1680 2647 1778 2672 cou-

342 2686 479 2725 fitendi
514 2696 629 2727 esset.
687 2688 805 2726 Certe
831 2701 1028 2740 nusquam
1058 2687 1201 2739 legitur
1229 2687 1449 2738 Imperator
1477 2699 1657 2738 unquam
1685 2701 1780 2741 pec-

344 2747 431 2778 cata
459 2756 529 2780 sua
559 2744 684 2782 fassus
714 2743 833 2780 fuisse
848 2771 859 2791 ,
900 2749 970 2780 aut
996 2749 1153 2793 praeter
1181 2740 1447 2793 patriarcham
1485 2739 1564 2779 alio
1592 2742 1779 2782 consilia-

343 2795 405 2833 rio
442 2797 484 2834 in
513 2797 631 2836 rebus
667 2799 787 2835 sacris
820 2811 914 2836 usus
940 2797 1074 2836 fuisse.
1141 2796 1354 2835 Praeterea
1379 2793 1495 2834 claris
1523 2796 1655 2836 verbis
1681 2797 1780 2851 scy-
