1884 3132
217 139 293 182 An
332 138 629 182 consum.
667 135 866 179 Pomm.
903 136 976 176 m:
1012 134 1192 190 cmm.
1227 133 1327 176 Lm.
1366 137 1401 176 1.
1453 108 1560 192 317

232 240 297 281 A.
339 269 351 281 .
371 239 486 295 [125,
505 238 567 303 4.]
598 237 766 290 χαλκᾶς.
795 239 854 277 Μ.
882 233 1045 288 χαλκᾶς
1071 232 1208 285 πύλας
1235 233 1343 291 πρὸς
1366 234 1442 278 τὸν
1467 239 1565 278 λαυ-

127 293 276 337 σιακὸν
301 255 496 347 gezeman
523 307 563 333 οι
590 293 666 333 τοῦ
691 289 945 344 μαγλαβίου.

234 351 283 390 Β.
304 364 347 404 9.
375 350 490 401 [123‚
519 347 600 402 16.]
629 345 925 387 ὑποδιακόνου.
980 348 1040 386 Μ.
1087 342 1386 399 ὖποδιάκονος,
1427 362 1452 388 a
1488 362 1567 387 no-

128 406 323 445 minativo
348 398 598 445 ὖποδιάκων.
631 402 894 442 Nomocanon
908 402 1146 442 Cotelerian.
1177 416 1221 440 n.
1250 404 1358 443 115.:
1387 400 1462 443 ἐὰν
1479 397 1566 443 διά·

125 474 210 500 κων
245 458 442 510 δεσμεύει
480 455 552 498 τὸν
578 455 720 508 ἱερέα,
760 454 819 509 μὴ
858 455 1158 501 εἰσακούσεται.
1213 457 1279 496 Sic
1314 458 1449 512 paullo
1474 465 1567 512 post

127 515 176 554 B.
212 515 275 555 13.
303 516 347 554 in
374 515 436 553 M.
469 520 530 552 est
557 510 704 563 δίιίκο,
733 512 842 565 quod
871 511 1059 558 διάκονος
1084 526 1168 551 esse
1186 542 1198 561 ‚
1227 526 1310 551 non
1340 508 1564 565 διακόνου,

128 584 176 609 ex
203 576 371 611 accentu
397 567 648 619 intelligitur.
705 566 775 606 Nil
816 567 1063 620 frequentius
1100 566 1176 606 hac
1205 567 1333 607 forma
1354 568 1563 618 diacones,

127 625 380 674 diaconibus,
421 623 462 663 in
503 622 617 662 libris
660 621 931 661 ecclesiasticis
967 623 1213 662 Graecorum
1250 623 1568 678 Latinorumque

128 679 251 726 medii
277 678 381 720 aevi.
437 678 536 717 Vid.
557 678 625 716 Du
655 678 792 731 Gange
818 691 859 716 v.
890 678 1065 732 Apaltor
1088 677 1190 731 (leg.
1219 677 1450 733 Appactor,
1478 693 1568 718 con·

127 734 272 775 ductor
313 747 388 786 pro
420 740 528 772 certa
564 732 788 780 mercede.)
834 731 906 771 ubi
944 732 1112 787 legitur:
1135 734 1388 788 prohibemus
1418 735 1568 773 cler-mk

128 798 168 829 et
190 790 404 844 praecipue
427 789 664 842 presbyteris
689 797 727 827 et
749 788 1000 837 diaconibus,
1042 803 1092 828 ne
1121 787 1261 842 officia
1282 789 1352 828 vel
1377 803 1568 829 commen-

126 845 192 889 οἱα
218 843 438 883 εαεειιίανία
462 852 671 882 exerceant
692 844 869 882 maxime
891 844 1104 883 inhonesta.
1162 843 1283 884 Tales
1310 844 1465 884 formae

129 899 356 952 frequentes
384 899 427 936 in
456 897 620 937 illorum
647 897 897 938 saeculorum
924 901 1192 940 monumentis
1208 929 1221 951 ‚
1254 906 1301 939 ut
1325 913 1369 953 p.
1390 899 1487 952 254.
1510 899 1564 939 A.

129 953 327 994 habemus
359 943 504 1003 ὅπερες
531 967 606 1006 pro
632 967 804 1008 operae,
833 951 1013 1002 κλάδους
1044 950 1362 1006 συνομόθρονας
1401 969 1445 1008 p.
1468 955 1564 994 223.

131 1009 187 1049 D.
222 1022 259 1049 1.
295 1007 391 1058 (ubi
418 1008 511 1048 vide
537 1010 695 1060 notata)
727 1022 802 1062 pro
835 1007 1187 1061 συνομοθρόνους.
1240 1010 1290 1049 Ρ.
1320 1009 1416 1050 255.
1446 1009 1493 1048 C.
1523 1010 1564 1051 3.

129 1060 312 1114 πουέρας
350 1077 426 1116 pro
453 1077 622 1118 pum-os,
662 1071 855 1117 tanquam
889 1078 914 1103 a
946 1060 1133 1118 πούερες.
1187 1064 1222 1105 A
1252 1064 1309 1103 ud
1345 1065 1569 1119 Scriptores

127 1125 219 1173 post
237 1118 475 1172 Theophan.
507 1133 599 1172 pag.
626 1118 721 1158 226.
750 1120 797 1158 B.
827 1126 887 1159 est
923 1111 1091 1167 ἅποικες
1120 1134 1196 1174 pro
1224 1132 1405 1163 αποικοι.
1460 1120 1570 1160 Infra

130 1187 175 1228 p.
205 1187 297 1228 ¹7²·
325 1187 365 1213 c.
396 1173 467 1211 fin.
504 1173 675 1227 φιάλεσι
703 1188 778 1228 pro
802 1172 979 1228 φιάλαις
1002 1182 1197 1229 tanquam
1235 1192 1259 1217 a
1300 1174 1448 1229 φίαλες
1491 1189 1569 1229 pro

134 1223 303 1282 φιάλαι.
360 1227 552 1268 Domine-5
599 1232 697 1283 (pro
735 1230 908 1281 domini)
953 1239 992 1269 et
1013 1232 1224 1283 Jbeminae
1259 1238 1318 1269 est
1349 1232 1390 1270 in
1428 1230 1568 1270 charta

129 1282 237 1337 apud
265 1284 335 1323 Du
360 1282 493 1337 Gange
516 1298 559 1323 v.
579 1285 787 1337 Aeoli-are.
845 1284 1018 1337 Κρισίν,
1040 1286 1243 1338 iudicibus,
1268 1299 1291 1324 a
1317 1287 1568 1325 nominativo

131 1341 290 1388 κρῖτες,
317 1352 393 1392 pro
421 1341 583 1390 κριταῖς
612 1354 636 1379 a
655 1354 764 1379 nom.
794 1336 949 1392 κριταὶ,
962 1338 1108 1395 legitur
1130 1343 1172 1381 in
1202 1340 1448 1393 Anthologia
1472 1355 1564 1395 pag.

130 1391 212 1432 65.
229 1395 298 1445 (n.
330 1394 424 1446 529.
448 1394 530 1444 3.)‚
569 1394 736 1447 Πέρσες
764 1409 839 1448 pro
866 1395 1040 1446 Πέρσαι
1069 1396 1177 1449 apud
1202 1395 1340 1436 Malal.
1371 1397 1424 1435 T.
1446 1397 1505 1435 Il.
1522 1411 1564 1449 p.

138 1460 204 1501 19.
261 1447 451 1487 Bur-iches
478 1455 519 1487 et
549 1464 708 1488 mannes
732 1464 807 1503 pro
836 1450 988 1488 burichi
1017 1458 1058 1490 et
1085 1453 1224 1490 manni
1287 1451 1393 1503 apud
1422 1451 1570 1490 Hiero-

131 1515 323 1555 nymum,
377 1516 419 1542 v.
458 1503 527 1542 Du
566 1504 701 1557 Gange
738 1518 782 1544 v.
813 1505 1026 1555 Bun‘claeus,
1071 1515 1226 1560 pateres
1269 1519 1344 1559 pro
1375 1515 1541 1561 paterae
1554 1535 1568 1556 ,

130 1556 241 1596 idem
268 1558 335 1596 Du
362 1556 494 1611 Gange
512 1571 555 1598 v.
577 1559 796 1598 Canthara-9
818 1573 840 1598 e
867 1559 998 1599 Gestis
1022 1561 1244 1599 Innocentii
1274 1561 1366 1609 111„
1398 1561 1570 1599 cholet-es

130 1625 208 1666 pro
234 1613 435 1661 cholerae,
466 1612 509 1652 id
539 1621 597 1652 est
621 1609 809 1665 κράσεις,
844 1613 1033 1654 humores
1047 1644 1059 1666 ,
1091 1622 1417 1669 temperamenta.
1474 1615 1569 1655 Da-

129 1681 192 1706 ces
214 1680 289 1720 pro
318 1667 460 1706 Dacae
476 1697 487 1717 ,
517 1668 626 1708 unde
652 1668 881 1708 Dacesiani.
939 1670 1037 1709 Vid.
1065 1670 1233 1710 Salmas.
1268 1670 1321 1709 ad
1349 1671 1436 1710 Ser.
1457 1670 1565 1710 Hist.

129 1721 238 1776 Aug.
263 1723 317 1761 T.
347 1723 400 1761 ΙΙ.
430 1737 474 1776 p.
505 1724 670 1778 598.—b.
694 1724 787 1771 fine.
845 1725 1031 1764 Vicissim
1059 1723 1271 1780 μυριάδαι
1301 1738 1377 1778 pro
1409 1721 1569 1777 μυριά-

135 1775 206 1823 δες
245 1776 509 1831 Theophanes
547 1779 669 1818 habet
693 1794 783 1833 pag.
812 1780 908 1834 339.
940 1781 995 1819 D.
1026 1779 1123 1830 ult.‚
1166 1774 1408 1819 ἇηοσπάδαι
1444 1780 1568 1820 Anna

133 1830 319 1883 Alexiad.
346 1847 390 1886 p.
410 1832 507 1884 450.
530 1834 583 1872 D.
614 1835 673 1886 3„
711 1836 922 1889 lampadae
948 1849 1022 1888 pro
1054 1836 1256 1890 lampades
1283 1835 1390 1888 apud
1421 1834 1568 1874 Pollio-

131 1900 251 1936 nem,
288 1894 337 1926 ut
363 1901 386 1927 e
411 1894 527 1928 vett.·
548 1889 660 1929 libris
693 1891 848 1929 notavit
887 1889 1119 1930 Salmasius.
1172 1887 1456 1943 Ἁρματοῦραι
1490 1904 1567 1943 pro

131 1940 375 1994 matures,
416 1945 488 1996 qui
517 1959 610 1984 cum
655 1946 777 1984 armis
812 1944 974 1985 saltant.
1030 1945 1222 1985 Παιᾶνοι
1260 1959 1334 1998 pro
1369 1943 1566 1994 παιᾶνες,

131 1995 268 2035 laudes
306 2006 344 2036 et
372 1998 487 2037 iubili
499 2029 511 2050 ,
549 1999 815 2054 Pachymeres
852 2001 942 2039 Lib.
970 2002 1025 2039 II.
1058 2015 1096 2039 c.
1125 2002 1168 2050 4.
1225 1999 1463 2038 Sandalibus
1490 2014 1567 2053 pro

130 2051 324 2090 sandaliis
354 2059 412 2095 est
432 2053 540 2106 apud
565 2055 634 2094 Du
654 2056 788 2109 Cange
810 2055 855 2094 h.
879 2070 947 2095 v.:
980 2056 1094 2095 stIore
1124 2055 1317 2110 Episcopi
1344 2056 1387 2093 in
1412 2054 1568 2093 Sanda-

134 2105 236 2157 libus
253 2108 410 2145 missam
426 2109 601 2149 celebret.
634 2111 754 2150 Mitto
780 2110 856 2149 alia
882 2112 1092 2149 innumera
1113 2110 1234 2149 huius
1255 2110 1435 2163 generis,
1462 2123 1569 2163 quae

131 2163 360 2200 coacervari
394 2171 568 2216 possent.
625 2166 723 2204 Vid.
754 2180 857 2219 quae
882 2166 933 2204 ad
957 2181 1000 2218 p.
1030 2164 1123 2216 224.
1156 2165 1202 2203 C.
1233 2180 1268 2204 1.
1294 2165 1398 2203 dico.

181 2263 191 2278 1
242 2216 295 2254 D.
326 2231 366 2270 7.
391 2216 504 2270 [124,
531 2218 612 2272 13.]
650 2220 892 2276 τετρασέρῳ.
947 2221 1119 2261 Videtur
1149 2220 1259 2259 idem
1291 2233 1383 2259 cum
1415 2231 1566 2272 τετρα-

130 2267 275 2325 θυρῳ,
305 2270 370 2310 vel
396 2270 653 2328 τετραπόρτῳ
679 2275 812 2314 fuisse.

132 2378 225 2432 gine
249 2323 1461 2439 ἐέεὶῗὲῗᾴιὲἑῗῑῖἰιῖἕῶἕωέἓῖς5ζέΤ’ἔέῗ.ξὲῗῗῖὲι.”ξ.
1481 2343 1566 2425 ‘3231

132 2435 148 2485 (
161 2433 269 2487 39.)‚
309 2436 378 2488 qui
411 2436 463 2474 ad
491 2451 643 2476 annum
669 2439 768 2493 629.
783 2441 918 2478 refert.
978 2442 1066 2493 Ipse
1087 2447 1220 2479 tamen
1242 2440 1342 2479 ritus
1362 2453 1498 2479 cruces
1519 2442 1565 2479 in

133 2487 306 2528 ecclesiis
334 2497 374 2529 et
390 2490 531 2544 plateis
551 2494 734 2533 manibus
764 2493 947 2534 elevandi
970 2503 1010 2534 et
1030 2496 1070 2534 in
1099 2495 1253 2548 pulpito
1274 2502 1345 2534 aut
1368 2493 1485 2534 altam·
1501 2495 1566 2534 de·

132 2543 360 2596 pangendi,
396 2546 554 2599 populis
585 2549 819 2601 spectandas
860 2557 900 2588 et
928 2550 1150 2590 adorandas
1175 2549 1304 2589 multo
1332 2550 1564 2602 antiquior,

134 2603 175 2634 et
197 2604 244 2636 ut
272 2597 463 2652 pleraque
487 2604 640 2642 rituum
662 2603 980 2644 Christianorum
1010 2612 1079 2644 aut
1104 2620 1130 2644 a
1152 2605 1307 2644 ludaeis
1329 2611 1400 2644 aut
1423 2619 1449 2644 a
1466 2619 1566 2658 geu-

132 2649 270 2690 tilibus
294 2665 606 2708 promanarunt,
634 2660 690 2698 sic
715 2666 784 2698 aut
804 2660 856 2698 ab
887 2660 950 2699 Ith
1007 2659 1125 2699 hallis
1138 2689 1150 2710 ,
1178 2674 1279 2713 quos
1300 2659 1567 2700 Athenienses

132 2705 451 2761 circumgestasse
483 2712 527 2751 in
560 2713 642 2752 suis
670 2714 790 2753 sacris
803 2744 814 2764 ,
862 2727 907 2756 ex
937 2675 1204 2770 XEistophane
1241 2722 1282 2755 et
1311 2713 1399 2755 aliis
1422 2721 1565 2757 notum
