1884 3132
263 158 266 160 v
295 132 411 188 668
577 149 651 191 10.
695 148 818 191 mc,
840 150 1036 191 nmsxn
1078 149 1458 194 conmmmn

298 256 427 294 crucis
438 253 611 298 formam
636 253 774 305 factas3
800 267 840 298 v.
858 254 925 294 Du
937 254 1073 308 Cange
1097 255 1174 294 hac
1189 269 1288 296 voce
1302 264 1343 296 et
1363 257 1488 297 Goar.
1514 256 1567 299 ad
1589 257 1735 299 Codin.

295 326 340 364 p.
363 309 431 364 87.
452 324 495 348 n.
520 310 587 363 39.
645 310 734 349 Non
763 309 934 349 defuisse
961 310 1131 363 publicis
1161 313 1478 364 processionibus
1506 326 1671 365 cruces,
1698 323 1740 355 et

297 367 544 404 Graecorum
584 379 677 418 erga
717 367 847 405 crucis
888 366 1047 418 signum
1075 367 1216 405 eximia
1241 369 1367 419 pietas
1395 374 1436 407 et
1461 382 1548 407 mos
1575 369 1740 409 Latino-

298 435 391 459 rum
434 420 599 470 suadet,
637 420 707 473 qui
758 435 895 459 cruces
933 434 1094 474 quoque
1132 422 1423 474 praeferebant.
1501 423 1674 464 Obviam
1701 427 1743 464 ei

299 475 497 530 [Henrico
517 474 593 528 V.]
621 475 730 514 misit
750 476 952 527 ,Pontg‘shsc
981 475 1206 530 [Paschalis
1236 478 1317 527 11.;
1350 478 1475 517 verba
1501 487 1594 518 sunt
1613 479 1743 519 Chro-

299 531 379 570 nici
419 532 661 570 Cassincnsis
685 530 759 569 IV.
790 531 899 585 57.ss
941 532 1089 570 baiulos
1114 534 1404 572 cereostatarios
1431 533 1493 588 [id
1523 541 1582 573 est
1609 548 1745 575 cereo-

298 587 554 626 statariorum
567 585 601 640 ,]
631 587 943 638 scaurg'scrarz'os,
988 587 1220 641 aquilifer-os
1235 618 1246 636 ,
1277 589 1507 640 leong'feros,
1534 590 1738 643 lup-iseros,

297 643 567 691 draconurios,
604 641 665 695 [id
690 648 748 680 est
774 641 930 681 baiulos
965 641 1216 690 vexillorum,
1250 643 1289 682 in
1314 644 1461 697 quihus
1488 643 1740 698 aquilarum,

297 696 477 745 leonum,
509 697 722 749 luporum,
765 697 985 735 draconum
1021 700 1344 751 conspicerentur
1389 699 1614 754 imagines]
1643 715 1742 740 can-

297 753 455 791 didatos
472 782 484 803 ‚
517 753 758 803 defensores,
790 762 971 791 stratores
989 782 1000 799 ,
1031 762 1069 792 ec
1098 755 1321 792 maximam
1352 756 1496 809 populi
1522 755 1741 795 multitudi-

297 822 387 847 nem
416 822 502 846 cum
512 807 687 863 floribus
714 816 752 846 et
762 808 926 862 palmis.
983 807 1071 847 Non
1094 808 1282 847 habuisse
1298 817 1452 863 sceptra
1470 810 1634 858 ferrum,
1660 825 1742 865 quo

296 863 508 902 caederent
546 870 616 901 aut
649 863 841 913 ferirent,
874 863 1015 902 videor
1053 863 1151 901 mihi
1197 878 1242 902 ex
1278 863 1366 904 loco
1393 864 1511 905 Pselli
1548 865 1656 918 apud
1671 867 1741 906 Du

297 918 496 972 cangium
534 917 600 957 Gl.
628 919 702 957 Gr.
732 933 774 971 p.
809 917 926 972 ¹589.
956 920 1046 957 init.
1091 917 1303 971 colligere,
1350 920 1384 958 si
1422 920 1545 959 modo
1574 920 1665 960 licet
1692 921 1744 962 de

297 973 386 1013 loco
429 981 538 1013 extra
578 975 864 1012 connexionem
902 975 1031 1026 posito
1067 973 1275 1013 iudicare:
1316 968 1458 1022 ὅπλοις
1496 973 1744 1027 ἐπιχρύσοις

298 1023 549 1079 ἀστράπτων
576 1026 649 1067 καί
684 1025 1077 1080 δορυφορούμενος,
1122 1022 1172 1066 οὗ
1220 1025 1443 1081 σκήπτροις
1485 1025 1741 1082 ἅπλήκτοις,

297 1085 455 1137 sceptris
479 1098 558 1122 non
583 1083 823 1136 ferientibus
838 1113 849 1131 ,
902 1082 993 1123 ἀλλ’
1023 1081 1170 1122 ἀσπίσι
1222 1082 1294 1122 καί
1328 1079 1547 1136 ἐπιμήκεσι
1575 1080 1743 1138 δόρασι.

296 1139 507 1191 Sceptrum
533 1139 583 1178 de
625 1145 784 1178 caetero
821 1145 880 1177 est
912 1137 1097 1194 generale
1126 1151 1273 1177 nomen
1313 1138 1550 1178 vexillorum
1586 1142 1742 1194 generis

295 1195 442 1233 omnis.
500 1195 600 1233 Nam
643 1201 684 1233 et
722 1193 910 1247 ptychia,
956 1194 1007 1232 de
1049 1193 1195 1246 quibus
1234 1195 1368 1232 statim
1401 1194 1583 1244 dicetur,
1626 1196 1670 1234 in
1699 1211 1743 1236 se

295 1249 574 1302 complectitur
599 1248 743 1303 (qnare
776 1251 882 1287 enim
919 1247 1016 1288 alias
1051 1249 1201 1287 diceret
1243 1246 1316 1288 καὶ
1354 1245 1404 1287 τὰ
1451 1247 1576 1289 λοιποὶ
1599 1252 1743 1302 χρυσᾶ

297 1305 483 1357 σκῆπτρα
494 1305 531 1359 ?)
569 1312 608 1344 et
635 1305 773 1343 labara
819 1311 924 1354 sunt,
935 1305 1081 1357 sceptri
1119 1305 1282 1356 species.
1351 1304 1469 1344 Certe
1499 1304 1743 1346 sozomenus

296 1360 406 1399 Hist.
439 1360 510 1399 lx.
531 1359 595 1411 4.
645 1355 824 1411 θάτερον
870 1359 953 1399 τῶν
994 1354 1239 1411 σκήπτρων,
1283 1352 1304 1396 ὃ
1335 1356 1521 1410 λάβαρον
1542 1355 1743 1410 Ῥωμαῖοι

297 1415 490 1454 καλοῦσι.
550 1416 651 1454 Veni
679 1422 813 1453 tamen
841 1416 882 1453 in
921 1429 1009 1454 eam
1042 1428 1202 1468 quoque
1235 1413 1489 1467 opinionem,
1516 1427 1636 1467 quam
1668 1415 1744 1454 do-

298 1471 473 1509 ctiorum
505 1471 653 1510 iudicio
680 1470 873 1509 submitto
891 1500 902 1521 ,
937 1470 1060 1509 fuisse
1086 1470 1187 1508 forte
1217 1475 1371 1522 sceptra
1392 1469 1571 1508 Romana
1598 1470 1744 1510 vexilla

297 1539 344 1564 ex
372 1527 562 1566 institutis
589 1526 828 1565 militaribus
853 1532 1038 1565 veterum
1079 1524 1285 1578 gentilium
1324 1524 1597 1563 Romanorum
1618 1539 1746 1564 asser-

298 1588 391 1620 vata
408 1611 420 1632 ,
450 1589 496 1620 ut
529 1596 567 1620 e.
612 1597 648 1620 c.
685 1582 871 1637 aquilae5
914 1588 954 1620 et
994 1581 1066 1619 has
1103 1579 1257 1633 aquilas
1289 1579 1542 1632 peculiariter
1565 1587 1745 1633 sceptro-

298 1651 390 1675 rum
422 1637 697 1676 Romanorum
725 1638 888 1675 nomine
916 1636 1141 1689 designari3
1171 1642 1390 1688 potuerunt
1413 1649 1574 1688 quoque
1600 1650 1647 1674 eo
1668 1650 1744 1674 no-

297 1693 406 1731 minc
445 1693 596 1732 venisse
630 1693 737 1731 conti
787 1706 879 1730 cum
918 1691 1074 1730 tabellis
1118 1691 1158 1728 in
1193 1703 1350 1728 summo
1377 1692 1527 1728 vertice
1555 1690 1640 1729 fixis
1665 1705 1744 1729 nu-

297 1761 453 1786 merum
491 1762 688 1787 nomenve
723 1747 926 1800 legionum
970 1753 1040 1785 aut
1086 1745 1313 1784 cohortium
1366 1745 1584 1784 maioribus
1611 1747 1744 1785 aureis

298 1802 442 1842 litteris
475 1811 680 1842 exaratum
708 1803 1037 1841 monstrantibus.
1077 1800 1231 1840 Auctor
1253 1799 1372 1838 huius
1398 1802 1651 1839 coniecturae
1667 1801 1744 1839 mi-

295 1858 338 1897 hi
368 1857 443 1896 fuit
475 1858 680 1911 Dexippus
704 1858 745 1896 in
781 1857 988 1911 Excerptis
1034 1858 1172 1909 Legat.
1203 1855 1376 1894 Hoesch.
1412 1869 1454 1908 p.
1477 1855 1544 1895 δα
1574 1852 1746 1894 κατόπιν

295 1913 374 1952 τοῦ
403 1913 609 1963 βασιλέως
654 1908 703 1965 ἦν
731 1909 782 1952 τὰ
810 1911 979 1965 σήματα
1021 1911 1092 1963 τῆς
1129 1909 1342 1949 ἐπιλέκτου
1373 1910 1599 1962 στρατιᾶς,
1629 1909 1746 1966 [sunt

295 1968 444 2007 Nostro
461 1978 696 2022 protectores
716 1975 785 2007 aut
802 1962 1083 2020 candidati]td
1115 1963 1161 2004 δέ
1189 1963 1294 2004 εἰσιν
1323 1962 1440 2004 ἀετοί
1482 1969 1644 2017 χρυσοῖ
1671 1964 1746 2004 καὶ

294 2021 450 2069 εἰκόνες
475 2022 683 2073 βασίλειοι
729 2023 888 2078 [nostro
916 2020 1036 2073 σι’γνα
1065 2028 1104 2060 et
1133 2018 1318 2073 σημεῖάι]
1348 2019 1423 2059 καί
1447 2016 1747 2070 στρατοπέδων

296 2073 541 2129 κατάλογοι,
578 2074 798 2130 γράμμασι
834 2081 1012 2132 χρυσοῖς
1051 2072 1328 2128 δηλούμενοι,
1371 2071 1400 2113 οἳ
1445 2071 1496 2128 δὴ
1526 2070 1745 2126 ξύμπαντα

296 2131 580 2186 προύφαίνετο
602 2132 674 2172 ἐπὶ
700 2133 859 2183 ξυστῶν
888 2129 1210 2185 η’ργυρωμένων.

405 2188 460 2226 D.
481 2201 522 2239 7.
552 2187 669 2242 [575,
699 2187 784 2242 16.]
815 2186 989 2238 πτυχιά.
1049 2186 1114 2224 Sic
1144 2184 1246 2224 solet
1273 2183 1512 2238 plerumque
1539 2183 1640 2224 haec
1666 2197 1742 2223 vox

296 2242 339 2282 in
370 2250 508 2282 nostro
527 2244 665 2282 codice
698 2243 854 2293 efferri3
886 2241 1088 2280 interdum
1115 2247 1251 2279 tamen
1273 2242 1427 2294 integre
1450 2246 1491 2279 et
1511 2241 1745 2292 incorrupte

294 2297 484 2337 scribitur
526 2296 731 2350 εὖτύχια,
771 2306 815 2337 nt
848 2299 890 2336 in
925 2297 1013 2335 loco
1043 2296 1182 2335 Nostri
1226 2294 1347 2349 paulo
1376 2302 1470 2334 ante
1506 2293 1668 2333 laudato
1697 2308 1741 2346 p.

296 2366 335 2404 7.
366 2353 442 2401 C.,
489 2367 571 2406 quo
609 2353 760 2407 absque
795 2352 884 2391 loco
927 2352 1065 2391 fuisset
1111 2364 1321 2404 nunquam
1366 2348 1626 2389 coniectando
1669 2362 1741 2387 ve-

293 2419 382 2445 ram
407 2410 604 2447 rationem
630 2408 884 2462 ptychiorum
927 2407 1087 2446 fuissem
1119 2413 1334 2446 assecutus.
1384 2406 1494 2444 'Nam
1512 2417 1638 2456 quum
1653 2403 1744 2455 pri-

293 2475 407 2501 mum
439 2463 543 2502 hane
574 2477 716 2503 vocem
744 2463 914 2516 legerem
937 2491 949 2512 ,
985 2462 1214 2517 suspicabar
1237 2463 1380 2513 (neque
1401 2460 1506 2498 enim
1540 2457 1648 2496 aliud
1666 2472 1741 2510 po-

293 2520 436 2570 teram)
474 2518 586 2557 illam
631 2519 788 2558 codices
831 2517 1130 2571 evangeliorum
1163 2517 1385 2570 significare
1400 2543 1412 2562 ,
1451 2513 1588 2566 quales
1619 2528 1741 2566 gran-

293 2570 362 2609 des
385 2601 396 2621 ,
440 2574 684 2625 ponderosos
719 2576 761 2612 in
796 2574 1040 2613 membranis
1079 2572 1325 2612 nitidissimis
1368 2581 1523 2608 summa
1553 2567 1740 2622 calligra-

292 2624 427 2676 phices
458 2636 665 2669 venustate
719 2629 861 2668 litteris
891 2628 1110 2682 grandibus
1144 2632 1321 2666 exaratos
1363 2622 1486 2662 rubro
1515 2621 1741 2662 holoserico

292 2679 455 2719 indutos
482 2690 520 2721 et
551 2683 795 2722 umbonibus
823 2691 861 2722 et
883 2683 1042 2722 laminis
1061 2680 1340 2736 angularibus,
1370 2679 1467 2716 item
1493 2678 1650 2730 agrafiis
1666 2692 1739 2719 seu

290 2734 404 2778 uncis
433 2739 560 2777 aureis
601 2746 639 2777 et
667 2740 862 2793 argenteis
899 2739 1079 2780 firmatos
1119 2743 1239 2793 atque
1285 2739 1444 2776 ornatos
1478 2733 1675 2789 praeferre
1714 2746 1740 2777 e
