1884 3132
279 151 389 217 340
588 168 660 210 10.
700 166 805 209 1Ac.
844 169 1041 208 Rsslsxu
1081 166 1458 210 GomffiNTARu

278 275 474 312 circenses
512 279 551 310 et
591 271 668 310 alia
707 271 930 325 spectacula
971 271 1220 322 edebantur,
1257 271 1444 311 lucernae
1471 285 1540 325 per
1569 271 1718 324 plateas

279 329 330 366 de
369 334 485 366 nocte
525 327 709 366 ardentes
748 326 960 366 alebantur
1010 334 1085 365 etc.
1104 357 1114 375 ‚
1164 327 1248 367 vid.
1288 327 1464 380 Procop.
1522 325 1716 375 Aneedot.

282 398 374 437 pag.
407 381 495 433 114.
523 397 581 422 10.
604 397 663 434 sq.

365 451 457 475 201.
483 437 530 475 A.
559 452 593 475 ι.
616 436 734 491 [545,
765 435 818 491 1.]
849 434 888 475 οἱ
915 436 992 475 τοῦ
1020 435 1174 487 λογίου.
1230 437 1316 475 Iam
1334 453 1376 490 p.
1403 451 1494 491 ¹99·
1516 437 1568 475 A.
1589 449 1628 474 2.
1652 434 1724 473 ad-

286 493 359 531 fuit
386 492 484 531 haec
510 492 630 531 dictio
647 523 658 543 ‚
688 507 807 546 quam
835 506 916 530 non
949 491 1143 545 intelligo,
1173 506 1302 545 neque
1319 493 1412 532 novi
1446 492 1614 530 huccine
1632 504 1724 543 per-

284 549 435 597 tineat,
477 555 547 586 aut
585 548 682 601 quid
708 548 782 587 sibi
812 547 908 586 velit
925 577 935 594 ‚
980 547 1090 599 quod
1126 548 1167 585 in
1195 549 1374 601 margine
1403 549 1594 600 scriptum
1621 546 1726 584 eirca

286 619 407 657 hune-
433 617 565 657 loeum
605 619 756 657 dabant
793 618 1049 657 membranae
1088 609 1268 669 μιμοῦ,
1310 613 1728 668 ονεῐάειε’Λιιιμολόγιῳι

287 681 358 712 aut
385 670 638 724 μιμολόγων,
678 689 759 713 non
803 681 935 712 autem
974 672 1237 724 μιμολογιόυ,
1275 674 1328 712 ob
1367 680 1590 712 accentum.
1649 670 1729 710 Sed

289 729 414 768 fatcor
441 729 517 768 hoc
545 730 587 767 in
618 729 728 780 loco,
756 736 802 768 ut
829 732 871 767 in
899 729 1035 767 multis
1063 728 1176 781 aliis,
1208 731 1373 769 Davum
1402 743 1464 768 me
1502 741 1585 767 esse
1602 758 1613 775 ‚
1642 740 1727 765 non

293 784 509 836 Oedipum.

402 838 448 878 B.
467 854 558 892 pen.
581 839 699 893 [345‚
724 841 811 892 22.]
840 834 938 884 τούς
958 838 1232 886 πλακοῦντας.
1263 839 1322 877 Μ.
1351 835 1427 885 τὰς
1456 835 1733 883 πλακοῦντας.

402 895 450 933 C.
476 910 514 932 2.
540 895 655 948 [545.
681 893 771 947 24.]
802 890 972 939 αὐτοὺς.
1030 894 1204 932 Membr.
1235 889 1360 932 αΰτά.

407 951 463 988 D.
488 949 526 988 5.
547 949 663 1001 546,
692 950 775 1003 ι2.]
807 947 970 1002 ἱππικῷ.
1027 948 1124 987 Post
1150 949 1252 987 hanc
1294 962 1433 987 vocem
1460 954 1545 986 erat
1587 947 1628 984 in
1667 959 1735 984 co-

297 1007 384 1046 dice
412 1006 603 1058 spatium,
634 1011 679 1042 ut
706 1013 801 1043 nota
829 1005 1093 1042 distinctionis
1129 1011 1167 1043 et
1185 1018 1313 1044 novae
1338 1003 1599 1050 tractationis,
1633 1007 1672 1039 et
1693 1001 1735 1038 in

299 1082 478 1136 margine
500 1081 745 1134 adscriptum
767 1088 851 1120 erat
885 1076 1004 1132 Atys),
1038 1080 1078 1118 id
1114 1087 1172 1118 est
1213 1079 1371 1131 δείλης,
1412 1078 1658 1117 observanda
1693 1078 1738 1115 in

299 1138 392 1176 ludo
417 1138 634 1191 vespertino
660 1137 723 1175 vel
751 1136 1045 1191 pomeridiano.
1106 1135 1210 1174 Nam
1235 1134 1471 1188 plerumque
1495 1148 1573 1174 vox
1600 1131 1738 1184 δείλης

301 1194 447 1245 scripta
468 1198 553 1230 erat
582 1192 620 1229 in
650 1191 727 1230 hoc
756 1191 891 1230 codice
918 1205 989 1242 per
1017 1192 1220 1244 geminum
1247 1206 1288 1243 η.

384 1261 478 1285 202.
501 1246 547 1285 C.
569 1261 608 1285 2.
634 1245 751 1300 [347‚
778 1245 862 1300 17.]
891 1241 1216 1298 ὄηριγευόμενος.
1274 1247 1333 1284 Μ.
1364 1245 1435 1284 καί
1456 1244 1546 1297 ὃηρ.

387 1303 481 1341 203.
505 1301 559 1340 A.
581 1301 622 1349 4.
643 1301 758 1355 [548,
786 1301 871 1354 14.]
892 1298 1008 1350 ἔχετε
1031 1298 1104 1338 τὸν
1133 1298 1154 1338 ὃ
1184 1300 1421 1352 βοηθοῦντα
1448 1297 1547 1350 ὑμῖν
1568 1295 1741 1351 Ἰησοῦν.

305 1358 365 1396 Μ.
396 1353 512 1408 ἔχετε
543 1355 605 1410 [id
638 1364 696 1395 est
723 1353 884 1411 ἔχεται]
915 1353 935 1395 ὁ
965 1354 1134 1407 βοηθῶν
1164 1353 1263 1407 ἡμῖν
1287 1350 1458 1407 Ἰησοῦς,

416 1411 469 1449 Α.
497 1410 534 1450 5.
559 1410 674 1462 [348,
700 1410 783 1464 15.]
813 1404 886 1458 εἷς.
945 1413 1003 1450 Μ.
1035 1417 1262 1448 constanter
1285 1409 1369 1459 εἰς,
1399 1409 1440 1448 id
1471 1415 1530 1448 est
1559 1401 1645 1458 εἷς,
1686 1421 1742 1446 es.

415 1467 462 1504 B.
487 1466 527 1505 6.
552 1466 667 1520 [549‚
691 1465 748 1520 5.]
779 1463 1051 1517 χορεύσομεν.
1108 1467 1168 1504 Μ.
1194 1461 1477 1516 χορεύσωμεν.

418 1522 464 1558 B.
485 1536 572 1574 pen.
593 1520 705 1575 [549‚
730 1522 787 1575 9.]
834 1520 1091 1576 διαπρέπειν.
1150 1521 1209 1558 Μ.
1238 1519 1492 1572 διαπρέπων.
1526 1517 1668 1557 Posuit
1695 1515 1745 1556 li-

308 1577 466 1615 brarius
495 1590 606 1615 more
634 1591 706 1614 suo
740 1590 773 1614 ω
801 1590 873 1629 pro
903 1589 937 1616 0.
991 1575 1134 1614 Voluit
1164 1576 1271 1613 enim
1299 1573 1542 1625 διαπρέπον.
1582 1572 1654 1610 Da
1674 1585 1746 1610 no-

310 1633 367 1669 his
405 1632 475 1670 hoc
491 1661 502 1682 ,
541 1632 671 1670 Icasio
691 1633 879 1683 ficturum
904 1630 1232 1686 pet-honorificum
1247 1659 1258 1680 ,
1298 1637 1340 1667 ut
1369 1630 1417 1668 ob
1452 1629 1662 1667 victoriam
1704 1628 1747 1666 in

315 1688 525 1726 certamine
552 1702 631 1726 una
658 1701 743 1725 cum
774 1687 858 1740 ipso
877 1702 945 1725 nos
973 1701 1122 1741 quoque
1144 1687 1341 1724 laetemur.

422 1742 476 1780 D.
506 1756 539 1780 1.
562 1741 673 1796 [549.
694 1740 783 1794 2o.]
814 1741 858 1780 ἐν
887 1739 1016 1795 μέσῳ.
1070 1743 1128 1779 Μ.
1156 1739 1335 1793 ἑμμέσῳ.

394 1795 490 1848 204.
514 1797 567 1835 A.
588 1812 628 1850 7.
651 1796 761 1851 [350‚
791 1796 875 1850 14.]
896 1795 1036 1836 αὐτὸν.
1091 1797 1149 1835 Μ.
1169 1791 1283 1849 αὐτῷ
1302 1801 1341 1832 et
1358 1796 1412 1834 sic
1441 1806 1601 1848 quoque
1626 1791 1748 1845 paulo

315 1859 406 1906 post
436 1866 497 1891 vs.
521 1867 561 1906 9.
584 1860 622 1891 et
642 1854 688 1891 B.
714 1867 749 1890 1.

325 1932 327 1935 v
425 1907 471 1945 B.
495 1908 533 1946 5.
554 1906 663 1961 [55o‚
687 1906 778 1960 21.]
820 1903 893 1960 τὴν
922 1901 1170 1959 συνάφειαν.
1226 1903 1456 1942 Verborum
1492 1910 1643 1941 textum
1670 1916 1752 1941 uno

309 1962 507 2001 continuo
535 1969 673 2001 tenore
701 1964 860 2011 recitat,
890 1962 959 2014 qui
985 1969 1100 2000 antea
1128 1974 1199 2014 per
1219 1960 1443 1999 interiectas
1470 1958 1596 2012 plebis
1624 1956 1752 1997 excla-

316 2017 511 2056 mationes
539 2019 787 2070 interruptus
822 2018 963 2055 fuerat.

429 2072 475 2110 C.
501 2087 541 2111 2.
562 2072 675 2126 [551,
696 2071 759 2125 4.]
792 2069 882 2121 del,
913 2067 990 2109 αἐἰ.
1047 2070 1107 2108 Μ.
1139 2067 1236 2116 ιῖὲς,
1273 2067 1356 2114 ἆὲς.
1759 2075 1766 2080 “

433 2127 480 2164 C.
507 2129 545 2166 3.
569 2127 688 2181 [351‚
708 2127 767 2180 5.]
799 2125 857 2173 εἷς
887 2122 966 2167 ἀεὶ.
1021 2126 1081 2163 Μ.
1125 2122 1308 2174 εἰσαίτα;
1338 2138 1429 2178 pag.
1449 2123 1543 2164 208.
1564 2122 1613 2162 B.
1634 2123 1673 2162 3.
1697 2128 1756 2161 est

320 2176 543 2233 ἕσαιούτα,
587 2183 627 2221 id
651 2189 709 2220 est
736 2179 778 2228 ἒς
793 2213 805 2232 ‚
835 2183 923 2219 heus
949 2180 1087 2219 adiuta
1110 2193 1180 2218 seu
1201 2179 1368 2218 adiuva.

1378 2245 1399 2266 ἴ

430 2283 476 2322 C.
496 2298 536 2336 7.
555 2282 669 2337 [351‚
696 2285 776 2335 1o.]
806 2281 919 2334 νίκην
947 2277 1070 2332 ἔχεις.
1126 2282 1186 2319 Μ.
1216 2276 1305 2331 νίκη
1334 2275 1411 2332 ἕχ,
1438 2279 1479 2318 id
1500 2285 1559 2318 est
1574 2273 1662 2329 ἔχει
1687 2272 1753 2324 τὸ,

317 2352 396 2391 per·
414 2340 498 2377 vim
521 2340 661 2388 cremis,
695 2341 768 2390 (est
791 2338 988 2376 adim-atio
1008 2334 1073 2375 vel
1101 2336 1358 2374 iurisiurandi
1388 2333 1557 2373 formula
1571 2333 1597 2383 ‚)
1644 2331 1760 2370 habet

322 2394 490 2432 victoria
506 2393 552 2432 V
546 2403 706 2433 ereetum.
761 2394 817 2432 Et
845 2395 899 2431 sie
922 2405 1080 2445 quoque
1106 2406 1225 2431 versu
1259 2391 1439 2443 proximo
1472 2402 1544 2443 pro
1568 2385 1678 2439 ἔχεις
1706 2381 1752 2424 τὸ

327 2491 477 2534 dabant
507 2495 567 2532 M.
592 2459 666 2545 εἰ,
695 2493 734 2532 id
757 2501 816 2532 est
838 2488 925 2543 ἔχει
949 2488 1014 2531 τὸ.

436 2548 480 2586 C.
499 2562 539 2600 9.
564 2547 681 2602 [351‚
707 2548 799 2602 ι2.]
821 2543 944 2599 ἔχεις.
979 2547 1029 2585 F.
1058 2543 1146 2599 ἔχει
1173 2545 1370 2601 leg.‚vid.
1390 2559 1430 2598 p.
1461 2543 1549 2583 181.
1571 2543 1619 2582 B.
1648 2543 1760 2582 Pun-

329 2608 438 2638 ctum
467 2610 572 2641 certe
597 2606 656 2642 M.
685 2604 750 2641 hic
776 2618 857 2641 non
886 2603 1052 2641 habent.

438 2656 491 2693 D.
513 2657 552 2695 6.
575 2666 612 2696 et
631 2673 671 2710 9.
696 2658 808 2711 [551‚
831 2657 911 2711 2ο,]
942 2657 1126 2708 ιῖγωγεῖν.
1182 2657 1240 2694 Μ.
1264 2663 1434 2707 utroque
1460 2653 1548 2693 loco
1586 2648 1765 2706 ἀγωγὴν.

410 2710 499 2749 205.
522 2711 574 2748 A.
600 2714 639 2750 5.
663 2713 771 2765 552,
791 2712 850 2765 5.]
909 2711 967 2757 εἰς
995 2713 1052 2751 Π.
1108 2712 1165 2748 Μ.
1195 2708 1260 2755 ,εἷς
1286 2707 1330 2749 τὸ
1362 2710 1424 2748 Π.

440 2763 494 2802 A.
517 2765 557 2814 4.
584 2765 697 2819 [352‚
723 2766 787 2820 4.]
817 2766 899 2807 καί.
954 2768 1075 2805 Deest
1098 2764 1267 2804 Membr.
