1884 3132
321 114 435 171 858
606 133 681 178 ιο.
719 131 828 176 1Αο.
868 132 1063 175 amsxn
1102 129 1479 176 conmmanit

320 236 506 287 τωμένον
520 266 532 288 ,
570 234 720 278 blattea
758 251 828 278 scu
862 241 985 278 serica
1023 243 1240 292 praetexta,
1268 235 1334 276 vel
1360 235 1427 276 hio
1461 237 1539 277 loci
1565 238 1673 292 (quia
1699 250 1763 278 se-

320 295 459 346 quitur
485 287 670 344 σχὴματι
697 293 883 346 φιαλίου)
914 291 1256 349 blatteo'3cucullo
1278 306 1398 346 super
1417 294 1597 347 scapulas
1614 295 1763 349 depen-

321 349 442 388 dente
471 348 725 387 instructum.

433 404 482 443 B.
513 416 552 456 7.
579 402 696 456 [72¹⁷
721 401 784 457 7.]
815 398 1006 456 φιαλίου.
1077 402 1218 444 Phiala
1250 403 1412 442 Graecis
1439 404 1543 443 inter
1580 405 1658 446 alia
1691 421 1765 446 cu-

322 458 476 501 cullum
510 459 610 497 vesti
647 465 827 500 assutum
867 465 907 496 et
944 473 1024 512 quo
1052 472 1209 498 sursum
1237 465 1406 498 attracto
1433 467 1553 512 caput
1578 461 1761 514 velatur,

323 521 479 567 regesto
508 526 612 566 pone
638 513 835 552 cervicem
863 514 1065 561 nudatur,
1098 515 1194 552 item
1224 513 1452 553 almutziam
1482 515 1544 554 vel
1571 515 1764 558 bonetum

325 576 397 608 aut
424 569 613 608 biretum.
671 568 854 607 Nominis
882 571 984 608 ratio
1012 569 1111 608 haec
1139 576 1224 620 est,
1261 568 1370 622 quod
1395 568 1491 608 talia
1527 572 1667 623 capitis
1701 578 1766 612 te-

324 626 463 678 gmina
490 623 690 665 referrent
716 623 870 677 phialas
897 624 962 664 vel
992 623 1152 679 cymbia
1195 630 1265 663 aut
1288 623 1487 677 cymbala,
1508 626 1656 679 quibus
1683 626 1760 678 lac,

325 679 456 722 calida
499 687 538 719 et
581 679 659 719 alia
693 679 951 720 hauriuntur.
1024 680 1201 734 Coppam
1236 678 1368 719 adhuc
1407 679 1526 719 hodie
1567 681 1770 735 appellant

324 734 417 774 Jtali
437 736 612 788 occiput,
642 736 752 786 quia,
774 749 916 788 cupam
944 742 1015 776 aut
1032 734 1244 788 cuppolam
1263 735 1398 774 refert.
1455 734 1646 776 Nostrum
1665 737 1770 776 Ger-

326 792 532 830 manicum
544 789 682 845 Kosgff}
717 789 756 828 id
788 797 847 829 est
874 797 1019 844 caput,
1049 791 1210 829 videtur
1231 804 1547 846 quoqueacupa
1566 805 1636 831 seu
1655 806 1768 846 eym-

327 845 398 887 bio
430 860 623 885 manasse.
679 846 855 885 Tunicas
887 860 978 885 cum
1012 845 1179 899 caputiis
1212 845 1466 899 appellabant
1502 848 1652 886 tunicas
1671 848 1769 902 pal-

327 902 488 941 liolatas
526 908 566 941 et
603 902 689 955 ipsa
726 902 886 954 caputia
918 901 1121 956 palliola,·
1163 915 1204 940 v.
1247 901 1415 941 Salmas.
1450 901 1502 940 T.
1533 902 1590 940 11.
1621 903 1766 956 Script.

330 956 440 996 Ilist.
472 956 579 1009 Aug.
607 971 650 1010 p.
676 970 725 1011 77
737 968 768 997 ¹.
795 955 838 996 b.
873 956 1036 996 casulas
1063 970 1223 1008 quoque
1250 957 1381 996 medio
1399 970 1497 999 aevo
1516 956 1771 1010 appellabant

328 1019 459 1051 vestes
497 1026 589 1050 cum
627 1017 758 1051 assuto
796 1012 956 1064 caputio
994 1011 1057 1051 vel
1094 1009 1266 1050 cucullo.
1325 1011 1528 1051 Isidorus:
1557 1013 1690 1051 casula
1716 1022 1774 1053 est

329 1068 447 1109 vestis
475 1067 666 1106 cucullata
674 1081 689 1116 ‚-
727 1080 767 1106 v.
796 1066 847 1106 ad
874 1081 916 1119 p.
945 1079 992 1120 27
1004 1080 1039 1105 ι.
1065 1065 1113 1105 C.
1143 1066 1184 1106 6.
1215 1065 1320 1106 dicta
1334 1096 1347 1119 ,
1393 1073 1433 1105 et
1459 1067 1657 1107 Murator.
1682 1067 1771 1107 An-

329 1123 435 1176 tiqu.
468 1122 595 1160 Italic.
623 1122 677 1160 T.
711 1121 768 1161 ΙΙ.
795 1135 836 1174 p.
865 1120 962 1173 425.
992 1135 1080 1174 sqq.

441 1177 487 1218 C.
521 1191 580 1215 10.
608 1175 727 1231 [72¹⁹
755 1174 838 1231 19.]
865 1175 1206 1230 περικεφαλαίαν.
1265 1175 1363 1220 vid.
1393 1175 1502 1216 dicta
1525 1175 1577 1216 de
1594 1174 1775 1232 phengiis

331 1232 384 1272 ad
413 1248 455 1287 p.
487 1230 582 1283 540.
602 1233 656 1271 D.
685 1233 725 1274 5.

444 1288 498 1326 D.
529 1288 570 1327 5.
606 1287 719 1341 [72¹2
743 1285 834 1341 αἱ]
862 1282 1063 1337 ἑπομίοις.
1119 1284 1243 1324 Verte
1277 1285 1558 1340 scapularibus.
1626 1285 1777 1327 Procul

333 1341 460 1384 dubio
488 1344 595 1381 enim
623 1343 810 1381 librarius
840 1341 905 1381 hic
935 1356 956 1381 ο
984 1356 1059 1394 pro
1088 1356 1121 1380 ω
1151 1342 1283 1393 posuit
1310 1355 1421 1386 more
1444 1355 1529 1382 suo.
1581 1341 1656 1380 Est
1682 1355 1778 1395 ergo

334 1399 442 1437 idem
482 1405 600 1450 atque
633 1394 779 1451 φιάλιν
814 1404 883 1436 aut
909 1397 1038 1436 simile
1066 1397 1179 1450 quid.
1236 1396 1359 1435 Forte
1393 1392 1540 1450 φιάλιν
1579 1395 1775 1449 amplius,

335 1453 457 1493 latius
485 1460 544 1492 est
569 1459 608 1492 et
635 1459 757 1506 caput
783 1454 904 1506 tegit,
935 1451 1140 1507 scapulare
1167 1458 1288 1506 caput
1314 1465 1395 1491 non
1424 1452 1546 1503 item,
1575 1451 1644 1491 sed
1675 1449 1780 1493 solas

337 1506 520 1562 scapulas
547 1511 660 1562 tegit,

447 1563 501 1604 D.
530 1563 569 1602 5.
603 1563 715 1618 [721‚
735 1560 821 1615 23.]
852 1555 1021 1609 πώλοις.
1090 1561 1209 1603 Verti
1235 1561 1356 1615 equis.
1410 1559 1528 1599 Certe
1545 1559 1680 1608 πῶλος
1706 1561 1782 1600 eti-

338 1632 404 1662 am
433 1632 583 1671 equum
611 1618 726 1658 novis
755 1619 918 1657 Graecis
944 1624 1072 1665 notat,
1104 1616 1341 1670 plerumque
1357 1622 1491 1654 tamen
1510 1622 1665 1668 ponunt
1691 1629 1782 1656 eam

338 1687 478 1712 vocem
516 1687 590 1728 pro
618 1674 746 1712 asino.
805 1672 884 1711 Sed
913 1672 1122 1726 indignum
1148 1671 1361 1710 videbatur
1388 1683 1602 1722 procerum
1628 1670 1785 1723 Byzan-

339 1731 520 1768 tinorum
559 1741 779 1781 eorumque
806 1742 961 1782 semper
988 1730 1094 1767 circa
1125 1727 1227 1778 Imp.
1250 1726 1502 1766 versantium
1527 1725 1629 1764 vesti
1654 1725 1786 1764 hono-—

339 1786 471 1823 rariae
488 1813 500 1835 ,
542 1798 623 1837 qua
669 1783 849 1824 investiri
901 1782 1104 1834 solebant,
1148 1782 1278 1821 asinos
1316 1782 1506 1821 intexere.
1572 1779 1789 1834 Propterea

341 1853 468 1893 equos
496 1839 636 1879 malui.

424 1905 522 1958 4¹9·
547 1904 596 1943 C.
637 1918 700 1945 ιι.
730 1904 845 1959 [723‚
873 1902 959 1959 13]
987 1901 1178 1957 ἐφίσσης.
1235 1902 1311 1943 Est
1351 1915 1426 1957 pro
1453 1899 1523 1951 ἔτι*
1543 1896 1665 1954 ἶ’σης;
1700 1900 1788 1950 vid.

344 1959 452 1999 dicta
479 1960 532 1999 ad
558 1974 600 2014 p.
630 1959 723 2011 245.
755 1960 803 1999 C.

456 2015 510 2054 D.
548 2029 581 2058 1.
609 2013 729 2068 [723‚
757 2012 834 2067 16.]
865 2010 1115 2067 διαγορεύει.
1173 2011 1328 2068 Nempe
1390 2008 1413 2051 ὅ
1442 2005 1699 2063 διαγορεύων
1723 2009 1788 2051 vel

343 2076 500 2108 auctor.
577 2069 709 2108 Possit
748 2084 908 2124 quoque
943 2066 1137 2120 ἀνωτέρω
1174 2082 1250 2121 pro
1304 2062 1359 2107 τὰ
1405 2065 1597 2121 ἀνωτέρω
1636 2067 1789 2120 accipi,

347 2123 674 2179 quemadmodum
703 2127 906 2180 superiora
933 2124 1099 2167 edicunt.

461 2180 515 2218 D.
543 2179 584 2218 5.
617 2179 730 2233 [723,
759 2179 838 2234 17.]
867 2178 1097 2232 ἐξέρχεται.
1158 2177 1268 2218 Ante
1300 2177 1379 2218 hoc
1416 2173 1586 2215 verbum
1628 2174 1791 2214 videtur

350 2234 405 2273 ob
432 2232 733 2274 similitudinem
762 2235 947 2274 excidisse
973 2231 1262 2286 ἑξερχομένου.
1321 2232 1438 2273 Conf.
1468 2245 1512 2284 p.
1542 2230 1638 2270 311.
1671 2229 1727 2269 A.
1750 2229 1793 2279 4.

351 2291 413 2329 Μ.
437 2297 572 2328 tamen
602 2290 717 2328 editis
745 2289 861 2344 plura
890 2303 972 2329 non
1002 2289 1165 2328 habent.
1772 2284 1776 2287 .

461 2344 516 2382 D.
546 2344 587 2384 8.
621 2343 737 2398 [725‚
762 2343 852 2398 22.]
880 2340 1035 2396 ἐπέχει.
1095 2344 1208 2383 Verti
1237 2351 1371 2390 curat,
1419 2340 1463 2380 id
1491 2346 1550 2379 est
1581 2338 1703 2378 habet
1730 2337 1794 2377 in-

351 2400 597 2452 spectionem
634 2406 716 2438 tam
756 2399 992 2450 hominum,
1028 2406 1075 2437 ut
1113 2399 1422 2448 diaetariorum,
1467 2393 1794 2446 candelaptarum

354 2462 449 2504 etc.‚
479 2468 601 2507 quam
631 2468 766 2493 rerum
795 2469 876 2493 non
904 2455 1197 2503 animatarum,
1229 2461 1275 2493 ut
1302 2452 1412 2498 olei,
1453 2463 1534 2504 quo
1561 2461 1704 2500 nempe
1736 2447 1795 2487 illi

355 2509 532 2547 officium
554 2509 728 2560 faciant,
767 2509 845 2548 hoc
872 2523 922 2548 ne
950 2509 1063 2548 desit.
1117 2502 1304 2560 Ἐπέχειν
1329 2503 1412 2546 τινί
1437 2505 1496 2544 est
1523 2504 1695 2542 eminere
1725 2515 1798 2542 su-.

356 2577 429 2615 per
482 2563 684 2616 aliquem,
725 2564 931 2604 imminere
952 2593 962 2610 ,
1006 2563 1240 2616 invigilare,
1282 2561 1431 2601 habere
1477 2557 1637 2600 oculum
1676 2569 1801 2609 super-

359 2618 448 2668 ipso
473 2646 484 2666 ,
516 2619 729 2670 imperare.
795 2618 1051 2672 Thucydides
1079 2633 1120 2671 p.
1158 2617 1253 2671 572.
1281 2617 1350 2655 23.
1381 2626 1501 2652 naves
1527 2610 1800 2651 Lacedaemo-.

359 2672 520 2709 nicrum
549 2672 718 2712 navibus
747 2673 890 2712 Atticis
918 2676 1133 2724 instantes,
1162 2671 1272 2725 vigili
1301 2667 1418 2708 oculo
1445 2666 1716 2715 observantes,
1745 2679 1801 2704 ne

362 2723 628 2777 elaberentur,
648 2723 875 2780 ἐπεχούσας
892 2727 1078 2783 appellat.
1120 2726 1224 2775 Hinc
1240 2725 1409 2772 inferius
1422 2735 1463 2775 p.
1477 2719 1572 2781 423.
1586 2721 1639 2760 D.
1650 2718 1805 2774 penult.-
