1884 3132
342 129 449 204 718
614 146 688 191 10.
731 148 837 195 1Ac.
876 151 1070 194 nnsxn
1114 142 1510 197 communiuit

338 252 460 293 huius
488 254 618 307 capite
639 257 818 308 sequenti
842 259 1015 310 exponit.
1070 259 1346 299 Procedebant
1367 268 1500 299 autem
1517 259 1581 300 vel
1602 259 1656 309 ἐξ
1678 260 1780 316 ἐφό-

337 308 413 347 δου
431 340 443 360 ,
485 311 619 348 statim
644 317 764 364 atque
796 311 848 350 ab
873 314 1122 365 expeditione
1150 316 1358 363 venirent,
1405 330 1534 370 neque
1572 316 1669 356 duni
1706 319 1776 357 ad-

337 363 418 403 huc
450 365 614 418 ingressi
643 373 772 405 essent
799 368 840 405 in
868 368 1084 420 palatium,
1125 368 1190 408 vel
1227 372 1346 409 etiam
1378 384 1400 409 e
1433 371 1596 424 palatio,
1635 373 1668 411 si
1708 375 1777 426 qui

337 433 482 473 nempe
511 435 592 459 non
624 436 695 474 per
722 435 786 471 se,
813 424 882 461 sed
913 437 984 476 per
1011 423 1161 478 legatos
1189 439 1280 464 suos
1307 427 1518 465 victoriam
1544 427 1649 465 nacti
1679 425 1776 467 fnis-

337 482 446 523 sent,
484 476 659 528 primum
705 477 754 515 ad
791 478 834 516 S.
864 478 1081 531 Sophiam,
1125 487 1164 518 et
1203 494 1247 518 ex
1287 481 1361 520 hac
1417 489 1507 534 post
1536 489 1697 534 peracta
1721 483 1777 521 ibi

337 545 451 570 sacra
478 532 651 585 dataque
677 531 862 572 ecclesiae
891 549 1084 587 munera,
1124 542 1193 573 aut
1222 537 1263 574 in
1290 536 1450 575 Circum
1469 566 1480 587 ‚
1525 545 1594 576 aut
1633 538 1675 576 in
1718 537 1780 576 fo-

334 600 429 624 rum
455 587 506 626 ad
533 595 704 626 statuam
725 587 973 628 Constantini
1006 591 1079 640 M.‚
1109 590 1179 628 ubi
1208 590 1414 630 calcabant
1441 593 1612 631 cervices
1639 592 1781 646 princi⁴

338 656 438 695 pum
484 642 736 682 devictorum
778 644 852 682 sub
892 645 1051 698 hymnis
1090 652 1129 683 et
1166 648 1278 685 actis.
1335 647 1440 685 Dein
1467 647 1668 699 dabantur
1694 647 1779 686 ludi

338 699 562 746 circenses,
612 706 651 738 et
687 698 785 737 urbs
815 706 897 738 tota
933 701 1046 739 sertis
1085 702 1351 740 coronabatur
1384 709 1422 740 et
1450 702 1780 741 facibus'illumi-

337 753 524 792 nabatur.
584 755 647 793 De
673 754 837 807 singulis
878 754 1022 794 horum
1053 755 1199 808 aliquid
1231 756 1400 809 amplius
1427 757 1617 796 disserere
1644 759 1778 808 iuvat,

336 816 546 861 postquam
589 811 701 862 prius
744 810 793 848 de
832 811 1051 863 significatu
1099 814 1210 849 vario
1251 813 1360 850 vocis
1401 810 1580 851 ἐπινίκια
1629 813 1778 851 dixero.

335 864 540 917 Significat
560 879 653 918 ergo
679 873 816 917 partae
843 868 1036 904 victoriae
1077 867 1247 919 insignia
1275 874 1314 905 et
1343 867 1582 906 documenta
1620 867 1780 920 publice

336 927 557 959 monstrata
582 927 621 959 et
649 919 894 958 circumlata.
957 922 1015 959 lta
1041 922 1146 973 apud
1175 921 1413 975 Theophan.
1447 937 1484 974 p.
1515 923 1604 976 195.
1636 924 1684 962 Β.
1705 923 1778 963 ult.

335 971 390 1013 τὰ
425 975 604 1014 ἑπινύιια
633 982 728 1014 sunt
759 985 879 1013 vestes
917 976 956 1013 T
951 977 1068 1014 otilae
1098 979 1203 1014 caes-i
1225 987 1419 1016 cruentae.
1449 977 1496 1016 Ρ.
1517 991 1612 1016 20¹.
1634 978 1688 1016 A.
1715 992 1776 1017 ιο.

336 1037 430 1069 sunt
467 1029 644 1069 ἐπινίκια
690 1037 759 1068 aut
797 1031 949 1070 litterae
989 1032 1194 1069 victoriam
1240 1041 1457 1071 mutuantes
1502 1039 1573 1070 ant
1609 1034 1778 1085 insignia

334 1086 523 1124 victoriae
548 1100 632 1123 cum
665 1086 806 1124 litteris
844 1094 881 1124 et
911 1088 1054 1124 nanctis
1091 1087 1251 1125 addicis.
1294 1087 1344 1125 P.
1375 1087 1466 1126 225.
1499 1086 1552 1125 A.
1574 1101 1613 1141 7.
1647 1085 1779 1127 ἐπινί-

335 1150 406 1178 ma
445 1147 536 1179 sunt
572 1141 710 1194 epulae
752 1142 1018 1194 triumphales,
1063 1155 1162 1195 quae
1203 1142 1251 1180 ob
1285 1144 1494 1180 victoriam
1534 1142 1775 1182 exhibentur.

334 1195 424 1236 Nisi
447 1196 548 1235 forte
561 1196 716 1248 phrasis
731 1192 910 1234 ἐπινίκια
925 1193 1061 1250 ἐστιᾷν
1077 1203 1136 1234 est
1163 1195 1231 1235 ἐπὶ
1244 1196 1332 1250 νίκῃ
1346 1192 1499 1251 eeacgr,
1517 1197 1624 1249 quod
1637 1197 1776 1237 eodem

337 1251 456 1290 redit.
513 1251 644 1289 Porro
673 1252 704 1289 si
733 1251 983 1303 triumphans
1012 1265 1033 1288 e
1062 1250 1215 1303 Campo
1247 1259 1414 1299 veniret,
1446 1252 1675 1304 imponebat
1701 1255 1776 1306 ipsi

337 1301 358 1344 ὃ
389 1305 652 1355 ἐναπομέιιων
683 1306 758 1345 sub
789 1319 911 1344 aurea
941 1313 1055 1358 porta
1087 1320 1276 1344 coronam
1303 1321 1485 1355 auream,
1531 1314 1576 1345 ut
1605 1307 1778 1346 vidimus

336 1363 379 1400 in
408 1362 571 1400 Tactico
614 1362 690 1400 sub
730 1361 879 1410 finem,
924 1362 992 1399 ubi
1034 1362 1259 1414 triumphos
1307 1362 1440 1400 Basilii
1482 1362 1710 1401 Macedonis
1739 1370 1778 1402 et

335 1416 552 1470 Theophili
590 1417 829 1469 descripsit,
865 1430 967 1468 quae
1011 1417 1204 1469 particula
1240 1419 1450 1470 praecipue
1490 1416 1569 1455 huc
1605 1417 1778 1456 conferri

336 1480 538 1522 meretur3
586 1474 618 1511 si
653 1480 787 1511 autem
820 1485 842 1510 e
873 1471 1022 1524 palatio
1050 1473 1281 1524 procederet
1309 1472 1560 1525 triumphans
1601 1473 1777 1525 Impera-

332 1535 398 1567 tor
419 1529 461 1566 in
491 1528 532 1566 S.
564 1529 769 1580 Sophiam,
805 1527 1033 1579 patriarcha
1053 1529 1127 1580 ipsi
1158 1528 1211 1566 ibi
1241 1542 1431 1566 coronam
1460 1541 1621 1565 auream
1649 1529 1779 1580 impo-

333 1583 483 1633 nebat3
524 1583 608 1623 vid.
636 1584 780 1635 Script.
812 1597 854 1635 p.
887 1582 1123 1634 Theophan.
1163 1597 1203 1635 p.
1226 1581 1312 1622 168.
1335 1583 1406 1629 C.⁴
1437 1583 1558 1620 Ducti
1586 1584 1627 1620 in
1656 1583 1775 1622 Circo

334 1638 529 1692 triumphi
558 1639 783 1692 exemplum
822 1637 944 1676 habet
973 1638 1132 1676 Contin.
1163 1639 1368 1676 Constant.
1399 1637 1543 1689 Script.
1572 1651 1612 1690 p.
1643 1637 1778 1678 Theo-

334 1704 460 1758 phan.
483 1719 522 1758 p.
546 1705 640 1744 282.
662 1709 803 1755 c.hn.,
835 1705 904 1743 uhi
923 1705 1037 1744 Καϊτ
1066 1711 1124 1743 est
1153 1718 1227 1742 vox
1258 1703 1431 1741 Arabica
1463 1689 1563 1751 3315,
1625 1702 1775 1752 dacem,

336 1762 581 1815 capitaneum
624 1769 782 1800 notans.
819 1761 917 1799 Post
959 1759 1207 1812 triumphum
1247 1758 1468 1797 edebantur
1504 1755 1654 1811 populo
1691 1757 1776 1796 ludi

337 1818 559 1865 circenses3
605 1817 689 1855 vid.
724 1817 871 1868 Script.
904 1816 1005 1853 Hist.
1051 1817 1156 1867 Aug.
1196 1814 1248 1852 T.
1288 1815 1343 1851 ΙΙ.
1386 1828 1428 1866 p.
1449 1812 1544 1867 497.
1582 1812 1777 1855 Themin.

338 1885 381 1923 p.
407 1871 473 1911 58.
505 1872 594 1909 init.
630 1871 818 1925 *[Georg.
847 1870 1036 1909 Monach.
1063 1884 1105 1922 p.
1127 1868 1215 1922 519.
1247 1868 1543 1922 Sym.Logotb.
1574 1882 1616 1920 p.
1635 1866 1777 1920 452.]*

339 1926 500 1964 Ludum
529 1926 708 1965 curulem
750 1935 838 1979 post
867 1926 1058 1978 insignem
1090 1923 1363 1962 Romanorum
1390 1925 1597 1963 victoriam
1619 1923 1668 1961 de
1696 1923 1779 1961 Ra-

338 1982 513 2034 dagaiso,
546 1982 772 2020 Gothorum
800 1995 918 2034 rege,
966 1981 1003 2018 in
1046 1980 1210 2018 Etruria
1248 1986 1490 2031 reportatam
1528 1977 1780 2016 celebrarunt

337 2035 558 2075 Florentini
588 2037 707 2076 Auno
723 2037 833 2088 4054
859 2050 898 2079 v,
928 2035 1058 2087 Scipio
1089 2034 1290 2072 Amiratus
1319 2035 1366 2072 L.
1390 2035 1423 2072 1.
1461 2034 1564 2073 Hist.
1594 2032 1779 2072 Florent-

340 2091 498 2130 Ornata
526 2093 698 2145 denique
726 2091 822 2131 urbs
858 2092 999 2144 pannis
1028 2090 1160 2128 sericis
1193 2103 1326 2127 coram
1358 2089 1522 2127 aedibus
1550 2087 1780 2140 dependen-

339 2146 461 2197 tibus,
493 2154 532 2186 et
559 2150 671 2186 sertis
701 2155 740 2186 et
768 2146 969 2185 funalibus
997 2144 1226 2183 ardentibus
1243 2174 1252 2191 ‚
1297 2144 1405 2196 quod
1434 2142 1666 2196 στεφανοῦν
1703 2137 1779 2193 τήν

338 2196 459 2240 πόλιν
501 2202 769 2255 appellabant.
827 2202 911 2239 lam
939 2200 1025 2239 loca
1054 2200 1248 2251 quaedam
1288 2199 1508 2238 indicemus
1547 2204 1778 2246 auctorum,

341 2256 412 2303 ubi
452 2256 688 2296 celebriores
726 2255 950 2309 triumphos
990 2256 1282 2307 Imperatorum
1325 2255 1592 2292 recentiorum
1632 2251 1780 2290 descri-

340 2311 442 2350 bunt
471 2319 540 2350 aut
569 2319 808 2351 memorant.
866 2310 974 2364 *[De
1003 2310 1209 2362 triumpho
1241 2310 1451 2348 Maximini
1482 2305 1658 2346 Herculii
1696 2305 1780 2344 vid.

340 2366 577 2419 Tlieophan.
604 2382 644 2420 p.
666 2382 706 2421 7.
763 2366 955 2411 Gilimer,
990 2364 1263 2403 Vandalorum
1293 2379 1375 2412 rex,
1403 2363 1570 2401 adorare
1598 2359 1779 2422 Iustinia-

340 2435 439 2459 num
467 2430 627 2461 coactus
661 2429 719 2461 est
763 2422 802 2459 in
841 2420 1119 2473 hippodromo.
1186 2421 1311 2458 Marc.
1344 2419 1463 2457 Proc.
1501 2416 1684 2454 Tiberius
1725 2414 1779 2453 oh

341 2484 584 2529 reportatam
627 2491 650 2516 a
689 2476 879 2515 Mauritio
921 2476 1127 2514 victoriam
1164 2473 1414 2526 triumphum
1459 2473 1552 2523 egit.
1589 2468 1775 2532 Theoph.

340 2545 383 2622 5·
408 2522 1779 2631 ²{ttaT¹·³fimph⁰¹¹÷690⁰⁵a⁰z³¹¹ss-12‘221‘53133321253531252‘5

339 2594 579 2690 Plaeszgllth·
595 2601 787 2688 ‚elgasillrili-
807 2600 1036 2679 {t'aceclotiis
1067 2599 1106 2676 ae
1118 2599 1316 2691 ’.[ῐῖρῖἴίῃῆοέ
1347 2634 1545 2674 redeuntis
1574 2633 1781 2672 Cedrenus

340 2706 381 2744 p.
415 2692 507 2746 57¹.
552 2695 599 2733 C.
640 2704 679 2734 et
719 2695 926 2734 Constant.
967 2695 1022 2732 V.
1055 2693 1170 2732 Basil.
1199 2707 1236 2744 p.
1272 2689 1359 2730 168.
1391 2689 1454 2735 C.‚
1484 2695 1523 2726 et
1552 2687 1719 2726 alterum
1750 2694 1774 2726 a'

342 2747 450 2787 Lulu
478 2748 532 2786 ib.
565 2763 605 2801 p.
635 2749 722 2802 176.
767 2757 808 2788 et
837 2749 1003 2788 Cedren.
1027 2763 1067 2800 p.
1097 2746 1188 2800 575.
1220 2747 1265 2784 B.
1296 2743 1509 2798 *[Basilius
1527 2742 1778 2796 triumphuni
