1884 3132
254 114 366 170 216
518 129 593 179 10.
636 129 742 172 1Ac.
780 128 979 171 Rsslsxn
1021 128 1430 172 COMMENTARH·
1465 144 1481 150 <-

251 241 410 285 ctorum
463 231 656 285 imagines
699 230 877 284 singulae
921 238 1035 270 erant
1050 261 1062 282 ,
1111 229 1259 271 similes
1301 230 1549 272 confessoriis
1565 261 1578 283 ‚
1625 240 1696 274 aut

251 286 592 335 confessionibus,
634 285 704 325 ubi
738 286 963 325 sacerdotes
1006 286 1272 326 consessiones
1303 287 1506 336 audiunt,
1553 288 1594 327 in
1621 297 1698 328 no*-

253 344 441 383 stratium
484 348 525 380 et
560 341 876 379 Romanensium
921 340 1111 381 ecclesiis.
1169 341 1268 380 Vid.
1306 342 1375 380 Du
1404 341 1539 396 Gange
1565 341 1696 383 Gloss-

252 398 297 437 h.
327 412 370 437 v.
429 396 639 447 Quaedam
666 404 801 435 tamen
829 411 969 437 eorum
987 425 999 448 ‚
1027 411 1143 450 quael
1157 396 1214 435 ibi
1243 396 1364 448 citat,
1396 395 1485 436 loca
1512 397 1702 438 videntur

254 454 396 492 docere
415 482 425 499 ‚
467 446 777 505 προσευχάδιον
815 466 899 493 esse
941 451 1114 492 scabella
1150 451 1321 490 humilia
1358 451 1434 491 sub
1472 460 1703 493 sanctorum

254 507 496 561 imaginibus
530 509 685 560 posita,
723 507 775 546 ad
805 522 908 560 quae
943 508 1184 546 infirmiores
1213 521 1342 561 genua
1368 505 1581 547 flectebant
1607 523 1702 561 pre-

257 571 406 602 cantes.
465 561 581 601 Talia
609 569 702 601 sunt
729 563 899 603 scabella
926 563 1170 602 nostratibus
1191 565 1270 602 aris
1297 562 1503 616 apposita,
1532 563 1585 604 ad
1598 577 1703 619 quae

255 633 385 674 genua
413 617 605 666 flectunt,
635 619 704 670 qui
733 620 1055 659 communionem
1083 619 1299 670 accipiunt.

367 674 415 712 B.
450 687 484 711 1.
509 672 625 727 [118‚
648 672 713 726 4]
753 671 812 719 εἷς
853 671 928 714 τὸν
971 670 1075 727 πρὸς
1119 669 1196 726 τήν
1239 669 1462 712 θάλασσαν
1500 671 1707 727 νάρθηκα.

258 729 400 780 Qualis
428 728 496 766 hic
524 725 724 767 θάλασσα
761 729 1004 782 significetur
1021 759 1034 781 ‚
1083 735 1153 769 aut
1187 730 1277 782 quis
1304 728 1452 769 horum
1486 729 1707 769 verborum

259 799 397 824 sensus
425 786 502 834 sit,
538 783 668 822 fateor
698 797 763 821 me
791 786 959 824 nescire.
1027 820 1029 823 ,
1111 785 1118 791 ’

370 838 477 879 G.6.
503 837 621 892 [118,
649 837 733 892 ¹9·]
798 840 845 877 In
881 839 1000 880 titulo
1039 839 1179 893 capitis
1205 837 1305 878 ⁸XX.
1346 845 1416 878 aut
1450 837 1610 878 XXIX.
1644 828 1707 878 se-

265 894 444 934 cundum
481 893 751 932 membranas.
803 894 875 946 τῆς
916 889 1113 947 μεγάλης.
1169 895 1230 934 Μ.
1265 893 1341 946 τῆς
1381 893 1478 940 νέας
1515 887 1710 947 μεγάλης.

263 951 356 989 Non
385 950 492 988 enim
521 949 570 987 de
601 963 746 1002 magna
783 949 948 990 ecclesia
977 950 1043 989 'sic
1083 950 1217 999 dieta,
1257 963 1328 988 seu
1371 945 1618 1002 S.'Sophia,
1664 949 1710 988 in

262 1005 339 1045 hoc
369 1007 499 1058 capite
528 1018 659 1043 sermo
681 1011 740 1043 est
758 1033 769 1053 .,
800 1005 869 1044 sed
897 1007 947 1044 de
978 1005 1110 1045 Nova.
1167 1004 1265 1043 Vid.
1295 1018 1336 1059 p.
1367 1017 1434 1058 7¹·
1468 1003 1523 1044 A.
1553 1017 1596 1058 9.

371 1058 670 1113 D.pen.[119‚
693 1058 757 1113 7.]
797 1058 980 1116 καμάρᾳ.
1035 1060 1134 1100 Post
1171 1057 1214 1098 h.
1256 1073 1300 1099 v.
1343 1066 1483 1114 putem
1521 1057 1711 1099 excidisse

265 1115 491 1168 complures
520 1128 683 1165 versus,
715 1115 785 1167 qui
813 1130 855 1167 p.
887 1131 954 1170 72.
987 1116 1033 1155 C.
1063 1130 1104 1170 9.
1136 1115 1350 1168 leguntur,
1389 1113 1538 1154 scilicet
1565 1128 1589 1154 a
1610 1127 1712 1154 voce

264 1170 339 1210 τοῦ
386 1168 736 1223 χρυσοτρικλίνου
776 1183 903 1223 usque
940 1171 991 1210 ad
1032 1171 1079 1209 C.
1120 1171 1182 1209 13.
1241 1169 1314 1210 καί
1358 1168 1621 1222 εἰσέρχονται
1665 1168 1711 1209 ἓν

266 1226 320 1279 τῇ
359 1221 529 1280 καμάρᾳ
569 1231 646 1264 etc.
706 1225 766 1264 M.
807 1233 943 1265 tamen
985 1226 1052 1267 hic
1097 1225 1175 1272 loci
1222 1224 1341 1280 plura
1387 1225 1579 1282 impresso
1626 1236 1712 1264 non

263 1281 433 1321 habent.

379 1334 515 1390 71.A.
536 1332 732 1390 10.[119,
760 1334 846 1392 16]
878 1331 1103 1390 ὥρολογίου
1133 1329 1216 1376 καί.
1243 1334 1368 1376 Forte
1398 1333 1471 1374 καί
1497 1333 1714 1375 delendum

270 1398 352 1430 est:
381 1391 533 1430 habent
559 1398 694 1430 tamen
723 1393 780 1432 M.
1698 1431 1703 1434 ,

268 1484 270 1486 ,
324 1471 328 1474 -
379 1446 426 1484 C.
463 1447 501 1485 3.
529 1445 665 1500 r[120‚
700 1445 786 1500 10.]
809 1441 854 1485 τὸ
882 1442 1065 1499 ἡλιακὸν.
1114 1443 1197 1486 Τὸν
1222 1440 1396 1500 ἡλιακὸν
1422 1451 1482 1486 e'st
1516 1444 1559 1484 in
1585 1445 1647 1486 M.
1677 1450 1718 1484 et

270 1499 481 1541 λιτανίκια
511 1515 631 1541 versu
658 1509 864 1555 sequente.

380 1557 435 1595 D.
464 1570 526 1596 10.
553 1556 671 1611 [121‚
698 1556 757 1611 1.]
788 1556 881 1596 καθ’
911 1556 985 1596 ἕνα
1013 1555 1198 1600 ἕκαστον.
1236 1556 1299 1597 Ita
1325 1554 1455 1596 solent
1481 1554 1577 1594 novi
1598 1553 1719 1593 Grae-

270 1612 308 1651 ci
338 1611 492 1651 soloece
519 1626 593 1666 pro
637 1612 735 1651 καθ’
775 1611 820 1652 ἓν
860 1607 1041 1653 ἕκαστον.
1097 1613 1253 1652 Pariter
1280 1627 1321 1665 p.
1355 1627 1367 1650 1
1403 1611 1443 1651 6.
1474 1612 1522 1650 Β.
1547 1608 1588 1661 4.
1619 1607 1719 1662 legi-

268 1681 361 1706 mus
388 1663 433 1706 τὸ
466 1666 513 1706 δὲ
541 1660 680 1717 ὅρμα,
710 1659 839 1719 ἤγουν
865 1662 910 1706 τὸ
938 1663 1211 1720 σκουτάριον,
1240 1627 1520 1718 βαστάΞουο-ιν
1551 1657 1721 1703 ona-502-

273 1734 359 1774 ριοι
386 1717 465 1760 δύο
494 1723 594 1761 καθ’
626 1721 697 1762 ἕνα
726 1724 824 1776 (pro
850 1722 944 1760 καθ’
974 1721 1043 1775 ἓν)
1074 1721 1259 1773 ἕκαστος,
1315 1721 1526 1776 Spathariz'
1548 1719 1625 1758 duo
1651 1732 1720 1770 ge-

276 1786 372 1815 runt
397 1775 550 1826 Arma,
583 1792 649 1816 seu
675 1787 820 1816 scutum
834 1806 845 1826 ,
879 1779 1134 1832 unusquisque
1161 1792 1293 1816 unum.

385 1844 451 1886 72.
473 1833 521 1872 B.
543 1833 583 1871 3.
600 1832 718 1886 [ιαμ
745 1832 830 1886 18.]
859 1829 961 1884 μηνί
973 1832 1196 1886 Νοεμβρίῳ
1216 1828 1266 1884 η’.
1298 1830 1423 1884 Atqui
1444 1826 1606 1868 rubrica
1620 1841 1722 1866 mar-

273 1886 415 1940 ginalis
445 1889 488 1925 in
516 1889 576 1927 M.
607 1888 676 1926 dat
705 1888 809 1927 hanc
837 1895 998 1928 notam:
1027 1886 1130 1940 μηνί
1156 1882 1377 1940 Νοεμβρίῳ
1407 1880 1443 1926 α’
1471 1882 1549 1922 τοῦ
1574 1881 1722 1936 Ἀρχι-

274 1938 522 1994 στρατήγου.
576 1943 655 1982 Sed
683 1943 830 1982 rectius
855 1943 965 1995 quod
992 1945 1034 1981 in
1062 1949 1174 1980 textu
1202 1949 1276 1980 est.

384 1998 433 2036 B.
453 2011 496 2050 9.
517 1996 636 2050 [121‚
660 1997 753 2051 22.]
803 1998 880 2037 τοῦ
926 1995 1044 2049 ἁγίου
1091 1996 1348 2049 Δημητρίου.
1403 1993 1446 2032 S.
1491 1993 1721 2032 Demetrius

275 2053 385 2105 apud
418 2053 592 2091 Graecos
621 2067 765 2106 magno
795 2055 838 2091 in
866 2052 1020 2092 honore
1048 2059 1105 2091 est
1121 2080 1132 2101 ‚
1181 2059 1220 2090 et
1249 2051 1352 2089 inter
1387 2055 1584 2102 martyres
1613 2046 1721 2086 mili-

274 2114 381 2147 tares
397 2138 407 2158 ‚
436 2122 507 2146 seu
534 2107 707 2146 militum
733 2115 925 2162 patronos
953 2115 992 2146 et
1018 2107 1216 2147 bellorum
1235 2104 1434 2159 praesides
1461 2105 1561 2142 etin
1578 2102 1721 2156 pugnis

275 2163 477 2202 adiutores
505 2170 729 2217 reputatur.
788 2164 841 2203 V.
874 2162 1044 2201 Cedren.
1074 2177 1166 2215 pag.
1193 2160 1288 2216 748.
1311 2160 1359 2199 C.
1418 2158 1531 2197 Idem
1559 2171 1719 2211 quoque

274 2231 316 2268 p.
343 2217 436 2270 744.
479 2219 535 2256 ait
574 2232 712 2271 aegros
749 2218 881 2256 sanari
922 2218 1086 2270 cupidos
1126 2216 1177 2255 ad
1221 2217 1305 2255 eius
1349 2213 1574 2267 sepulcrum
1613 2211 1720 2265 apud

274 2272 600 2312 Thessalonicam
639 2272 886 2312 confluxisse.
946 2274 1000 2312 V.
1044 2273 1234 2311 Heinecc.
1277 2271 1354 2309 III.
1387 2283 1480 2321 227.
1527 2276 1567 2307 et
1593 2268 1718 2306 Goar.

277 2327 328 2365 ad
357 2328 501 2366 Codin.
533 2343 574 2381 p.
608 2327 676 2368 86.
708 2343 749 2366 n.
782 2342 849 2381 29.
906 2327 942 2366 E
982 2328 1120 2367 Nostri
1148 2341 1192 2380 p.
1228 2340 1317 2365 100.
1349 2326 1402 2363 D.
1434 2330 1570 2377 patet,
1609 2320 1720 2360 haud

276 2382 417 2434 procul
464 2383 556 2422 fano
596 2385 791 2436 Deiparae
829 2383 954 2422 Phari
993 2383 1137 2431 fuisse,
1187 2389 1227 2419 et
1254 2382 1323 2419 Du
1351 2380 1484 2432 Gange
1524 2377 1576 2417 ad
1602 2376 1719 2414 Alex.

276 2435 438 2529 p.11259.
470 2439 512 2476 in
551 2446 727 2478 extremo
768 2437 917 2493 angulo
953 2436 1212 2493 Propontidis
1228 2465 1240 2488 ,
1280 2450 1301 2475 e
1336 2435 1496 2488 regione
1532 2431 1689 2472 Scutari
1706 2461 1719 2480 ‚
1758 2487 1766 2491 ἱ

276 2504 324 2529 co
356 2498 461 2529 ocat.

391 2545 439 2584 B.
457 2546 531 2585 ult.
555 2547 668 2602 [122,
696 2549 751 2600 1.]
782 2547 854 2588 ἐπὶ
878 2544 965 2600 τήν.
1019 2546 1070 2586 F.
1103 2545 1174 2586 ἐπὶ
1204 2543 1278 2599 τῇ,
1307 2551 1353 2584 ut
1379 2556 1526 2597 supra,
1565 2540 1634 2582 sed
1661 2539 1725 2580 al-

277 2607 424 2640 terum.
440 2615 601 2654 quoque
629 2616 710 2642 non
740 2603 905 2642 malum.

386 2654 433 2694 C.
471 2671 511 2710 7.
548 2656 745 2711 [122,6.]
775 2659 945 2704 λοιποῖς.
1001 2657 1060 2695 Μ.
1093 2654 1253 2707 λοιπῆς.

341 2709 529 2765 73.Α.4.
554 2710 667 2766 [125‚
693 2712 752 2766 2.]
783 2707 805 2751 ὅ
828 2711 1061 2765 λογοθέτης.
1117 2711 1177 2750 Μ.
1205 2704 1284 2761 ἅτε
1315 2705 1548 2762 λογοθέτης.
