1832 3126
110 191 187 232 An
226 188 524 232 consum.
560 187 758 229 Pomm.
799 187 873 227 DE
912 185 1094 228 cmm.
1131 184 1231 227 Lm.
1271 187 1305 226 1.
1365 165 1473 240 ¹39

35 306 182 333 aarum
205 293 249 332 ln
271 305 343 331 ara
372 289 559 330 ecclesiae
574 318 587 339 ‚
616 288 667 328 ad
685 301 808 341 quam
824 286 1055 341 procederet
1069 316 1082 336 ‚
1109 285 1335 340 deponebat
1349 315 1361 337 ,
1386 299 1474 326 ver-

36 348 93 389 bo
117 348 412 401 processionem
439 344 609 384 faciebat
623 374 636 394 ‚
665 351 712 382 ut
737 345 794 382 ita
823 343 955 381 dicam
969 372 982 392 ,
1013 344 1222 395 incognito.
1280 340 1474 395 Appella-

37 404 159 443 tionis
184 403 297 456 origo
321 401 483 441 videtur
514 400 614 440 haec
636 413 735 438 esse.
790 398 979 450 Pagmms
1006 399 1169 451 proprie
1185 404 1270 437 erat
1290 397 1474 436 nondum

39 459 206 497 nomine
243 458 478 511 insignitus,
523 454 705 494 nondum
738 453 983 505 baptizatus,
1027 453 1210 492 nondum
1242 453 1284 491 in
1315 460 1476 492 coetum

38 513 220 552 fidelium
244 513 564 552 Christianorum
582 507 812 548 solennibus
839 508 983 546 ritibus
1010 515 1208 560 receptus.
1266 508 1363 547 Inde
1380 522 1476 547 non-

38 567 139 607 dum
164 575 323 606 matura
352 573 393 606 et
421 565 596 619 perfecta
613 595 624 609 ,
655 564 725 603 sed
750 562 891 601 affecta
919 563 1198 601 tantummodo
1218 577 1383 618 pagana
1410 563 1474 602 di-

38 623 196 662 cebant.
227 622 447 677 lmpagam‘
453 621 619 676 patricii
629 626 774 671 suntp.
790 616 982 672 423.B.9.
1008 614 1046 656 οἱ
1072 614 1206 670 χωρίς
1233 616 1474 671 ἅφφικίων,

39 686 88 717 ut
117 678 199 732 ipse
227 684 367 716 auctor
390 690 463 730 per
488 669 731 726 ἐπεξὴγησιν
758 671 935 711 declarat
949 703 960 720 ‚
1006 674 1108 712 men‘
1128 674 1295 727 patricii
1315 680 1354 711 et
1382 675 1475 712 eitu-

37 733 164 780 laoes,
200 731 344 786 quibus
380 731 431 771 ad
468 729 721 783 splendorem
755 729 986 781 patriciatus
1020 727 1200 767 nondum
1229 737 1477 768 accesserant

26 788 182 835 officia.
237 786 347 826 Alibi
366 799 531 841 pagana
560 785 759 823 dominica
778 814 790 830 ‚
830 785 896 823 cui
924 783 976 823 ad
1010 782 1205 822 honorem
1239 790 1279 822 et
1306 783 1476 822 celebri-

37 850 163 883 tatem
185 842 296 881 deest
315 843 512 895 processio
538 839 696 893 publica
718 869 729 884 ,
758 853 841 878 non
868 837 1068 892 officiata,
1113 853 1183 877 seu
1212 839 1253 877 in
1281 853 1362 891 qua
1384 838 1475 877 offi-

38 899 172 948 cium,
200 897 437 950 obsequium
459 910 543 935 non
562 895 841 948 peragebatur.
885 895 940 933 V.
970 895 1037 932 Du
1063 893 1198 945 Gange
1218 908 1259 932 v.
1292 891 1480 946 officiat-i

38 960 80 993 et
103 950 341 1004 Inofficiari.
396 952 638 1005 Anonymus
662 951 770 1004 apud
800 951 867 989 Du
897 949 1032 1002 Cange
1058 963 1101 988 v.
1127 950 1315 1001 paganus
1330 978 1342 1000 ‚
1386 950 1444 988 ait
1461 979 1475 998 ‚

31 1022 237 1064 paganum
267 1023 355 1047 eum
382 1022 462 1046 esse
475 1035 488 1055 ,
532 1009 603 1062 qui
637 1008 720 1045 sine
756 1006 891 1060 aliquo
925 1006 1009 1043 iure
1030 1013 1087 1043 ese
1103 1027 1123 1034 -
1140 1005 1313 1043 alienum
1342 1018 1370 1043 a
1393 1006 1478 1043 iza-e

36 1072 79 1102 et
104 1064 228 1102 sacris
265 1063 606 1102 constitutionibus.
663 1063 738 1101 Est
772 1075 867 1113 ergo
896 1059 1097 1098 dominica
1130 1074 1284 1113 pagana
1316 1073 1386 1106 ea,
1434 1061 1478 1098 in

36 1132 161 1172 quam
192 1131 328 1157 sacrae
358 1117 660 1157 constitutiones
701 1117 845 1170 Typici
880 1129 951 1155 seu
980 1114 1150 1154 Ritualis
1186 1129 1268 1154 non
1309 1116 1476 1155 cadunt.

40 1173 176 1215 Infans
202 1187 381 1226 paganus
398 1203 411 1225 ‚
439 1173 510 1226 qui
539 1173 720 1211 nondum
752 1173 914 1211 nomine
942 1169 1138 1219 donatus,
1168 1170 1352 1209 nondum
1378 1170 1477 1224 legi-

39 1228 118 1268 bus
151 1227 387 1268 Christianis
416 1228 627 1267 adstrictus
651 1235 726 1266 est.
786 1227 936 1266 Omnia
964 1227 1039 1264 ista
1067 1232 1162 1264 sunt
1192 1240 1274 1264 non
1298 1239 1322 1264 a
1342 1240 1474 1280 pago,

42 1283 115 1322 sed
139 1297 164 1322 a
187 1297 308 1336 vago.
362 1285 523 1337 Vagum
548 1297 667 1322 omne
691 1282 791 1321 nulli
823 1281 985 1335 regulae
1000 1311 1012 1329 ‚
1041 1282 1138 1319 ritui
1153 1311 1166 1330 ‚
1193 1281 1374 1332 nomini,
1402 1281 1476 1320 ad-

42 1338 223 1378 strictum
239 1368 252 1387 ,
281 1337 351 1378 sed
380 1339 454 1378 sibi
485 1341 720 1391 permissum
747 1334 952 1389 βαγανὸν,
975 1350 1177 1391 paganum
1195 1366 1206 1383 ‚
1237 1344 1311 1375 est.

150 1394 206 1432 D.
225 1392 267 1444 4.
289 1393 379 1448 [33,
407 1393 491 1447 ¹8.]
523 1389 706 1443 ἐπώμιον
732 1390 940 1445 φόρῐωμα
966 1389 1013 1430 τὸ
1041 1404 1296 1441 κεντιναριον
1323 1389 1479 1444 φέρων.

42 1447 156 1487 Sitne
182 1448 250 1486 hic
266 1446 343 1487 loci
365 1449 614 1487 centenarius
639 1462 771 1498 unus,
797 1448 917 1486 unica
940 1461 1069 1485 massa
1090 1453 1300 1496 constans,
1329 1460 1380 1484 an
1399 1461 1479 1485 sac·

44 1517 115 1541 cus
138 1509 199 1542 tot
225 1504 358 1542 numis
382 1502 523 1556 plenus
537 1533 549 1552 ‚
578 1510 678 1556 quot
705 1503 965 1556 requiruntur
987 1502 1041 1540 ad
1063 1501 1355 1540 conficiendum
1382 1515 1479 1539 cen-

44 1558 271 1608 tenax-ium,
318 1558 592 1612 imaginariam
631 1560 733 1596 aeris
764 1571 959 1596 summam
978 1586 991 1605 ‚
1034 1570 1117 1595 non
1155 1555 1297 1608 liquet.
1354 1555 1480 1594 Cusos

44 1613 167 1652 fuisse
187 1627 332 1651 numos
355 1614 583 1652 centenario
607 1613 784 1665 pondere
806 1611 1101 1664 aequivalentes
1115 1640 1129 1660 ‚
1159 1610 1285 1664 liquet
1306 1624 1329 1650 e
1347 1610 1481 1649 Nostri

45 1682 88 1722 p.
108 1681 204 1721 27²·
232 1668 280 1706 B.
298 1668 339 1706 5.
395 1669 555 1706 Dicitur
582 1668 688 1706 enim
710 1668 764 1706 ihi
793 1668 1015 1719 Imperator
1034 1666 1075 1704 in
1098 1672 1224 1704 castra
1246 1678 1411 1719 pergens
1426 1665 1480 1705 ad

45 1722 322 1762 sufficiendum
357 1724 585 1762 necessariis
622 1722 819 1761 sumtibus
848 1736 983 1760 seeum
1011 1735 1166 1759 sumere
1191 1722 1415 1759 centenaria
1440 1727 1481 1759 et

43 1777 257 1818 miliaresia
272 1807 284 1827 ,
316 1778 358 1817 id
386 1785 446 1817 est
472 1781 648 1831 ingentes
671 1792 817 1816 massas
839 1785 879 1816 et
902 1779 1098 1815 minutam
1114 1777 1347 1828 pecuniam,
1374 1775 1479 1815 hanc

46 1833 100 1872 ad
123 1833 296 1871 minutas
322 1847 536 1886 expensas,
579 1833 667 1871 illas
696 1833 975 1872 commodioris
999 1832 1303 1870 transvectionis
1334 1832 1478 1884 gratia.

48 1888 186 1936 Quum
217 1887 387 1941 legerem
419 1887 635 1941 aliquando
649 1889 689 1926 in
715 1889 922 1927 Itinerario
954 1887 1122 1925 Keisleri
1154 1887 1206 1924 T.
1238 1887 1271 1924 Ι.
1299 1901 1339 1939 p.
1362 1885 1479 1940 367„

46 1942 276 1982 Florentiae
300 1943 342 1982 in
368 1943 567 1982 Vestiario
589 1946 722 1995 magni
751 1944 862 1982 ducis
883 1943 1074 1981 asservari
1104 1941 1293 1994 grandem
1317 1955 1482 1980 auream

47 2011 219 2036 massam
250 2011 275 2036 a
305 1999 454 2038 Ioanne
476 1999 574 2038 VII.
603 1997 843 2052 Palaeologo
871 1999 973 2052 Imp.
1002 1999 1179 2044 Graeco,
1208 1997 1277 2050 qui
1302 1995 1480 2035 Concilio

48 2052 284 2092 Florentino
322 2054 525 2104 interfuit,
565 2068 725 2104 cusam,
761 2061 800 2093 et
834 2054 929 2093 illuc
958 2052 1119 2092 allatam
1132 2082 1144 2102 ‚
1184 2051 1480 2105 medaglionum

48 2115 247 2160 quotquot
271 2115 423 2147 exstent
448 2109 663 2148 maximum
679 2139 691 2159 ‚
720 2109 831 2163 coepi
855 2110 1073 2154 coniicere,
1103 2108 1206 2146 forte
1234 2107 1277 2145 id
1302 2113 1482 2146 centena-

47 2163 158 2202 rium
182 2177 279 2202 esse.
319 2163 504 2203 Constitit
531 2164 631 2203 mihi
650 2172 785 2204 tamen
804 2179 849 2203 ex
872 2179 943 2214 eo,
970 2163 1079 2217 quod
1106 2163 1218 2202 addit
1232 2161 1299 2200 ille
1322 2168 1480 2212 auctor,

10 2261 15 2266 ,
48 2217 221 2270 pendere
256 2232 426 2258 numum
453 2219 570 2258 illum
605 2234 618 2258 1
634 2234 695 2274 ¹7.
733 2220 959 2259 Ludovicos
994 2233 1133 2258 aureos
1148 2248 1161 2269 ,
1198 2231 1366 2271 pravam
1392 2231 1483 2256 eam

48 2271 172 2313 fuisse
205 2273 488 2313 coniecturam.
546 2274 804 2315 centenarius
834 2277 941 2315 enim
980 2274 1141 2314 tenebat
1176 2280 1337 2312 centum
1369 2272 1481 2312 litras

48 2329 153 2366 auri.
212 2329 323 2367 Litra
342 2330 503 2368 tenebat
521 2344 589 2384 72.
607 2332 862 2370 numismata.
917 2331 1121 2369 Numisma
1137 2327 1386 2382 aequivalere
1401 2341 1481 2366 cre·

50 2381 160 2421 ditur
185 2382 275 2436 plus
299 2386 432 2424 minus
466 2385 611 2424 ducato
640 2399 761 2425 aureo
794 2386 1032 2425 Hollandico
1058 2391 1129 2423 aut
1153 2385 1318 2437 sequino
1346 2383 1480 2423 Vene-

50 2442 111 2476 to.
165 2437 208 2477 Si
240 2453 334 2492 ergo
366 2453 433 2494 7²·
468 2441 615 2479 centies
650 2441 887 2494 multiplices
901 2471 914 2492 ,
953 2440 1117 2479 habebis
1156 2453 1279 2493 7200.
1317 2438 1481 2477 ducatos

52 2505 193 2531 aureos
207 2522 220 2542 ,
245 2507 315 2532 seu
338 2494 515 2534 valorem
542 2497 756 2535 centenarii
782 2498 902 2535 unius
916 2525 928 2546 ‚
958 2502 1115 2548 praeter
1142 2501 1320 2547 propter.
1375 2492 1483 2532 Sole-

49 2545 150 2586 hant
170 2562 269 2587 aevo
290 2549 422 2588 medio
450 2551 644 2603 principes
659 2552 752 2599 viri,
783 2552 815 2591 si
842 2565 922 2604 quo
944 2550 1303 2604 proficiscerentur,
1332 2550 1420 2588 auri
1438 2556 1480 2587 et

52 2604 204 2663 urgenti
228 2617 376 2644 massas
418 2606 596 2658 ingentes
620 2621 755 2646 secum
786 2607 932 2645 ducere
947 2635 959 2654 ‚
1003 2619 1084 2657 quo
1111 2605 1303 2658 promtius
1330 2604 1482 2657 imponi

53 2658 238 2696 :umentis
260 2666 300 2698 et
325 2661 451 2699 tutius
478 2662 681 2701 transvehi
698 2668 873 2715 possent.
930 2660 1079 2712 Quales
1105 2674 1251 2700 massas
1277 2668 1383 2699 rotas
1407 2673 1480 2712 ap—

52 2719 277 2773 pellabant,
322 2724 473 2765 Arabes
505 2717 681 2776 &pb-b
712 2727 826 2781 quasi
866 2726 973 2765 dicas
1009 2725 1160 2780 lapides
1200 2726 1366 2765 molam
1380 2756 1391 2770 ‚
1438 2724 1483 2764 id

54 2781 114 2816 est
147 2789 292 2818 massas
321 2778 517 2835 lapidibus
549 2782 765 2824 molaribus
802 2780 960 2823 similes.
1019 2781 1078 2822 Ita
1111 2788 1248 2822 narrat
1280 2779 1480 2823 Abulseda
