1890 3112
336 139 409 214 78
625 157 697 199 ιο.
739 156 844 198 1Ac.
883 158 1078 198 masan
1119 158 1500 202 COMMENTARu

447 260 543 299 Cum
569 260 764 314 palatinis
790 267 896 298 stans
919 260 1094 299 candida
1122 260 1236 299 turba
1266 261 1449 302 tribunis.

318 315 508 354 camisia
539 316 644 354 enim'
662 343 673 363 ‚
710 329 779 353 seu
811 314 1002 355 interulas
1043 315 1154 356 albas
1183 316 1375 370 gerebant
1411 331 1532 372 super
1556 318 1667 356 omni
1690 317 1784 358 reli-

334 386 416 424 quo
443 371 589 409 vestitu
606 399 618 421 ‚
649 370 990 423 quemadmodum
1015 371 1131 411 verbi
1157 372 1284 411 divini
1317 373 1492 413 ministri
1520 374 1667 428 passim
1682 373 1786 412 loco-

335 441 427 464 rum
457 426 565 478 apud
602 439 676 464 nos
707 426 750 464 in
778 427 1011 466 recitatione
1045 441 1249 466 sacrarum
1276 430 1506 468 orationum
1541 435 1580 468 et
1610 428 1786 468 admini-

335 481 528 520 stratione
563 482 667 520 sacri
703 479 822 520 officii
852 482 985 521 adhuc
1013 490 1157 536 gerunt
1172 513 1183 533 ‚
1214 483 1307 522 item
1338 484 1581 537 quibusdam
1612 485 1655 522 in
1687 483 1786 523 locis

335 536 533 575 foeminae
566 535 760 590 lugentes.
819 537 988 576 Strictae
1019 546 1133 577 erant
1167 538 1244 577 hae
1270 538 1410 579 lineae
1456 544 1575 591 (nam
1618 539 1786 578 sindone

335 591 514 642 fiebant)
558 599 688 631 vestes
707 622 718 642 ‚
763 599 802 631 et
836 593 886 632 de
914 594 1008 646 ipsis
1041 595 1286 647 interpretor
1310 586 1426 634 illum
1457 593 1669 636 wilhelmi
1697 594 1786 634 Bri-

335 649 444 686 tonis
474 647 609 686 locum
639 647 747 700 apud
779 649 847 687 Du
881 648 1017 702 Gange
1049 664 1093 689 v.
1124 650 1266 689 Linea.
1325 650 1453 693 Linea
1489 651 1693 690 dicebatur
1718 665 1787 690 ca-

337 705 454 742 misia
473 732 485 754 ‚
514 718 614 759 quae
641 712 760 742 totam
786 718 924 758 corpas
950 707 1097 759 operit,
1128 715 1167 745 et
1191 707 1249 744 ita
1275 707 1416 745 strictis
1443 707 1609 746 manicis
1641 703 1790 745 adhae-

335 759 449 798 rebat
472 761 652 814 corpori,
692 768 735 798 αἱ
770 761 883 798 nulla
924 769 1019 798 esset
1047 776 1169 813 ruga,
1214 770 1253 799 et
1284 762 1541 801 descendebat
1580 776 1698 817 usque
1733 761 1793 802 ad

333 815 480 870 pedes;
510 814 612 853 unde
633 814 796 869 poderis
831 815 1006 864 Graece,
1052 817 1124 855 hoc
1158 826 1214 855 est
1243 817 1398 855 talaris.
1458 817 1633 856 Videtur
1665 816 1788 856 Vale-

339 870 422 909 sius
454 870 506 908 ad
529 870 732 909 Ammian.
766 870 946 910 Marcell.
995 885 1037 924 p.
1056 870 1124 910 88.
1145 886 1169 911 a
1193 886 1239 911 ex
1273 872 1522 926 Hieronymo
1555 871 1697 912 elicere
1710 871 1790 911 vel-

341 925 381 964 le
396 955 407 976 ‚
438 926 512 964 hos
543 926 788 965 Candidatos
813 926 863 965 de
892 926 1066 965 candore
1092 929 1194 966 cutis
1220 941 1370 967 nomen
1389 928 1597 981 accepisse.
1656 928 1700 966 Si
1715 927 1790 967 soli

341 981 510 1020 fuissent
540 981 732 1020 Germani
761 981 866 1020 hanc
897 983 940 1020 in
970 982 1155 1022 militiam
1183 985 1380 1034 assumti,
1409 990 1544 1037 posset
1575 997 1622 1022 ea
1653 984 1790 1036 opinio

340 1037 640 1090 quodammodo
667 1037 847 1076 tolerari.
903 1038 1059 1077 Verum
1078 1038 1245 1078 candidi
1266 1041 1402 1093 potius
1428 1039 1515 1089 illi,
1547 1053 1671 1092 quam
1702 1053 1791 1078 can·

340 1093 477 1131 didati
503 1092 685 1132 fuissent.
743 1092 822 1131 Sed
853 1100 898 1131 ut
929 1093 1071 1147 pullati
1101 1102 1195 1134 sunt
1211 1124 1223 1145 ,
1252 1095 1322 1149 qui
1354 1094 1510 1148 pullam
1533 1101 1704 1148 gerunt,
1733 1095 1792 1133 ita

343 1147 578 1198 candidati,
609 1149 678 1202 qui
709 1148 938 1188 candidam.
997 1149 1112 1188 Conf.
1154 1150 1262 1191 idem
1280 1150 1332 1189 ad
1348 1165 1392 1204 p.
1415 1149 1511 1204 275.
1530 1157 1570 1189 et
1589 1149 1702 1200 523„
1719 1149 1792 1188 ubi

344 1205 528 1256 exponit,
558 1204 655 1257 quid
686 1205 736 1243 sit
750 1204 961 1243 candidam
999 1205 1119 1256 dare,
1149 1207 1246 1245 item
1271 1205 1544 1259 Lindenbrog.
1573 1205 1626 1245 ad
1650 1205 1790 1244 Amm-

342 1274 386 1312 p.
406 1257 501 1310 424.
531 1266 570 1298 et
596 1259 692 1312 457.
750 1260 893 1299 Petav.
925 1260 977 1299 ad
1004 1260 1202 1301 Themist.
1235 1276 1278 1315 p.
1299 1262 1393 1316 577.
1452 1261 1522 1300 Du
1538 1261 1674 1315 Gange
1688 1268 1794 1300 utro-

346 1328 425 1368 que
455 1314 673 1354 Glossario.
734 1314 856 1354 Color
888 1330 1030 1369 nempe
1057 1315 1210 1356 aulicus
1239 1323 1325 1356 erat
1356 1316 1472 1356 albus
1489 1347 1501 1368 ‚
1531 1324 1571 1356 et
1602 1318 1646 1356 in
1669 1318 1793 1356 cami-

346 1371 413 1409 siis
445 1369 544 1409 albis
571 1370 772 1410 debebant
794 1385 979 1424 proceres
1007 1373 1261 1425 quotidianas
1290 1375 1334 1411 in
1363 1372 1497 1412 aulam
1521 1372 1794 1426 processiones

347 1424 476 1464 obire.
535 1426 641 1466 Hinc
671 1428 714 1465 in
741 1426 880 1466 charta
906 1435 1041 1467 vetere
1069 1429 1176 1481 apud
1202 1429 1270 1467 Du
1295 1428 1430 1482 Cange
1454 1442 1497 1468 v.
1532 1428 1702 1478 Guntia,
1732 1441 1794 1467 co-

348 1480 412 1520 lor
444 1480 558 1521 albus
585 1489 625 1521 et
648 1482 772 1521 ruber
795 1490 889 1521 sunt
915 1482 1066 1522 colores
1091 1485 1206 1537 regii.
1266 1483 1363 1523 Ciam
1395 1483 1675 1523 innumerabili
1699 1483 1795 1522 mab

346 1536 511 1576 titudine
539 1539 708 1593 equitum
736 1537 786 1578 de
813 1539 982 1588 civibus,
1024 1541 1171 1579 vestitis
1207 1541 1250 1579 in
1282 1540 1474 1579 coloribus
1502 1540 1640 1592 regiis,
1680 1538 1796 1578 vide-

314 1600 318 1605 ’
347 1592 440 1631 licet
475 1593 517 1632 in
549 1594 740 1632 coloribus
786 1593 854 1648 [id
890 1601 949 1634 est
993 1595 1172 1635 vestibus
1201 1593 1415 1649 coloratis]
1462 1595 1548 1634 albi
1579 1594 1722 1634 coloris
1760 1602 1800 1634 et

348 1648 473 1688 rubri.
532 1649 664 1688 Benzo
706 1651 750 1689 in
786 1649 1034 1704 Panegyrico
1072 1651 1238 1690 Henrici
1266 1652 1372 1690 111.:
1403 1649 1567 1691 Allatae
1593 1658 1682 1689 sunt
1706 1649 1796 1701 By-

350 1706 481 1743 zantio
507 1706 656 1757 regales
683 1705 845 1754 literae,·
878 1708 1089 1761 portitores
1111 1707 1250 1746 barum
1261 1708 1435 1759 ficerunt
1461 1715 1537 1745 tres
1567 1706 1678 1744 missi
1694 1719 1797 1759 pur-

345 1773 453 1813 pura
485 1761 632 1810 induti,
674 1775 761 1800 cam
787 1762 957 1801 candore
996 1763 1112 1814 byssi.
1159 1762 1393 1814 Cldamydes
1430 1763 1576 1800 nimiae
1607 1760 1797 1799 viridita-

351 1815 400 1853 tis
430 1816 650 1855 relucebant
663 1818 791 1856 aureis
818 1819 938 1870 signis
963 1824 1039 1856 etc.
1100 1818 1206 1857 Hinc
1231 1815 1445 1857 candidam
1462 1830 1538 1870 pro
1563 1815 1707 1855 militia
1727 1829 1798 1855 seu

353 1871 481 1923 gradu
525 1871 702 1925 palatino
743 1873 877 1926 posuit
910 1873 1181 1926 Hieronymus
1221 1874 1298 1927 Ep.
1331 1886 1374 1927 9.
1424 1873 1582 1927 pallam
1625 1873 1798 1910 tunicam

354 1928 561 1981 nigrosque
602 1929 750 1967 calceos
789 1928 985 1968 candidae
1027 1931 1145 1967 vestis
1179 1937 1218 1967 et
1254 1929 1388 1967 aurati
1426 1929 1529 1966 socci
1558 1927 1798 1981 depositione

352 1984 537 2021 sumsisti.
594 1983 784 2023 Eiusdem
813 1983 938 2023 verba
967 1984 1016 2023 de
1050 1984 1271 2037 Nepotiano
1308 1985 1351 2022 in
1381 1983 1532 2037 palatii
1559 1983 1704 2022 militia
1729 1981 1799 2020 sub

354 2038 565 2089 chlamyde
593 2047 631 2078 et
655 2040 838 2079 candenti
867 2040 969 2079 lineo
996 2054 1136 2094 corpas
1161 2041 1242 2078 eius
1269 2039 1398 2078 cilicio
1425 2040 1557 2078 tritum
1569 2038 1682 2091 filit,
1713 2050 1799 2090 pos-

358 2100 452 2132 sunt
478 2108 604 2147 aeque
631 2094 682 2133 de
706 2095 848 2134 militia
876 2095 1068 2143 militari,
1101 2109 1171 2134 seu
1201 2094 1414 2134 candidato
1438 2095 1574 2134 stricte
1599 2094 1656 2133 sic
1672 2093 1798 2144 dicto,

359 2161 483 2200 quam
508 2149 558 2189 de
584 2150 727 2190 militia
756 2158 891 2205 togata
918 2151 1058 2206 accipi.
1115 2151 1216 2189 Nam
1243 2150 1502 2190 militantium
1528 2151 1710 2189 omnium
1736 2162 1800 2187 ve-

361 2205 431 2242 stis
462 2212 545 2244 erat
579 2205 684 2245 alba.
715 2206 815 2246 Vid.
850 2207 974 2246 Iuret.
991 2206 1043 2246 ad
1058 2206 1220 2245 Paulini
1239 2206 1463 2245 Petrocorii
1489 2207 1615 2246 vitam
1632 2204 1676 2243 S.
1696 2205 1801 2243 Mar-

361 2259 437 2297 tini
467 2259 502 2298 Ι.
531 2273 593 2300 vs.
628 2260 718 2302 108.
776 2262 972 2312 Quamvis
996 2263 1119 2316 igitur
1143 2269 1227 2302 tam
1252 2261 1400 2301 milites
1427 2262 1589 2315 proprie
1615 2260 1670 2300 sic
1685 2259 1799 2310 dicti,

361 2328 485 2366 quam
513 2316 563 2354 in
582 2316 673 2356 aula
705 2316 942 2369 militantes,
983 2331 1053 2357 seu
1081 2317 1289 2371 fungentes
1322 2316 1461 2357 officiis
1498 2325 1616 2370 togae
1629 2345 1641 2366 ‚
1688 2327 1803 2369 gere-

362 2376 453 2407 rent
483 2370 594 2410 albas
616 2380 746 2413 vestes
760 2402 772 2424 ‚
801 2380 936 2414 tamen
959 2372 1161 2413 candidati
1194 2375 1238 2412 in
1264 2374 1394 2426 specie
1415 2374 1470 2412 sic
1498 2373 1596 2412 dicti
1622 2370 1682 2409 illi
1714 2383 1802 2423 pro-

363 2429 532 2464 tectores
563 2429 664 2466 sacri
694 2430 869 2482 corporis
887 2459 899 2480 ‚
939 2430 1010 2482 qui
1040 2428 1142 2467 solas
1183 2443 1249 2468 eas
1263 2459 1275 2480 ‚
1322 2435 1361 2468 et
1397 2442 1551 2482 semper
1583 2425 1801 2480 gerebant,

365 2492 492 2531 quum
518 2481 663 2534 reliqui
699 2483 886 2524 officiales
913 2491 953 2524 et
981 2484 1196 2533 honorati,
1239 2484 1442 2523 interdum
1475 2483 1572 2522 alias
1606 2481 1803 2520 coloratas
1850 2495 1854 2497 ·

364 2547 439 2587 pro
468 2542 696 2588 temporum
724 2542 878 2579 ratione
908 2547 1124 2580 sumerent.
1179 2540 1352 2579 Videtur
1380 2553 1540 2593 quoque
1571 2538 1614 2576 in
1642 2535 1804 2575 consor-

364 2590 544 2629 matione
587 2594 779 2634 candidae
812 2596 934 2636 fuisse
974 2596 1183 2635 diversitas
1197 2625 1208 2643 ,
1249 2610 1328 2648 qua
1365 2595 1509 2634 milites
1546 2600 1586 2632 et
1619 2604 1804 2646 proceres

307 2669 311 2671 -
366 2644 487 2683 aulici
531 2645 884 2701 distinguerentur.
942 2651 1060 2690 Certe
1094 2652 1137 2689 in
1175 2651 1372 2704 Mai-tyrio
1403 2650 1446 2689 S.
1486 2648 1625 2688 Aeacii
1661 2661 1705 2685 n.
1739 2644 1803 2685 15.

366 2709 642 2741 memorantur
674 2702 860 2757 σχήματι
886 2704 1165 2761 στρατιωτικῷ
1191 2703 1595 2759 λαμπροφοροῦντδς-
1650 2703 1806 2742 Ductus

367 2755 435 2796 ille
451 2770 538 2796 mos
553 2758 741 2808 candidas
759 2763 923 2814 gerendi
937 2769 1007 2802 aut
1026 2777 1049 2802 a
1067 2763 1256 2802 Romanis
1270 2791 1284 2813 ,
1314 2768 1384 2800 aut
1400 2775 1425 2801 a
1442 2760 1630 2811 Graecis,
1659 2759 1744 2798 sive
1760 2755 1805 2796 hi
