1884 3132
334 128 444 188 368
618 150 689 192 10.
729 151 832 194 1Ac.
869 154 1060 195 inflexu
1091 155 1464 215 COMMENTARn

331 254 441 307 quod
469 270 630 296 currum
659 264 886 311 argenteum
915 259 1112 312 praefecto
1141 261 1307 316 tribuit,
1334 278 1460 316 quum
1487 261 1554 304 alii
1583 278 1763 319 aureum,

332 311 375 348 id
403 318 460 349 cst
487 313 616 352 aureis
642 312 811 352 bracteis
839 315 1114 355 incrustatum.
1177 317 1408 358 Harduinus
1436 318 1487 357 ad
1497 318 1764 364 'themistium

332 379 371 417 p.
403 364 498 416 488.
528 367 1007 420 dignitatibus‘civilibus
1036 378 1074 409 et
1103 371 1341 412 militaribus
1369 374 1582 413 carruchas
1607 375 1761 429 biiuges

332 428 533 474 argenteas
560 436 629 461 seu
655 424 849 476 argenteis
877 423 1032 464 laminis
1061 426 1242 466 inductas
1261 457 1271 474 ,
1312 429 1508 480 praesecto
1559 434 1760 482 praetorio

331 483 465 515 autem
493 485 671 516 auratam
699 478 855 518 tribuit.
913 481 1119 529 Quantum
1149 482 1199 520 ad
1227 485 1422 535 posterius
1452 484 1613 533 attinet,
1644 486 1766 526 habet

331 531 406 569 sihi
433 533 742 572 consentientem
769 533 1080 587 Theophanem,
1122 537 1163 574 in
1207 539 1345 576 ceteris
1394 538 1619 578 adversum.
1676 541 1763 581 Hoc

332 587 439 624 enim
467 595 627 627 auctore
653 602 734 628 non
766 589 838 628 soli
866 591 1050 643 praefecti
1088 593 1286 644 praetorio
1306 622 1316 640 ‚
1349 593 1416 632 sed
1440 596 1558 633 etiam
1594 595 1767 635 archon-

333 648 391 680 tes
435 645 583 696 quique
619 645 750 684 aureis
790 645 992 698 quadrigis
1021 646 1224 686 carruchis
1251 648 1483 688 utebantur.
1541 649 1671 689 Locus
1699 649 1766 691 hic

335 704 393 736 cst
419 713 458 750 p.
488 712 596 752 2⁰7·⁷
628 701 698 738 ubi
725 708 877 750 narrat,
907 716 987 753 quo
1023 703 1064 740 in
1094 710 1281 756 apparatu
1310 718 1376 742 rex
1406 704 1590 744 Arabum
1623 705 1767 746 Aretas

333 750 507 806 legatum
529 753 736 795 Iustiniani
765 758 984 808 exceperit:
1017 756 1156 796 ἵστατο
1185 756 1321 797 ἐπάνω
1348 756 1562 809 τεσσάρων
1589 756 1768 813 ἐλεφάνε-

333 821 416 846 των
445 808 517 862 [sic
542 809 806 863 loquebantur
833 819 930 851 tunc
953 841 963 862 ,
992 811 1169 851 volentes
1198 813 1439 866 significare,
1467 813 1584 853 illum
1612 815 1768 855 iunctos

335 863 385 901 ad
424 878 587 903 currum
625 873 797 919 quatuor
833 866 1061 920 elephantos
1092 867 1277 907 habuisse
1299 898 1310 919 ‚
1352 875 1392 907 et
1431 870 1562 907 Latini
1603 884 1763 923 quoque

333 917 553 958 balbutiem
581 921 747 960 eandem
785 922 1074 973 imitabantur3
1104 924 1157 962 sic
1195 923 1398 976 Turpinus
1426 938 1512 976 cap.
1532 937 1627 977 29.:
1657 926 1765 964 Bea-

333 981 412 1012 tum
439 975 699 1015 Roclzlandam
720 992 836 1031 super
853 977 950 1016 duas
981 978 1105 1016 mulas
1131 987 1258 1016 careto
1291 992 1408 1017 aureo
1435 979 1652 1017 subvectum
1666 977 1696 1033 ς]
1724 979 1766 1019 ε’-

331 1024 495 1080 χὸντων
534 1027 660 1082 ζυγὸν
686 1031 759 1070 καί
791 1031 997 1082 τέσσαρας
1013 1028 1233 1084 -τροχοῦς,
1262 1033 1334 1072 καί
1359 1030 1498 1072 ἐπάνω
1539 1030 1596 1079 ὥς
1623 1027 1765 1086 ὄχημα

331 1079 498 1136 ὑψηλὸν
523 1079 805 1138 ἠμφιεσμένον
843 1085 1041 1137 χρυσέοις
1068 1083 1260 1134 πετάλοις
1279 1117 1291 1140 ,
1315 1081 1455 1139 ὥσπερ
1487 1083 1577 1126 ἐστὶ
1599 1083 1650 1127 ni
1681 1089 1765 1127 τῶν

334 1135 547 1190 ἀρχόντων
574 1139 646 1179 καὶ
678 1140 758 1180 τῶν
787 1138 981 1194 ἐπάρχων
1018 1139 1042 1179 0²
1041 1136 1229 1193 χήματα.
1304 1142 1552 1181 procedebat
1580 1142 1698 1182 luxus
1726 1150 1768 1182 et

335 1194 458 1232 fastus
485 1209 554 1244 eo,
583 1203 630 1234 ut
656 1209 757 1236 auro
785 1210 958 1250 gemmas
987 1204 1027 1235 et
1056 1197 1222 1236 uniones
1251 1197 1459 1251 adderent,
1489 1204 1536 1236 ut
1564 1196 1769 1253 colligitur

335 1263 356 1288 e
382 1248 470 1289 loco
499 1251 712 1304 Fridegodi
741 1253 783 1291 in
811 1252 853 1290 S.
883 1251 1075 1291 Wsssrido
1103 1266 1138 1290 c.
1179 1266 1240 1290 11.
1264 1267 1274 1292 :

446 1305 651 1345 Gemmata
676 1308 830 1346 vehitur
857 1305 1102 1361 [episcopus]
1139 1309 1364 1346 archontum
1391 1321 1500 1346 more
1539 1307 1682 1346 curuli.

333 1360 541 1410 Quantum
581 1362 631 1400 ad
669 1362 839 1401 formam
879 1360 1025 1401 harum
1065 1376 1320 1401 carrucarum
1356 1363 1497 1400 attinet
1513 1391 1524 1412 ,
1564 1376 1609 1402 ex
1636 1363 1768 1415 inspe-

128 1412 190 1448 Ed·
203 1413 322 1454 L.116
333 1417 464 1455 ctione
502 1417 728 1456 tabularum
766 1431 978 1456 aenearum
1005 1417 1179 1456 Notitiae
1206 1419 1412 1470 utriusque
1438 1417 1594 1469 imperii
1620 1417 1764 1471 liquet,

335 1485 400 1510 eas
425 1486 449 1510 a
476 1473 718 1512 nostratibus
755 1471 940 1512 curribus
974 1472 1192 1525 pensilibus
1233 1480 1272 1511 et
1300 1474 1413 1512 tectis
1435 1471 1608 1511 multum
1635 1473 1770 1512 diver-

335 1541 398 1566 sas
426 1527 560 1566 fuisse.
590 1529 695 1566 Nam
727 1527 918 1582 patebant
947 1542 1119 1580 superne
1158 1534 1198 1566 et
1241 1527 1498 1566 immobiliter
1525 1527 1771 1566 incubabant

335 1589 510 1634 quatuor
536 1584 617 1623 suis
644 1583 752 1624 rotis.
807 1583 873 1622 Ad
894 1583 1064 1622 eundem
1091 1597 1215 1637 paene
1242 1583 1406 1621 modum
1433 1582 1527 1621 facti
1555 1589 1647 1621 sunt
1675 1596 1768 1621 cur-

334 1651 428 1689 rus,
461 1638 607 1691 quibus
635 1639 840 1678 vehuntur
868 1646 1068 1691 magnates
1096 1638 1334 1691 Scytharum
1366 1640 1407 1676 in
1435 1636 1676 1690 imaginibus
1700 1651 1768 1676 ar-

335 1707 404 1731 cus
433 1694 703 1733 Theodosiani
729 1694 836 1748 apud
865 1694 1142 1746 Bandurium3
1167 1693 1352 1746 qualibus
1379 1695 1418 1731 in
1446 1691 1580 1744 Belgio
1609 1691 1770 1730 molito-

333 1762 397 1786 res
425 1763 558 1788 saccos
586 1749 776 1789 frumenti
801 1757 839 1788 et
867 1749 1016 1788 farinae
1043 1748 1272 1788 convehunt
1299 1750 1340 1787 in
1369 1745 1614 1786 molendinas
1631 1753 1672 1786 et
1699 1746 1769 1784 de-

333 1802 488 1843 vehunt
525 1819 662 1844 rursus
677 1835 690 1855 ,
739 1819 911 1857 quarum
949 1817 1103 1843 crassae
1147 1810 1258 1842 rotae
1285 1802 1439 1840 canthis
1465 1801 1603 1840 ferreis
1631 1807 1765 1853 septae

333 1872 415 1896 non
441 1867 550 1898 sunt.
616 1861 804 1899 Ceterum
833 1867 917 1898 erat
957 1858 1166 1912 peculiaris
1194 1858 1336 1897 domus
1354 1886 1365 1905 ,
1395 1850 1674 1909 καᾷῥουχεῖον
1701 1855 1766 1895 di·-

334 1921 418 1962 cta,
450 1915 491 1952 in
517 1929 596 1969 qua
624 1915 754 1954 stabat
781 1915 967 1969 praefecti
1015 1914 1213 1966 praetorio
1249 1910 1469 1962 carrucha,
1505 1917 1550 1948 ut
1579 1925 1601 1948 e
1621 1909 1769 1975 Malala

335 1968 387 2006 T.
417 1969 468 2007 11.
497 1984 540 2022 p.
570 1969 636 2022 4ο.
681 1970 881 2009 discimus.
953 1970 1059 2008 Hinc
1095 1967 1248 2021 liquet,
1279 1966 1376 2019 quid
1405 1966 1455 2004 sit
1492 1965 1565 2016 τῆς
1589 1966 1770 2017 μεγαλης

335 2020 571 2075 δράξασθαι
599 2021 758 2076 ἀπήνης
774 2056 785 2074 ,
812 2024 1002 2077 grandem
1037 2024 1268 2061 can-ucham
1293 2023 1496 2075 arripere,
1519 2020 1560 2058 in
1589 2019 1658 2058 illo
1685 2021 1769 2072 epi-

335 2087 578 2131 grammate,
621 2080 730 2132 quod
767 2079 871 2118 llbro
914 2079 969 2117 ΙΙ.
999 2076 1267 2129 Anthologiae
1294 2090 1328 2115 c.
1356 2077 1424 2126 45.
1452 2082 1492 2113 et
1519 2074 1628 2128 apud
1657 2074 1765 2112 Con-

335 2140 455 2173 stant.
478 2135 782 2187 Porphyrogen.
825 2134 876 2172 de
918 2132 1158 2172 thematibus
1185 2145 1225 2183 p.
1254 2146 1294 2185 7.
1337 2130 1383 2169 C.
1413 2136 1561 2180 exstat,
1606 2142 1630 2167 a
1658 2128 1766 2167 Ban-

335 2188 451 2227 durio
479 2190 589 2228 miris
618 2190 745 2228 modis
772 2190 1006 2242 expositum.
1066 2186 1267 2239 Significat
1305 2193 1438 2224 autem
1467 2184 1611 2232 dictio,
1639 2196 1766 2237 quan-

333 2243 385 2282 do
413 2245 662 2298 Cappadoces
692 2247 830 2283 iterum
850 2253 888 2282 et
909 2244 1061 2281 terciam
1079 2241 1374 2295 apprehendant
1393 2253 1579 2293 magnum
1602 2251 1767 2300 carpent

332 2306 412 2337 tam
429 2329 440 2347 ,
484 2300 644 2352 quando
673 2301 789 2338 toties
814 2298 1012 2352 praesides
1039 2297 1336 2350 provinciarum
1366 2302 1434 2333 aut
1460 2291 1767 2353 praefecti-urbi

331 2353 397 2391 vel
422 2356 619 2406 praetorio
648 2355 756 2394 fiant.
813 2353 992 2392 Illustrat
1034 2366 1122 2390 eam
1152 2351 1260 2389 locus
1289 2350 1482 2388 Actorum
1511 2348 1553 2386 S.
1585 2345 1763 2384 Iulianae

333 2410 497 2461 virginis
523 2411 692 2463 Martyr.
733 2423 769 2447 c.
807 2408 992 2460 1.v(apud
1020 2408 1086 2445 Du
1107 2406 1240 2458 Cange
1267 2404 1332 2446 Gl.
1363 2406 1453 2442 Lat.
1481 2417 1522 2442 v.
1557 2401 1762 2463 Carra-cap

333 2462 447 2501 Haec
473 2465 633 2503 audiens
658 2465 767 2503 dedit
803 2477 963 2502 munera
998 2462 1177 2500 Eleasizcs
1221 2459 1462 2514 Imperatori
1510 2455 1766 2493 Maxmaano

333 2525 372 2554 et
405 2521 577 2558 successit
595 2522 792 2574 praesecto
832 2520 906 2556 alii
931 2516 1249 2563 administranti,
1286 2514 1471 2574 seditque·
1485 2512 1527 2548 in
1561 2523 1736 2572 carruca·
1749 2538 1763 2559 ,

327 2575 596 2623 praefecturae
621 2589 736 2626 agens
764 2571 933 2624 officinm
949 2603 958 2619 ‚
1000 2571 1042 2609 id
1073 2578 1131 2609 est
1160 2571 1243 2622 ipso
1273 2575 1365 2606 actu
1388 2578 1544 2617 caplens
1571 2577 1762 2616 possessl-

335 2639 451 2672 onem
479 2635 517 2666 et
545 2642 727 2667 exercens
756 2630 843 2666 iura
869 2627 1159 2680 praefecturae,
1192 2623 1262 2661 ubi
1280 2634 1443 2660 carruca
1470 2633 1551 2657 non
1580 2625 1638 2656 est
1666 2618 1764 2657 sella

335 2682 500 2727 canalis,
544 2683 651 2733 quod
691 2682 855 2735 putabat
895 2683 947 2721 V.
979 2682 1033 2719 D.
1102 2680 1239 2717 Potest
1282 2688 1441 2728 quoque
1469 2673 1519 2735 de
1553 2672 1762 2737 consulatu

336 2734 472 2788 accipi.
528 2735 744 2790 Procopius
773 2737 850 2775 fine
877 2735 925 2775 L.
957 2736 992 2774 I.
1023 2734 1072 2773 de
1099 2731 1204 2772 bello
1241 2731 1433 2769 Persico:
1467 2725 1600 2781 ανδρα
1627 2740 1765 2780 υπαριιΙ
