1884 3132
217 162 293 206 An
337 160 635 205 consum.
672 161 868 203 Pomm.
907 161 980 201 DE
1019 157 1200 202 cmm.
1240 158 1340 199 Lm.
1382 158 1417 198 1.
1458 135 1571 205 446

133 263 289 322 πόρνα,
336 262 497 322 φράτρε
538 273 687 310 narrat,
741 265 942 306 Videntur
968 279 1036 305 eae
1059 264 1251 319 reliquiae
1277 270 1455 303 veterum
1485 264 1567 303 sor-

133 323 337 363 mularum
364 321 597 362 militarium
625 335 732 370 esse,
777 336 875 375 quas
913 322 1062 360 tirones
1102 335 1194 359 cum
1221 333 1425 359 armorum
1454 333 1566 359 exer·

133 380 238 418 citiis
267 379 364 418 olim
390 392 415 417 a
442 375 802 430 campidoctoribus
828 375 1047 415 discebant.
1076 376 1287 414 Caeterum
1326 373 1455 413 simile
1473 374 1568 414 huic

131 433 399 487 fragmentum
427 432 626 470 Graecum
645 446 667 470 e
693 431 928 484 primigenio
955 432 1098 470 Latino
1126 431 1275 470 factum
1305 438 1363 471 est
1395 431 1435 470 in
1455 430 1567 470 Actis

130 488 299 528 Concilii
326 488 401 527 sub
427 488 547 526 Mena
562 516 574 536 ‚
594 486 635 525 id
654 493 713 525 est
739 486 957 539 imperante
975 486 1206 531 Iusfiniano,
1229 486 1370 533 habiti,
1399 486 1566 539 epistola

128 542 303 596 Agapeti
330 543 478 596 Papae.
537 542 638 592 Quis
666 543 750 580 eius
777 555 858 579 nou
886 541 1015 580 rideat
1046 541 1147 580 hanc
1176 542 1417 581 dictionem:
1449 532 1564 597 ᾧτινι

127 597 202 637 καί
230 595 345 651 παρὰ
368 593 468 644 τούς
494 592 664 644 λοιπούς
691 596 774 635 τῶν
810 593 1100 648 γαληνοτάτων
1134 596 1343 647 βασιλέων
1369 597 1565 648 ἐπεγέλα-

126 664 201 691 σεν
226 649 254 704 ἧ
280 649 453 704 ἐκλογή,
493 650 611 690 simul
649 658 863 703 reputans,
906 649 1151 702 ἐπεγέλασεν
1190 652 1336 690 referre
1374 653 1564 692 Latinum

125 707 277 756 arv-1:212,
301 707 343 746 id
370 714 430 746 est
453 707 621 760 placuit.
677 706 803 746 Plura
831 705 926 744 talia
952 705 1135 745 conficiat
1162 720 1184 745 e
1213 707 1401 746 conciliis
1430 722 1562 746 exem-

123 760 218 815 pla,
248 763 313 800 cui
341 763 469 801 maior
498 775 637 800 eorum
664 775 760 800 usus
788 763 863 807 sit,
892 775 1013 815 quam
1039 761 1137 800 mihi
1166 762 1328 815 quidem
1356 769 1430 802 est.

208 814 304 867 246.
327 815 381 855 A.
404 817 481 856 ult.
522 815 635 870 [424
657 815 714 870 2.]
744 811 800 863 ὥς
825 811 976 869 ἔζησας
995 845 1007 867 ,
1038 812 1147 856 οὕτω
1175 816 1438 868 βασίλευσον.
1485 817 1562 856 So-

122 869 253 910 lennis
280 870 451 911 formula
478 871 530 910 ad
564 885 690 910 novos
717 871 993 925 Imperatores.
1052 872 1112 910 Ita
1142 872 1249 924 apud
1279 873 1497 927 Vopiscum
1518 875 1560 911 in

121 925 259 964 Probo
287 940 332 979 p.
354 926 475 981 659.:
505 927 669 981 imperet
696 927 1017 981 quemadmodum
1048 928 1248 966 militavit.
1287 928 1435 967 Exaete
1462 942 1560 967 con-

125 981 225 1019 cinit
251 981 346 1019 huic
374 989 511 1021 nostro
535 980 623 1020 loco
641 981 810 1021 Cedren.
841 997 932 1035 pag.
955 982 1048 1036 357.
1070 982 1117 1022 C.
1139 997 1150 1020 :
1182 983 1258 1022 τοῦ
1281 981 1558 1022 Ἀναστασίου

118 1030 165 1074 τὸ
196 1034 268 1086 τῆς
293 1035 511 1087 βασιλείας
538 1036 681 1089 σχῆμα
707 1032 907 1088 λαβόντος
926 1036 971 1077 ἐν
998 1037 1058 1090 τῷ
1082 1037 1161 1076 τοῦ
1187 1033 1451 1089 ἱπποδρόμου
1480 1052 1554 1076 κα-

116 1089 312 1140 θίσματι,
349 1086 461 1140 ἅπας
488 1088 510 1130 ὅ
539 1090 671 1143 δῆμος
698 1087 755 1138 ὥς
782 1091 827 1139 ἐξ
853 1087 944 1139 ἑνὸς
968 1091 1171 1143 στόματος
1192 1089 1434 1144 εΰθυβόλως
1461 1090 1558 1143 ἐβό-

118 1157 243 1196 ησεν
283 1141 342 1193 ὥς
377 1142 544 1199 ἔζησας,
587 1141 695 1185 οὕτω
724 1146 797 1186 καί
818 1147 1093 1197 βασίλευσον,
1126 1147 1305 1187 δέσποτα
1336 1171 1356 1179 -
1382 1172 1404 1179 -
1431 1141 1554 1195 οὗτος

119 1194 219 1246 τούς
235 1197 477 1254 δελάτωρας
503 1200 550 1240 ἐκ
577 1200 660 1239 ταῖν
685 1199 840 1240 πόλεων
867 1202 1015 1248 τελέως
1041 1202 1247 1252 ἐξέκοψεν.

226 1254 273 1293 Β.
292 1255 334 1295 6.
358 1255 476 1310 [4²42
495 1255 560 1309 6.]
586 1255 639 1310 τῇ
667 1253 889 1308 διακρίσει.
942 1257 1201 1310 subintellige
1228 1253 1307 1297 σύν
1334 1258 1398 1297 vel
1427 1252 1516 1310 ἅμα
1537 1290 1548 1307 ,

118 1322 198 1346 una
215 1323 301 1347 cum
323 1311 482 1349 iudicio.
539 1311 602 1349 De
635 1310 770 1362 phrasi
809 1311 941 1363 κρίσει
970 1313 1043 1364 τῆς
1082 1309 1346 1364 ἐνδοξοτάτης
1373 1312 1552 1367 συγκλή-

117 1374 193 1400 του
224 1360 299 1401 καὶ
322 1363 553 1404 συναινέσει
582 1364 664 1403 ταῖν
691 1362 987 1418 ἀνδρειοτάτων
1014 1367 1279 1418 στρατιωτῶν
1305 1369 1388 1406 vid.
1421 1370 1550 1421 Span-

113 1415 229 1455 hem.
261 1418 313 1456 ad
345 1419 487 1462 Iulian.
517 1426 621 1458 orat.
650 1421 775 1471 p.32.
835 1421 1019 1460 Concinit
1057 1422 1253 1474 praesenti
1281 1425 1452 1463 orationi
1481 1426 1550 1465 illa

118 1470 312 1510 Gordiani
343 1474 451 1525 apud
480 1473 695 1526 Capitolia.
721 1475 850 1513 T.11.
878 1476 967 1514 Ser.
996 1476 1100 1514 Hist.
1123 1476 1231 1528 Aug.
1262 1492 1305 1529 p.
1335 1477 1405 1528 42.
1423 1494 1437 1518 :
1474 1481 1550 1519 In-

111 1527 239 1577 vitum
263 1541 325 1565 me
352 1529 406 1567 P.
448 1529 494 1567 C.
516 1530 673 1566 iuvenes
686 1559 696 1576 ‚
729 1529 864 1583 quibus·
894 1530 1039 1582 Africa
1069 1531 1211 1569 tuenda
1235 1535 1437 1572 commissa
1460 1545 1517 1574 est
1534 1567 1545 1584 ,

114 1580 174 1618 ad
189 1582 394 1635 imperiwn
419 1593 621 1622 vocarunt.
678 1584 761 1623 Sed
778 1586 916 1624 intuitu
946 1594 1116 1623 vestrum
1141 1589 1396 1626 necessitatem
1425 1590 1550 1630 liben-

114 1643 176 1672 ter
202 1638 381 1676 sustineo.
406 1661 428 1668 -
444 1662 465 1668 -
483 1638 589 1677 Nam
612 1653 681 1692 ego
702 1653 818 1695 usque
841 1640 899 1679 ad
926 1649 1078 1679 senatus
1105 1640 1290 1680 izalicimn
1320 1643 1485 1683 incertzw
1511 1655 1551 1686 ec

109 1691 246 1729 varim·
262 1691 471 1742 flac-maha.
806 1695 817 1704 ‘

221 1746 270 1785 Β.
299 1760 360 1785 11.
382 1747 500 1801 [424
529 1747 615 1802 11.]
644 1743 948 1803 προεχώρησεν.
988 1748 1187 1789 Notabilis
1206 1764 1301 1791 usus
1325 1753 1439 1792 verbi
1471 1769 1545 1808 pro

112 1799 404 1851 προεβιβασεν.
460 1803 534 1842 Est
561 1811 695 1843 tamen
736 1805 840 1843 bene
868 1806 1064 1843 Graecum
1092 1805 1168 1844 hoc
1196 1821 1312 1845 sensu
1335 1822 1347 1858 3
1375 1822 1544 1862 προχω-

112 1855 203 1903 ρεῖν
243 1869 325 1894 non
368 1857 497 1897 solum
539 1866 662 1898 semet
684 1889 696 1910 ‚
740 1860 808 1898 sed
849 1860 967 1898 etiam
996 1860 1118 1898 alium
1147 1875 1385 1914 promovere
1411 1872 1539 1904 notat.

111 1906 208 1946 Pari
235 1910 355 1949 modo
383 1910 583 1964 ἐκχωρεῖν
601 1929 682 1953 non
701 1921 858 1953 tantum
876 1921 998 1954 semet
1015 1917 1159 1967 ipsum,
1191 1917 1260 1955 sed
1279 1918 1399 1956 etiam
1417 1919 1542 1959 alium

111 1975 134 2000 e
162 1962 276 2014 loco,
305 1965 346 2004 in
374 1981 455 2019 quo
484 1976 566 2018 est,
596 1969 829 2020 extrahere,
858 1974 990 2008 ποιεῖν
1016 1969 1228 2021 ἐκχωρεῖν.
1283 1973 1349 2011 Sic
1374 1983 1542 2028 usurpat

107 2016 311 2058 Diodorus
339 2021 494 2061 Siculus
520 2025 572 2062 T.
597 2025 652 2062 ΙΙ.
675 2040 714 2078 p.
734 2025 799 2063 25.
822 2024 887 2063 56.
908 2039 920 2063 :
957 2023 1163 2075 ἐπεχείρει
1202 2022 1339 2077 λόγοις
1364 2024 1437 2067 τὸν
1462 2027 1539 2068 τυ’-

107 2085 259 2123 ραννον
286 2074 487 2127 ἐκχωρεῖν
514 2078 587 2130 τῆς
613 2075 901 2130 ἄκροπόλὲως;
945 2093 1017 2132 pro
1046 2093 1127 2131 quo
1155 2079 1255 2119 alius
1285 2081 1442 2122 dixisset
1469 2084 1537 2124 ἐκ-

108 2128 264 2175 καλεῖν,
285 2126 513 2181 ἐκβάλλειν,
532 2133 728 2185 ἐκκορεῖν,
757 2133 867 2172 velut
894 2136 1142 2182 εχειήιιίηνε,
1175 2142 1220 2173 ut
1246 2137 1426 2176 cimicem
1445 2153 1534 2191 ege-

106 2194 218 2228 rere,
250 2191 456 2234 excutere;
490 2201 532 2225 v.
561 2202 663 2240 quae
690 2189 740 2227 ad
768 2203 810 2241 p.
832 2188 924 2227 253.
951 2189 998 2227 Β.
1021 2190 1060 2227 5.
1083 2189 1226 2228 dicam.
1286 2192 1346 2230 Ita
1375 2193 1534 2232 Aristo-

108 2234 257 2287 phanes
284 2238 440 2278 Avibus
470 2255 530 2279 vs.
562 2241 655 2292 214.
679 2258 690 2281 :
718 2243 861 2294 γένυος
889 2242 1044 2294 ξουθῆς
1070 2240 1266 2295 καθαρὰν
1288 2243 1422 2297 χώρει
1450 2245 1534 2287 Διά

108 2289 369 2342 φυλλοκόμου
399 2294 595 2342 σμιλακος
618 2293 725 2348 ἤχώ.
778 2298 844 2335 Sic
871 2299 977 2336 enim
1006 2298 1059 2336 ihi
1084 2298 1181 2351 leg.,
1208 2306 1278 2338 aut
1304 2315 1399 2340 sane
1424 2294 1533 2355 ἧγη,

105 2345 136 2381 si
166 2347 336 2398 καθαρὰ
366 2348 418 2386 ob
447 2357 616 2388 metrum
642 2365 800 2390 servare
825 2352 993 2392 velimus
1014 2366 1026 2390 :
1050 2367 1244 2407 promove
1258 2369 1403 2408 pur-um
1422 2346 1531 2409 evito,

107 2406 176 2436 aut
197 2415 320 2454 puros
345 2417 456 2441 sonos
472 2419 547 2457 pet·
566 2420 749 2444 canorum
767 2416 897 2458 guttur
930 2422 1046 2461 usque
1076 2408 1135 2446 ad
1156 2409 1263 2446 sedes
1287 2410 1399 2449 Iovis
1423 2421 1532 2452 trans

105 2453 321 2494 umbrosam
355 2467 497 2496 taxum
519 2455 666 2511 χώρει,
680 2463 762 2512 sac
784 2463 931 2508 cedere,
988 2463 1181 2509 recedere,
1210 2464 1318 2503 cedo.
1376 2465 1530 2506 Notan—

106 2506 157 2569 dji
184 2523 344 2563 quoque
370 2514 512 2564 positio
537 2514 656 2553 huius
682 2515 822 2565 verbi,
849 2524 930 2554 tam
956 2476 1074 2570 ssnge
1101 2519 1267 2557 seiuncti
1294 2533 1318 2557 a
1345 2523 1529 2561 nomina-

106 2565 190 2600 two
217 2578 289 2603 suo
318 2566 513 2607 Ariadne.
570 2569 650 2607 Tot
677 2571 887 2609 interiectis
922 2571 1154 2624 ambagibus
1182 2574 1246 2612 vix
1274 2575 1434 2614 tandem
1462 2591 1527 2615 re-

105 2617 277 2666 perimus
318 2621 358 2658 in
397 2622 475 2660 fine
511 2623 697 2664 dimidiae
736 2625 889 2676 periodi
918 2626 1112 2677 verbum,
1155 2627 1263 2680 quod
1290 2632 1424 2669 omnia
1450 2633 1526 2671 ista

104 2671 217 2721 regit.
271 2674 362 2713 Non
390 2677 445 2715 sic
471 2678 627 2716 Graeci.
685 2680 1004 2719 Circumductior
1031 2688 1089 2720 est
1107 2682 1206 2720 haec
1232 2686 1374 2732 oratio,
1404 2700 1524 2738 quam

106 2736 180 2774 pro
197 2726 371 2768 Graecis.
401 2732 507 2770 Toto
536 2733 675 2772 habitu
691 2735 833 2773 Latina
859 2742 931 2775 est.
964 2735 1160 2789 Apodosis
1174 2740 1394 2790 particulae
1413 2739 1522 2780 ἐπει-
