1884 3132
338 118 449 192 870
628 134 701 176 10.
735 132 840 176 iAc.
879 134 1072 175 REISKH
1111 131 1483 174 COMMENTARu

308 236 575 278 ’ποστολῖται
600 238 709 277 dicti.
768 237 884 276 Conf.
926 237 1090 275 Salmas.
1125 236 1177 276 ad
1204 237 1291 276 Ser.
1337 236 1392 275 H.
1431 235 1539 288 Aug.
1573 235 1627 275 T.
1654 236 1689 274 1.
1723 250 1768 290 p.

337 292 434 348 943.
479 301 517 331 et
550 293 617 331 Du
655 293 787 346 Gange
830 307 872 331 v.
906 292 1081 331 Vocalis.
1137 291 1346 330 Canebant
1385 297 1517 330 autem
1544 289 1587 329 hi
1615 291 1771 330 vocales

337 347 568 400 βασιλίκια,
605 351 757 387 cantica
785 349 827 386 in
855 346 992 386 laudes
1020 347 1235 400 principis,
1267 346 1318 385 de
1344 345 1488 400 quibus
1518 358 1558 385 v.
1585 344 1692 385 dicta
1721 345 1774 384 ad

337 417 380 457 p.
403 403 496 442 555.
524 403 575 442 D.
607 418 645 456 7.
1702 419 1705 421 ·

448 457 497 495 A.
532 471 571 510 7.
602 455 729 511 [742‚
771 454 851 510 11.]
892 456 1051 508 σχῆμα.
1108 455 1218 494 Idem
1247 462 1306 494 est
1354 462 1474 509 atque
1511 453 1655 507 σῆμα,
1699 467 1775 507 ση-

339 515 488 562 μεῖον,
545 514 709 564 signum.
778 512 838 550 lta
881 512 986 549 infra
1032 506 1077 550 τὸ
1120 509 1166 550 ἐκ
1207 510 1426 562 βασιλικῆς
1459 507 1606 561 χειρὸς
1662 506 1777 548 διδό-

339 578 463 618 μενον
500 566 574 617 τῆς
612 566 812 620 ὲγέρσεως
862 567 1007 618 σχῆμα
1054 572 1113 605 est
1154 566 1290 604 datum
1327 567 1436 618 regia
1468 579 1586 604 manu
1623 565 1776 617 signum

342 621 540 673 surgendi.

449 675 503 714 A.
526 674 704 730 8.[7[12‚
733 673 816 729 11.]
846 674 1110 727 καστρησίου.
1168 674 1365 714 Scribitur
1407 672 1572 726 perinde
1611 670 1778 723 καστρί-

341 742 432 776 σιος
460 737 580 783 atque
606 728 866 781 κανστρίσιος
886 760 898 780 ‚
927 737 965 768 et
993 730 1079 768 loco
1111 731 1230 783 primi
1263 730 1346 769 Iota
1375 743 1400 781 η
1428 729 1644 770 invenitur.
1689 727 1776 766 Non

343 785 438 824 inde
467 788 662 838 sequitur,
699 798 723 824 a
752 786 924 824 canistro
963 785 1115 823 dictum
1152 794 1410 824 camerensem
1436 784 1567 821 fuisse.
1622 783 1725 821 Nam
1754 795 1778 821 ν

342 840 441 878 illud
472 842 566 879 novi
607 842 750 878 Graeci
791 854 902 879 more
945 853 1018 879 suo
1063 842 1268 889 inserunt,
1313 846 1359 878 ut
1399 837 1500 877 nihil
1536 836 1774 890 significans.

342 895 631 947 Καστρίσιος,
662 897 777 933 aiunt
804 895 995 942 Glossae,
1039 894 1306 946 παρεμβολῆς
1335 887 1480 944 ἄρχων
1521 887 1547 944 ἢ
1583 892 1779 938 ἐντολὲως

343 947 570 1002 ὑπηρέτης.
626 951 685 988 Ita
730 950 889 988 videtur
915 949 1012 987 mihi
1042 948 1152 987 locus
1180 949 1248 987 ille
1274 947 1464 1002 legendus
1493 960 1590 985 esse.
1647 945 1780 986 Aliter

343 1017 436 1042 eum
475 1004 679 1042 constituit
707 1004 922 1042 Salmasius
958 1003 1009 1042 ad
1042 1004 1188 1055 Script.
1219 1003 1325 1042 Hist.
1357 1003 1461 1055 Aug.
1487 1003 1539 1040 T.
1562 1001 1596 1039 Ι.
1617 1015 1657 1054 p.
1677 1000 1775 1054 981.

343 1058 447 1097 Nam
484 1055 624 1097 revera
661 1065 745 1096 erat
781 1059 1031 1111 magistratus
1061 1057 1202 1111 aliquis
1229 1058 1455 1104 castrensis,
1505 1056 1687 1109 quamvis
1727 1056 1782 1095 de

342 1113 517 1151 minimis
535 1143 546 1163 ,
575 1120 620 1151 ut
649 1120 831 1165 respectu
859 1112 1032 1152 militum
1058 1114 1309 1165 magistratus
1326 1141 1336 1159 ‚
1383 1118 1564 1164 respectu
1598 1111 1780 1163 superio-

342 1180 461 1217 rum,
499 1181 670 1221 quorum
707 1168 892 1206 mandata
927 1174 1231 1219 exsequeretur,
1272 1168 1454 1206 minister
1488 1171 1603 1205 esset.
1660 1165 1781 1204 Initio

344 1222 505 1274 quidem
549 1224 758 1261 castrensis
796 1230 954 1261 tantum
993 1229 1080 1260 erat
1118 1223 1263 1275 gradus
1291 1221 1433 1275 aliquis
1460 1220 1666 1271 militaris3
1696 1233 1780 1259 non

344 1277 525 1329 quidem,
557 1278 626 1329 qui
656 1277 788 1316 locum
817 1278 955 1316 castris
983 1277 1179 1316 metandis
1205 1277 1461 1331 designasset,
1483 1275 1551 1314 sed
1581 1276 1666 1313 eius
1691 1281 1782 1314 erat

336 1346 487 1385 panem
517 1339 757 1371 castrensem
799 1331 994 1371 militibus
1040 1332 1292 1371 distribuere.
1349 1331 1507 1370 Deinde
1534 1329 1604 1383 qui
1633 1342 1780 1381 panem

345 1394 562 1439 apponeret
601 1388 643 1425 in
687 1401 865 1426 mensam
902 1387 1148 1439 imperialem
1176 1395 1246 1425 aut
1268 1385 1544 1439 patriarchae,
1576 1391 1646 1423 aut
1674 1385 1785 1423 inter

345 1455 539 1494 pauperes
566 1455 702 1480 eorum
732 1443 892 1481 nomine
919 1456 1063 1494 panem
1089 1442 1264 1494 aliasque
1293 1440 1557 1495 eleemosynas
1589 1439 1781 1477 distribu-

346 1506 430 1536 eret
449 1527 460 1545 ,
492 1499 609 1535 ctiam
638 1499 836 1536 ras-tremis
865 1496 1139 1550 appellabatur
1166 1497 1215 1534 ad
1245 1495 1468 1548 exemplum
1491 1495 1597 1533 illius
1628 1493 1784 1532 milita-

346 1553 416 1590 ris.
474 1552 599 1604 Saepe
626 1552 669 1590 fit
688 1553 836 1590 mentio
859 1552 899 1590 in
918 1551 995 1590 hoc
1024 1551 1291 1603 Cletorologio
1322 1550 1399 1589 τοῦ
1424 1549 1586 1588 κλεινοῦ
1611 1561 1780 1599 καστρι-

346 1602 440 1644 σίου
470 1605 544 1656 τῆς
569 1606 787 1658 βασιλικῆς
816 1604 1034 1658 τραπέζης.
1087 1605 1326 1659 Appellatur
1350 1619 1510 1658 quoque
1547 1600 1570 1641 ὄ
1606 1598 1782 1655 τερπνός

346 1656 614 1711 καστρήσιος,
654 1660 840 1699 icoc-undas
877 1662 1092 1699 castrensis.
1145 1660 1257 1698 Illius
1289 1661 1394 1698 enim
1421 1659 1639 1698 adventum
1663 1657 1783 1696 avide

346 1721 386 1752 et
416 1714 584 1753 libenter
629 1715 859 1767 spectabant
898 1715 1113 1762 convivae,
1163 1721 1210 1752 ut
1238 1716 1306 1767 qui
1334 1714 1429 1767 ipsis
1457 1714 1584 1752 discos
1612 1711 1782 1764 dapibus

347 1776 510 1807 onustos
538 1783 560 1808 e
582 1770 688 1822 regia
716 1783 852 1808 mensa
878 1769 1061 1821 afferret,
1091 1776 1137 1808 ut
1162 1783 1208 1808 ex
1240 1783 1329 1821 pag.
1349 1768 1569 1819 431.A.1o.
1599 1773 1779 1819 apparet.

348 1822 533 1862 Habebat
576 1838 734 1876 quoque
779 1824 1003 1878 patriarcha
1046 1838 1163 1864 suum
1204 1830 1468 1874 castrensem,
1505 1823 1575 1875 qui
1604 1823 1686 1860 eius
1713 1835 1782 1860 ca-

347 1878 542 1917 merarius
580 1878 875 1931 quodammodo
910 1886 1017 1927 erat,
1055 1886 1101 1917 ut
1138 1892 1184 1918 ex
1216 1878 1384 1917 Haberti
1420 1876 1646 1917 Pontificali
1672 1882 1783 1929 patet

346 1945 385 1983 p.
413 1932 474 1971 18.
504 1941 544 1971 et
573 1932 638 1971 52.
697 1933 813 1972 Conf.
840 1934 907 1972 Du
935 1933 1068 1986 Gange
1102 1934 1239 1972 Gloss.
1272 1940 1443 1986 utroque
1473 1932 1518 1971 h.
1549 1945 1590 1970 v.
1619 1937 1660 1970 et
1697 1931 1783 1970 Va·-

348 1985 420 2024 les.
459 1987 510 2025 ad
536 1987 739 2026 Ammian.
767 1987 946 2027 Marcell.
977 2003 1018 2040 p.
1044 1986 1111 2042 75.
1142 1988 1195 2027 A.
1225 1988 1350 2027 Goar.
1388 1987 1441 2026 ad
1466 1986 1608 2026 Codin.
1634 2000 1677 2039 p.
1715 1985 1781 2025 15.

349 2054 393 2079 n.
418 2055 486 2080 21.
513 2049 552 2080 et
580 2043 755 2081 Gretser.
786 2042 836 2082 ad
866 2042 985 2081 eund.
1014 2057 1055 2095 p.
1080 2041 1170 2093 164.

435 2097 529 2144 430.
551 2094 604 2133 A.
635 2109 694 2135 10.
715 2095 831 2149 [742,
858 2096 942 2150 15]
972 2092 1207 2147 τριβάθμου
1237 2098 1309 2148 τῆς
1337 2093 1555 2148 βασιλικῆς
1583 2088 1779 2144 εὐωχίας.

350 2147 654 2189 Ascendebatur
687 2151 806 2204 igitur
833 2151 883 2190 ad
909 2165 1061 2190 sacram
1090 2159 1309 2205 separatam
1332 2165 1508 2190 mensam
1535 2149 1663 2188 tribus
1691 2161 1783 2201 gra-

350 2203 483 2243 dibus.
541 2204 602 2242 Ita
630 2212 880 2258 comparatae
911 2212 1024 2244 erant
1066 2213 1152 2244 tum
1182 2208 1373 2259 temporis
1401 2217 1648 2244 summorum
1672 2204 1784 2255 prin—

349 2259 483 2310 cipum
520 2272 688 2298 mensae.
742 2260 808 2298 Sic
847 2261 897 2298 ad
926 2261 1127 2299 Pontificis
1166 2261 1333 2299 Romani
1373 2273 1550 2298 mensam
1582 2257 1678 2296 olim
1710 2258 1784 2295 tri-

347 2310 424 2350 bus
457 2313 645 2365 gradibus
674 2313 982 2362 ascendebatur,
1014 2322 1058 2366 ut
1085 2323 1192 2367 patet
1217 2329 1260 2354 ex
1290 2315 1502 2367 Augustini
1530 2310 1781 2365 patriarchae

350 2366 618 2405 Ceremouiali
649 2368 697 2406 L.
734 2369 809 2407 111.
837 2373 872 2416 §.
894 2383 934 2407 2.
955 2383 995 2422 p.
1025 2368 1114 2423 149.
1131 2370 1227 2407 edit.
1250 2368 1456 2417 Catalani3
1485 2381 1606 2420 quem
1633 2367 1786 2414 locum,

350 2423 443 2472 quia
473 2436 558 2460 rem
587 2429 763 2460 nostram
793 2423 901 2461 haud
930 2437 1070 2475 parum
1120 2423 1290 2462 illustrat
1335 2430 1373 2462 et
1413 2423 1543 2462 ideam
1569 2421 1620 2460 de
1650 2420 1785 2472 dispo-

348 2476 491 2514 sitione
518 2490 742 2515 mensarum
782 2478 822 2514 in
852 2478 1024 2516 triclinio
1053 2478 1170 2517 XIX.
1201 2478 1456 2516 accubituum
1482 2475 1674 2522 facilitat‚
1706 2472 1779 2511 ad-

351 2530 520 2569 scribere
560 2530 668 2568 haud
711 2532 830 2583 piget.
886 2533 1022 2570 Verba
1060 2534 1144 2571 eius
1171 2533 1269 2571 haec
1298 2539 1415 2571 sunt:
1459 2529 1667 2585 par-abitur
1708 2528 1784 2580 igi-

349 2591 411 2619 tm·
448 2585 543 2622 aula
581 2586 755 2624 convivii
788 2587 935 2624 aulaeis
976 2595 1015 2624 et
1040 2588 1186 2642 pannis
1223 2588 1355 2626 sericiis·
1407 2584 1618 2637 aureisque.
1645 2603 1702 2613 —
1731 2581 1785 2621 In

350 2639 474 2683 capite
501 2640 615 2677 aulae
645 2641 717 2677 erit
740 2649 974 2692 suggestam,
996 2643 1053 2680 ad
1075 2641 1183 2695 quod
1204 2642 1356 2695 triplici
1388 2638 1516 2691 gradu
1549 2636 1784 2686 ascenditur,

349 2689 506 2740 ²0¹²&an
526 2706 604 2746 pro
630 2694 835 2733 latitudine
870 2695 1005 2735 aulae.
1063 2696 1114 2736 In
1139 2696 1268 2735 medio
1305 2701 1433 2746 surget
1462 2690 1674 2746 quadratus
1698 2691 1784 2730 tha-
