1884 3132
343 187 460 256 436
655 204 729 247 ιο.
767 205 873 248 1Ac.
913 204 1109 247 ausim
1144 204 1526 249 COMMENTARH

342 325 434 364 pag.
453 309 518 349 33.
578 309 761 349 Sacratos
787 309 1078 349 commilitones
1108 324 1200 349 suos
1217 340 1230 362 ,
1274 308 1419 362 ἁγίους
1459 310 1525 351 vel
1552 307 1691 358 ὅσΙους
1719 311 1783 352 vel

342 364 699 416 καθωσιωμένους
721 395 731 412 ,
764 366 804 403 id
828 373 887 404 est
908 365 1176 413 venerabiles,
1211 365 1409 416 ἀσύλους,
1442 365 1614 419 appellat
1641 365 1786 406 milites

342 434 437 459 suos
468 422 736 460 Maximianus
747 420 906 471 Senior,
937 421 1078 473 Script.
1102 420 1205 459 Hist.
1224 421 1332 474 Aug.
1354 421 1406 459 T.
1427 422 1481 460 ll.
1498 436 1539 474 p.
1563 435 1632 474 97.
1667 421 1784 460 Conf.

341 475 560 515 Salmasius
588 476 686 514 ibid.
727 490 767 528 p.
800 475 895 530 629.
917 483 955 514 et
984 491 1025 528 p.
1051 475 1165 528 599.,
1194 476 1263 515 ubi
1289 478 1545 515 sanctimonia
1572 484 1705 515 nostra
1732 479 1788 515 ait

342 530 506 582 Consul,
537 545 577 584 p.
600 531 692 570 605.
725 545 794 569 vos
825 532 1062 569 sanctissimi
1088 531 1230 569 milites
1257 541 1296 570 et
1330 533 1583 570 sacratissimi
1600 532 1787 584 Quirites,

343 601 386 639 p.
410 585 504 640 607.
537 587 770 625 sanctissimi
797 588 1074 624 commilitones
1096 614 1107 635 ,
1148 601 1187 638 p.
1224 587 1317 640 715.
1358 588 1589 625 sanctissimi
1619 587 1789 641 Quirites

344 649 418 679 ete.
480 640 668 680 Anastas.
702 641 893 679 Biblioth.
934 642 1018 680 Vit.
1059 640 1213 679 Pontis.
1244 656 1286 680 in
1314 642 1410 680 Vita
1435 641 1666 681 Valentini:
1700 642 1789 680 laa-

343 698 498 736 tissimis
522 697 687 751 dapibus
715 698 847 734 sumtis
874 697 1004 734 multis
1031 705 1068 734 et
1093 696 1259 734 (liversis
1279 711 1479 735 munerum
1501 698 1615 736 donis
1636 711 1789 735 sacram

338 751 494 806 plebem
523 762 560 790 et
587 760 758 790 senatum
782 753 1045 806 populumque
1075 752 1293 790 Romanum
1320 754 1447 806 opime
1474 752 1631 791 ditavit.
1665 752 1700 790 F
1702 759 1790 791 orte

345 807 424 845 hoc
453 820 499 845 ex
528 807 637 846 fonte
666 805 810 856 fluxit,
840 807 951 859 quod
981 809 1153 860 episcopi
1182 807 1279 845 olim
1307 808 1348 845 in
1374 808 1633 847 concionibus
1667 809 1788 846 sacris

342 861 502 915 plebem
544 863 598 900 sic
636 861 966 914 alloquerentur:
1011 862 1121 915 plebs
1161 872 1296 900 sancta
1323 877 1369 900 ac
1397 863 1487 901 Deo
1513 864 1712 909 serviens,
1743 869 1790 900 ut

343 916 524 968 intelligo
554 932 599 955 ex
628 924 723 955 nota
752 917 963 970 marginali
991 916 1260 970 Evangeliarii
1288 916 1572 970 Quadi-uplicis
1601 918 1789 956 Blanchi-

343 972 454 1011 niani
476 967 526 1010 T.
554 973 628 1011 1V.
648 986 689 1025 p.
713 971 822 1023 553„
853 972 959 1011 unde
992 971 1255 1025 intelligitur,
1277 972 1380 1011 hanc
1412 972 1626 1011 formulam
1654 971 1788 1011 adhuc

343 1029 386 1066 in
419 1027 594 1066 ecclesiis
630 1027 775 1066 Italicis
813 1027 999 1066 usitatam
1030 1041 1126 1069 esse.
1182 1027 1355 1066 Videtur
1386 1034 1518 1066 tamen
1548 1029 1681 1080 potius
1710 1027 1788 1067 hac

346 1083 389 1121 in
419 1082 592 1121 formula
631 1096 708 1121 vox
748 1092 883 1122 sancta
923 1096 1077 1121 novum
1111 1081 1382 1121 Christianum
1415 1082 1530 1122 nobis
1557 1083 1678 1122 hodie
1709 1083 1788 1122 fre-

343 1145 581 1192 quentatum
610 1137 879 1191 significatum
906 1137 1056 1176 habere
1078 1167 1088 1185 ‚
1132 1151 1254 1190 quam
1287 1137 1403 1176 illum
1430 1145 1608 1177 veterem
1637 1139 1786 1177 Roma-

342 1207 441 1231 num
471 1192 676 1247 gentilem.
737 1193 951 1232 Clementia
975 1202 1105 1231 vestra
1134 1192 1274 1231 titulus
1293 1200 1350 1231 est
1369 1194 1604 1247 Imperatori
1628 1195 1784 1247 privus.

342 1248 473 1300 Atqui
502 1249 707 1287 Macrinus
735 1263 827 1287 eum
861 1247 968 1301 apud
998 1247 1266 1301 Capitolinum
1298 1248 1350 1286 T.
1379 1249 1411 1291 Ι,
1445 1262 1485 1302 p.
1509 1246 1601 1302 755.
1630 1249 1785 1288 senatui

342 1303 502 1341 tribuit.
565 1303 612 1342 V
607 1304 765 1342 ellemus
787 1305 840 1343 P.
870 1304 916 1342 C.
937 1326 959 1333 -
973 1326 995 1332 -
1011 1304 1256 1342 clementiam
1281 1311 1453 1343 vestram
1477 1304 1628 1342 videre.
1659 1304 1787 1343 Novis

344 1365 480 1397 autem
508 1359 671 1397 Graecis
710 1373 786 1398 vox
826 1356 1081 1405 καθοσίωσις
1108 1371 1184 1411 pro
1215 1358 1412 1397 maiestate
1439 1365 1688 1412 usurpatur3
1716 1355 1790 1398 ἐπὶ

343 1409 600 1452 καθοσιώσει
634 1409 951 1464 λαμβάνεσθαι,
990 1414 1118 1452 laesae
1157 1414 1367 1452 maiestatis
1403 1415 1543 1466 argui,
1583 1420 1642 1452 est
1678 1414 1788 1468 apud

343 1468 471 1507 Leon.
503 1469 686 1507 Gramm.
716 1483 808 1522 pag.
834 1467 929 1523 509.
949 1469 999 1507 D.
1020 1482 1060 1507 2.
1116 1468 1309 1507 Genesius
1336 1483 1427 1522 pag.
1447 1469 1487 1508 8.
1510 1468 1556 1507 C.
1575 1468 1650 1509 ult.
1664 1469 1789 1508 habet

343 1519 520 1574 διαβολή
574 1519 868 1569 καθοσιώσεως
909 1518 1216 1576 ἑπισκὴπτεται.
1275 1523 1373 1563 Vid.
1413 1522 1597 1563 Salmasii
1625 1523 1788 1578 longam

343 1578 655 1630 disputationem
683 1579 736 1617 T.
760 1579 817 1617 11.
847 1579 933 1618 Ser.
969 1579 1024 1617 H.
1057 1577 1167 1631 Aug.
1206 1593 1248 1631 p.
1285 1577 1381 1618 228.
1405 1591 1498 1634 229.
1520 1610 1531 1628 ,
1563 1594 1684 1633 quam
1711 1593 1787 1620 nec

341 1632 460 1685 plane
490 1633 694 1687 intelligo,
725 1647 799 1672 nee
827 1649 897 1686 per
923 1634 1058 1672 omnia
1088 1632 1225 1672 laudo.

454 1687 500 1726 C.
522 1702 563 1726 2.
582 1687 701 1742 [419,
721 1681 786 1742 6.]
807 1683 1041 1740 Ῥωμαίων.
1097 1688 1172 1729 Est
1200 1703 1246 1728 ex
1275 1688 1523 1743 idiographia
1550 1689 1696 1732 codicis
1714 1690 1785 1729 Li-

341 1744 508 1795 psiensis
534 1757 608 1796 pro
639 1742 862 1794 Ῥωμαῖον.

454 1798 508 1836 D.
536 1798 709 1852 1.[419‚
736 1798 818 1853 16]
843 1796 1075 1851 ἀπόκρισις.
1116 1799 1205 1838 Non
1233 1807 1319 1839 erat
1346 1800 1389 1838 in
1416 1799 1566 1839 codiee.
1622 1799 1785 1853 Perspi-

344 1852 505 1891 cuitatis
531 1856 660 1906 gratia
687 1855 754 1893 hic
782 1863 821 1893 et
851 1854 1064 1907 aliquoties
1081 1854 1266 1908 deinceps
1294 1853 1457 1906 addidi,
1484 1855 1553 1894 sed
1579 1856 1693 1894 uncis
1722 1856 1787 1893 in·

346 1907 503 1947 elusum
521 1940 533 1958 ‚
567 1916 615 1947 ut
642 1909 930 1963 intelligeretur
946 1939 957 1959 ,
987 1909 1026 1948 id
1056 1924 1178 1963 opera
1204 1923 1293 1949 mea
1322 1910 1516 1948 insertum
1543 1909 1679 1948 fuisse.

455 1963 507 2005 D.
527 1963 699 2018 5.[419,
727 1963 813 2018 19.]
843 1963 1163 2017 συντρεχούσης.
1223 1965 1502 2013 Conna-rente,
1542 1965 1584 2003 id
1623 1971 1684 2004 est
1711 1978 1783 2003 au-

346 2017 532 2067 xiliante,
565 2027 817 2072 cooperante.
873 2020 934 2058 lta
962 2027 1157 2072 usurpant
1184 2021 1279 2058 novi
1309 2020 1485 2070 Graeci3
1532 2019 1614 2059 vid.
1647 2019 1782 2058 Theo-

346 2072 472 2123 phan.
506 2088 544 2125 p.
576 2087 644 2112 21.
673 2074 721 2112 B.
753 2089 794 2127 7.
827 2082 866 2113 et
895 2071 1108 2126 συνδρομὴ
1140 2088 1213 2127 pro
1240 2076 1476 2114 assistentia.
1530 2074 1780 2127 Sguropulus

346 2127 390 2164 in
419 2128 573 2167 Histor.
605 2128 771 2167 Concilii
800 2129 1023 2168 Florentini
1051 2130 1165 2173 VIII.
1184 2129 1256 2169 6.:
1287 2129 1442 2184 ἐπαίνῳ
1470 2129 1540 2182 τῆς
1568 2127 1672 2182 ὑπὲρ
1700 2129 1783 2168 τῶν

345 2178 558 2232 ἡμετέρων
586 2181 820 2235 συνδρομῆς
847 2183 920 2222 καί
945 2182 1157 2236 προνοίας.

458 2237 508 2278 D.
527 2237 568 2276 6.
588 2237 705 2292 [4ι9,
727 2237 812 2292 2ο.]
831 2235 1107 2291 προκειμένων
1126 2238 1210 2279 τῶν
1227 2237 1355 2291 ἁγίων
1374 2238 1635 2291 εὐαγγελίων.
1665 2234 1782 2290 *[Iu-

348 2298 481 2330 ratum
514 2292 587 2330 suit
615 2294 655 2331 iu
685 2292 834 2332 librum
871 2293 1201 2347 Evangeliorum.
1259 2296 1327 2333 Du
1355 2296 1487 2347 Cange
1514 2292 1564 2331 ad
1593 2290 1776 2330 Alexiad.

349 2360 440 2399 pag.
461 2346 554 2386 238.
587 2362 631 2386 ex
661 2349 834 2401 Gatpulo
859 2363 1011 2387 morem
1040 2349 1152 2388 illum
1181 2365 1253 2402 per
1289 2349 1493 2402 evangelia
1521 2346 1676 2385 iurandi
1705 2361 1779 2385 no-

350 2406 424 2438 tat.
482 2402 653 2456 Procop.
676 2418 717 2455 p.
741 2403 835 2457 289.
866 2411 905 2441 et
939 2403 1136 2443 Anccdot.
1167 2419 1209 2457 p.
1239 2404 1298 2444 18.
1357 2401 1621 2454 Evangelium
1649 2409 1777 2454 gesta-

351 2456 410 2493 vit
451 2455 691 2496 Iustinianus
726 2458 917 2511 populum
958 2459 997 2496 in
1041 2459 1146 2498 circo
1173 2459 1430 2498 allocuturus.
1462 2455 1650 2494 Chronic.
1679 2455 1779 2494 Ale-

352 2509 491 2547 xandr.
514 2526 555 2563 p.
580 2512 716 2566 538.]*
772 2514 972 2552 Videntur
999 2514 1103 2552 enim
1139 2529 1320 2566 proceres
1344 2513 1394 2551 ad
1429 2511 1660 2550 electionem
1689 2525 1780 2563 pei·-

352 2565 522 2603 tinentcs
547 2567 694 2605 viritim
718 2582 852 2607 coram
876 2568 1058 2621 explicito
1070 2569 1379 2622 Evangeliorum
1398 2566 1533 2604 codice
1553 2579 1778 2604 sacramen-

353 2625 439 2655 tum
469 2619 634 2671 dixisse,
681 2637 721 2661 se
754 2623 862 2661 nolle
885 2621 1044 2675 μηδένα
1072 2621 1175 2675 μήτε
1211 2620 1355 2675 φιλίας
1381 2617 1486 2671 fillis&
1513 2611 1673 2670 ἐῖθρας
1702 2627 1779 2658 ete·

354 2671 417 2710 De
445 2675 667 2714 iuramento
695 2691 812 2729 super
839 2677 881 2716 S.
901 2677 1122 2731 Evangelio
1148 2678 1310 2730 insignis
1337 2683 1395 2714 est
1424 2674 1533 2713 locus
1563 2674 1669 2727 apud
1687 2675 1776 2713 Me-

354 2727 498 2764 nandr.
534 2731 574 2765 in
604 2730 788 2783 Excerpt.
816 2733 950 2784 Legat.
977 2747 1018 2784 p.
1044 2731 1132 2771 106.
1187 2732 1250 2770 De
1276 2731 1396 2770 variis
1425 2730 1554 2768 modis
1572 2729 1622 2767 ad
1639 2729 1776 2768 Evan-

354 2779 499 2832 gelium
527 2784 713 2834 iurandi,
742 2793 847 2824 tacto
875 2800 986 2825 sacro
1018 2786 1150 2825 codice
1188 2793 1227 2825 et
1263 2787 1323 2831 ori
1351 2798 1534 2839 appresso
1549 2815 1561 2834 ,
1592 2785 1685 2822 item
1713 2785 1777 2821 in-
