1832 3126
333 157 436 226 142
604 177 678 218 io.
720 176 826 219 1Ac.
867 176 1061 219 nmsxn
1101 175 1480 223 colvaNTARn

327 277 494 331 epistola
531 277 662 317 Alexii
697 279 800 332 Imp.
834 278 884 318 ad
914 279 1134 319 Robertum
1170 280 1406 333 Frisonem,
1454 282 1692 324 Hollandiae
1729 287 1771 325 e!

326 334 362 373 F
365 334 544 372 landriae
583 335 808 386 Comitem,
849 335 957 388 apud
984 336 1050 374 Du
1080 336 1214 389 Gange
1249 338 1300 376 ad
1325 337 1505 377 Alexiad.
1538 354 1579 392 p.
1605 339 1702 390 334.
1731 345 1772 380 et

330 389 444 439 336„
477 402 648 443 quarum
682 405 813 444 neque
846 392 1133 430 Constantinus
1160 400 1325 444 noster,
1357 407 1487 447 neque
1517 394 1586 434 alii
1628 397 1770 435 memi-

327 458 440 483 nere.
498 446 618 484 Sacra
658 446 756 485 haec
789 461 910 497 vasa,
956 457 1037 500 quo
1073 448 1277 500 pertinent
1309 463 1472 502 quoque
1502 449 1771 502 candelabra,

327 514 465 540 cruces
482 531 493 549 ‚
540 501 681 541 calices
697 532 708 550 ,
757 502 859 541 alius
894 509 1059 541 ornatus
1094 518 1239 542 aureus
1279 508 1319 543 et
1355 511 1568 558 argenteus
1584 535 1595 556 ,
1642 514 1772 546 vestes

328 556 475 595 sericae
503 563 579 595 etc.
610 571 727 610 saepe
753 559 1010 597 ostentationi
1040 559 1332 611 Imperatorum
1362 560 1654 609 inserviebant,
1699 561 1773 616 qui

328 626 374 650 ea
409 616 479 651 aut
512 614 790 652 monstrabant
829 615 1048 667 peregrinis
1084 613 1222 668 legatis
1269 618 1335 666 (v.
1376 615 1502 654 Leon.
1544 617 1771 656 Grammat-

326 682 369 720 p.
391 666 485 718 485.
508 669 560 706 D.
575 672 605 718 ),
631 676 702 707 aut
732 683 754 707 e
779 669 937 723 templis
961 669 1151 721 petebant
1167 700 1178 720 ,
1210 678 1249 709 et
1274 670 1423 724 palatia
1452 685 1524 710 sua
1540 671 1586 710 iis
1604 672 1773 711 instrue-

327 722 427 761 bant
443 751 454 772 ,
479 730 524 761 ut
550 726 696 776 passim
726 726 768 762 in
794 725 871 764 hoc
897 725 1033 763 codice
1063 725 1214 764 factum
1243 725 1413 779 legitur,
1444 734 1515 766 aut
1543 734 1582 765 et
1608 727 1772 768 Circum

326 779 377 817 iis
412 779 637 830 ornabant,
678 781 787 834 quod
815 781 865 819 de
893 779 1150 831 Alexandro,
1191 783 1336 820 Leonis
1365 781 1514 832 fratre,
1551 783 1775 836 Scriptores

326 841 418 888 post
445 834 735 888 Theophanem
760 836 939 876 referunt
965 850 1006 888 p.
1027 835 1120 886 234.
1143 837 1189 875 B.
1250 837 1456 876 Habemus
1483 838 1533 875 L.
1563 838 1620 876 ΙΙ.
1640 853 1676 876 c.
1700 837 1773 890 4ο.

327 889 499 928 indicem
532 893 822 942 sacrariorum,
862 904 965 946 quae
992 892 1035 930 in
1065 893 1187 931 variis
1222 892 1395 932 ecclesiis
1421 891 1620 932 Palatinis
1640 907 1771 934 asser-

327 944 542 985 vabantur.

438 1001 492 1039 A.
514 1000 669 1055 penult.
693 1000 783 1056 [54,
801 1000 866 1056 9.]
895 1003 1076 1055 χρυσοῖς
1102 1000 1290 1050 σελλιόις.
1324 1003 1413 1042 Non
1430 1008 1516 1042 tota
1534 1017 1656 1042 aurea
1681 1002 1774 1042 suh-

328 1054 439 1095 sellia
467 1065 608 1107 erant,
649 1059 718 1097 sed
751 1057 883 1111 lignea
919 1060 1023 1099 foliis
1052 1059 1182 1096 aureis
1212 1057 1402 1097 obducta.
1460 1058 1515 1097 Et
1543 1058 1584 1097 id
1612 1058 1654 1096 in
1678 1059 1774 1097 uni-

327 1125 487 1150 versum
519 1113 570 1152 de
598 1116 729 1152 aureis
754 1128 825 1166 per
849 1113 958 1154 hunc
995 1113 1173 1153 codicem
1200 1113 1317 1154 dictis
1338 1114 1445 1154 vasis
1471 1112 1776 1168 intelligendum

327 1174 411 1216 est,
443 1183 542 1207 auro
568 1175 727 1207 tantum
752 1171 971 1210 incrustata
1006 1170 1139 1209 fuisse.
1752 1213 1758 1219 ·

437 1224 483 1262 B.
509 1238 549 1262 2.
572 1223 663 1278 [54,
688 1223 776 1277 12.]
805 1221 959 1274 νάρδον
986 1222 1058 1264 καί
1083 1220 1134 1263 τὰ
1162 1219 1370 1276 τριψίδια.
1427 1225 1544 1277 Quae
1569 1222 1776 1263 illustran-

329 1277 382 1317 do
409 1277 504 1318 huic
531 1278 620 1318 loco
648 1280 826 1330 faciunt,
857 1281 937 1320 dixi
971 1281 1022 1319 ad
1049 1295 1091 1333 p.
1111 1279 1207 1331 442.
1231 1279 1278 1317 C.
1301 1278 1342 1330 4.

441 1335 488 1373 C.
507 1349 548 1388 9.
572 1335 664 1389 [55‚
691 1334 749 1389 1.]
780 1332 924 1383 καθώς
956 1334 1224 1388 προείρηται,
1270 1331 1542 1386 ἄκτολογοῦσι
1575 1332 1628 1374 τὰ
1655 1333 1778 1388 μέρη.

328 1389 465 1428 Verba
490 1390 589 1429 haec
615 1390 784 1430 delenda
802 1399 914 1430 sunt.
974 1393 1021 1430 In
1039 1391 1134 1444 ipsis
1158 1389 1320 1443 quidem
1337 1391 1642 1443 conspiciuntur
1657 1403 1778 1429 mem*

328 1443 493 1496 branis,
525 1445 679 1497 fateor,
712 1447 782 1485 sed
813 1446 1000 1486 librarius
1029 1448 1182 1500 primae
1208 1445 1384 1498 syllabae
1411 1459 1464 1484 κα
1494 1445 1576 1484 duo
1599 1448 1775 1498 puncta,
1813 1468 1817 1470 v

328 1508 370 1539 et
396 1500 563 1541 ultimae
587 1501 765 1556 syllabae
793 1516 846 1556 ρη
873 1503 970 1541 item
1003 1502 1084 1541 duo
1105 1508 1256 1554 puncta
1284 1501 1638 1554 superscripserat,
1671 1501 1778 1539 indi-

329 1563 493 1596 caturus
512 1587 523 1607 ,
554 1571 600 1596 ea
630 1559 766 1597 omnia
782 1587 792 1606 ,
830 1572 933 1611 quae
965 1559 1049 1597 istis
1073 1564 1248 1610 quatuor
1277 1556 1437 1610 punctis
1470 1559 1690 1609 intercepta
1717 1570 1779 1594 es-

329 1619 445 1664 sent,
491 1627 702 1666 perperam
740 1614 886 1666 scripta
919 1620 958 1652 et
993 1613 1162 1652 delenda
1190 1625 1288 1651 esse.
1348 1611 1518 1650 Nolebat
1551 1625 1695 1664 nempe
1727 1610 1780 1650 li-

329 1675 423 1707 tura
441 1668 588 1709 codicis
611 1669 851 1724 elegantiam
880 1682 1151 1723 corrumpere.
1209 1668 1441 1707 Recurrunt
1465 1680 1513 1707 ea
1534 1668 1669 1706 statim
1687 1673 1780 1721 post

330 1738 405 1763 suo
435 1723 538 1763 loco.

440 1780 495 1819 D.
512 1780 667 1833 penult.
691 1780 782 1837 [35,
809 1779 896 1835 10.]
938 1775 1008 1819 διὰ
1038 1776 1115 1818 τοῦ
1143 1773 1330 1829 Κυρίου.
1382 1776 1523 1816 Potest
1559 1776 1674 1816 reddi
1708 1783 1781 1816 aut

324 1850 424 1891 per,
456 1843 527 1875 aut
553 1838 686 1893 potius
713 1845 876 1894 praeter
896 1836 1098 1875 ecclesiam
1125 1833 1306 1884 domini,
1335 1831 1386 1871 de
1414 1846 1494 1887 qua
1517 1831 1657 1887 paullo
1685 1839 1783 1871 ante·

331 1892 517 1931 diximus.

386 1962 454 1986 22.
473 1947 598 2002 A.'9.
633 1945 834 2002 [353103
866 1942 1011 2000 φωνὴν
1038 1936 1112 1997 ἦχ.
1142 1941 1193 1995 γ’.
1247 1944 1310 1982 De
1323 1944 1432 1982 tonis
1455 1942 1617 1981 musicis
1649 1943 1780 1981 Grae«

334 2017 476 2042 corum
514 2002 622 2042 cons.
657 2004 725 2041 Du
762 1994 895 2058 Cange
932 2001 1062 2040 Gloss.
1099 2001 1173 2038 Gr.
1213 2013 1256 2038 v.
1304 1992 1421 2051 ἦχος.
1477 1996 1784 2050 *[Theopliilus

333 2060 486 2098 musica
517 2058 714 2112 quaedam
752 2059 846 2098 fecit
875 2058 1007 2112 quarti
1031 2057 1118 2095 toni
1150 2061 1190 2093 et
1219 2069 1264 2093 ex
1295 2054 1371 2093 ode
1398 2061 1556 2093 octava.
1615 2053 1781 2092 Contin.

332 2128 376 2166 p.
398 2113 468 2154 66.
525 2115 588 2153 De
614 2111 717 2168 τόνῳ
745 2110 929 2168 πλαγίῳ,
959 2113 1030 2165 qui
1060 2111 1166 2149 idem
1193 2117 1252 2149 est
1280 2124 1326 2148 ac
1355 2105 1513 2161 βαρῦς,
1541 2123 1586 2148 v.
1613 2108 1696 2147 Leo
1713 2107 1782 2146 Al-

333 2167 453 2208 latius
491 2169 542 2209 de
575 2168 688 2208 libris
725 2168 1011 2208 Ecclesiasticis
1052 2167 1298 2204 Graecorum
1333 2179 1426 2219 pag.
1445 2163 1516 2204 66.
1550 2163 1614 2202 ed.
1647 2163 1779 2202 Paris.

332 2225 482 2279 Respue
519 2225 570 2264 de
602 2232 761 2274 octavo,
811 2225 974 2280 impleat
1005 2223 1057 2262 de
1091 2230 1231 2277 quarto
1247 2251 1259 2274 ,
1306 2221 1391 2260 vid.
1435 2229 1541 2259 tono.
1598 2217 1786 2258 Moleon.

333 2294 424 2333 pag.
458 2279 605 2335 559.]*
1577 2303 1579 2305 >
1782 2284 1786 2297 ¹

367 2398 374 2410 ¹
446 2345 501 2384 A.
522 2345 598 2384 ult.
620 2343 712 2400 [35,
731 2343 822 2399 20.]
871 2341 1099 2398 παρθένου.
1143 2339 1227 2382 καί.
1282 2344 1343 2382 Μ.
1381 2337 1608 2393 παρθένου.
1663 2333 1781 2390 Δοχὴ

337 2413 365 2438 α
379 2432 390 2444 ,
409 2414 479 2439 και
498 2425 519 2431 -
538 2425 560 2432 -
1287 2443 1290 2447 ,

446 2467 494 2505 Β.
514 2481 554 2506 2.
576 2466 666 2521 [35‚
687 2465 778 2521 22.]
812 2461 1112 2511 καταστάσεως.
1168 2465 1228 2502 Μ.
1261 2470 1301 2502 et
1326 2462 1392 2502 hic
1417 2462 1495 2502 loci
1531 2468 1571 2500 et
1597 2460 1786 2514 deinceps

337 2521 392 2560 D.
414 2534 455 2560 2.
485 2522 765 2561 tantummodo
796 2517 982 2568 στάσεως
1009 2520 1188 2571 habent,
1218 2526 1265 2557 ut
1291 2534 1331 2572 p.
1362 2519 1430 2557 23.
1460 2518 1515 2556 D.
1541 2516 1585 2554 6.

445 2588 493 2626 Β.
516 2587 554 2627 5.
578 2588 669 2642 [56,
691 2587 754 2642 2.]
797 2582 822 2639 ἦ
853 2582 995 2632 ἔνθεος
1022 2584 1228 2636 βασιλεία.
1289 2586 1395 2634 Quia
1427 2582 1570 2622 Graeci
1604 2581 1784 2634 Impera-

337 2650 443 2682 tores
471 2657 545 2695 pro
577 2644 724 2683 talibus
756 2643 896 2683 haberi
925 2641 1140 2690 volebant,
1189 2640 1258 2692 qui
1288 2641 1366 2678 Dei
1395 2646 1434 2678 et
1460 2636 1608 2676 Christi
1638 2635 1781 2676 suffra·

338 2699 403 2751 gio
419 2705 458 2737 et
472 2698 620 2737 iudicio
639 2698 773 2752 adepti
789 2704 920 2737 essent
938 2710 1122 2751 regnum,
1155 2702 1194 2733 et
1214 2697 1260 2734 ἐν
1279 2695 1364 2748 θεῷ
1383 2695 1424 2733 in
1444 2693 1624 2740 nomine,
1643 2690 1784 2730 volun-

336 2760 445 2806 tate,
476 2755 711 2794 auctoritate
739 2761 779 2792 et
795 2753 883 2793 loco
910 2752 972 2794 dei
998 2757 1211 2807 regnarent
1226 2779 1238 2803 ,
1260 2749 1353 2789 inde
1375 2763 1417 2789 se
1433 2743 1782 2801 θεοπροβλήτους,
