1832 3126
150 213 226 255 Αι)
264 212 564 256 consum.
604 212 801 255 PORPH.
828 214 899 254 DE
936 212 1117 254 CEmM.
1156 212 1257 252 Lm.
1298 213 1331 252 1.
1423 192 1500 266 95

55 315 263 358 Invectiva
300 316 472 356 secunda
499 316 540 355 in
569 316 806 364 Armenios,
836 316 869 354 si
897 317 990 356 satis
1018 322 1107 355 tuto
1134 314 1262 354 licete
1281 313 1368 354 loco
1387 321 1497 355 extra

58 372 347 412 connexionem
375 371 512 411 evulso
539 378 728 410 statuere.
784 370 1032 423 Omophoria
1050 384 1209 423 quoque
1234 383 1334 417 sua,
1367 376 1414 408 ut
1439 371 1495 408 si·-

58 441 184 479 gnum
207 425 496 479 Episcopatus,
526 424 863 478 quemadmodum
897 425 1056 463 infula
1047 426 1203 477 imperii
1231 425 1389 477 signum
1420 432 1491 472 est,

53 481 107 520 ad
150 480 359 520 lectionem
397 479 605 533 Evangelii
640 479 920 532 deponebant,
965 486 1010 517 ut
1037 494 1082 518 ex
1111 479 1264 518 Ιείὀοιο
1289 478 1492 518 Pelusiota

51 535 103 574 L.
134 535 169 574 1.
192 534 306 588 epist.
347 534 439 574 156.
465 541 641 583 constat,
671 534 930 586 ubimystice
958 533 1155 586 explicans
1176 533 1350 572 indolem
1378 548 1494 573 omo-

52 589 212 655 phorii,
240 590 436 628 rationem
452 587 608 654 allegat
626 618 638 639 ,
666 602 800 650 quare
809 589 1034 655 Episcopus
1050 588 1149 627 illud
1170 596 1265 627 tunc
1285 588 1487 640 deponat:

49 639 176 696 ἡνίκα
203 639 328 688 advoc
367 639 391 682 ὅ
419 638 634 709 α’ληθινὸς
674 638 837 705 ποιμήν
871 640 1141 710 παραγίνεται
1183 639 1252 681 διὰ
1293 643 1369 706 τῆς
1407 643 1490 682 τῶν

52 697 344 761 προσκυνητῶν
383 695 633 764 ευαγγελιὶυν
671 691 956 759 α’ναπτιῖξεως,
986 694 1235 736 α’ποτίθεται
1276 692 1320 735 τὸ
1346 698 1491 760 σχῆμα

51 752 126 818 τῆς
158 749 374 803 μιμήσεως
406 764 428 789 ο
459 748 690 817 ἐπίσκοπος,
722 747 853 790 αὐτὸν
874 755 1067 802 παρεῖναι
1095 750 1232 803 δηλῶν
1256 748 1327 790 τὸν
1344 765 1491 803 κυριον

30 803 130 845 ·τὸν
154 804 226 856 ’τῆς
251 806 524 857 ποιμαντικῆς
561 803 743 858 ἡγεμόνα
779 804 852 845 καί
884 790 998 850 θεόν.
1051 805 1168 845 Conf.
1193 806 1262 844 Du
1294 805 1426 860 Cange
1452 821 1492 847 v.

56 860 338 901 Gemellerium
364 867 405 899 et
431 860 633 900 Αῖηιιιοὶα.

160 914 361 966 Quoniam
387 915 526 968 incipit
554 922 692 954 auctor
723 922 858 954 noster
886 913 973 953 illos
1001 915 1100 953 ritus
1127 928 1346 964 enarrare,
1390 930 1490 969 quos

54 971 96 1008 in
122 968 351 1008 solennibus
374 970 692 1022 processionibus
720 970 983 1023 Imperatores
1012 970 1052 1008 in
1080 969 1346 1010 celeb1atione
1361 971 1487 1010 divini

52 1023 184 1063 cultus
212 1023 423 1063 observare
448 1023 673 1074 debebant,
704 1038 834 1089 neque
854 1039 899 1064 ea
918 1038 981 1063 res
1002 1023 1167 1078 intelligi
1184 1026 1307 1078 possit
1331 1026 1482 1079 absque

51 1078 280 1133 cognitione
306 1079 457 1118 rituum
487 1093 690 1118 sacrorum
703 1081 805 1143 ,qui
832 1078 984 1118 cultum
1012 1078 1195 1118 divinum
1214 1094 1333 1133 penes
1361 1082 1488 1120 Grae·

53 1147 121 1173 cos
130 1137 422 1173 constituunt.
466 1133 624 1174 decrevi
652 1134 716 1173 hic
744 1135 784 1173 in
818 1135 997 1186 ingressu
1023 1134 1136 1172 istius
1162 1137 1411 1174 tractationis
1438 1137 1489 1174 de

52 1189 172 1228 sacris
200 1187 320 1227 rebus
346 1187 569 1242 generalem
599 1189 799 1242 quandam
829 1189 999 1242 speciem
1030 1187 1214 1241 lituigiae
1242 1191 1418 1229 Graecae
1447 1198 1487 1229 et

51 1243 305 1283 ecclesiarum
324 1244 571 1283 Graecarum
598 1244 815 1292 subiicere,
850 1258 872 1283 e
897 1257 977 1296 qua
1005 1242 1187 1296 deinceps
1211 1244 1377 1283 dicenda
1402 1259 1486 1284 me-

51 1297 129 1337 lius
155 1305 343 1351 poterunt
366 1298 533 1361 percipi.
589 1298 814 1351 Persequar
848 1299 969 1352 igitur
999 1305 1130 1336 totum
1158 1299 1339 1338 ordinem
1370 1299 1486 1339 litur-

51 1353 138 1405 giae
163 1353 338 1392 Graecae
363 1354 473 1391 iuxta
489 1352 720 1392 relationem
748 1354 807 1392 La
827 1354 973 1392 Croixii
1003 1360 1042 1391 et
1070 1353 1259 1407 Stephani
1281 1353 1485 1406 Gerlachi‚

51 1406 120 1460 qui
159 1408 279 1446 sacris
318 1407 562 1446 Graecorum
591 1408 771 1447 interfuit
797 1423 881 1447 non
909 1407 1057 1454 semel,
1099 1415 1138 1446 et
1164 1423 1266 1473 quae
1294 1411 1487 1462 spectavit

52 1461 309 1515 audivitque,
338 1461 585 1515 diligenter
575 1477 617 1501 ιιι
644 1463 856 1502 ltinerario
883 1476 955 1501 suo
982 1464 1244 1516 consignavit.
1303 1464 1395 1503 Eait
1413 1464 1486 1502 de-

52 1517 187 1568 inceps
215 1517 265 1554 de
293 1516 456 1570 singulis
482 1517 708 1570 disputandi
737 1517 860 1560 locus.
918 1517 993 1555 Les
1021 1517 1172 1568 Egiises
1198 1517 1408 1570 κζιιίιὲνεε
1445 1533 1485 1558 se

50 1570 226 1609 dlvisent
247 1584 296 1609 en
334 1571 431 1609 trois
465 1573 639 1635 parties,
668 1571 817 1625 apele'es
854 1567 1030 1622 νάρθηξ,
1057 1572 1279 1623 vestibule,
1305 1587 1354 1611 οιι
1382 1568 1487 1624 πρό-

52 1637 165 1676 ναον,
194 1625 395 1674 avantnef,
422 1622 540 1674 ναὸς,
570 1625 608 1663 la
635 1626 717 1675 nef,
746 1635 785 1664 et
809 1626 939 1676 βῆμα,
963 1624 1000 1662 le
1027 1628 1264 1665 sanctuaire.
1293 1627 1349 1664 Le
1367 1628 1486 1665 vesti-

52 1679 140 1717 bale
154 1702 173 1709 -
187 1702 207 1709 -
236 1688 315 1718 set-t
337 1681 364 1717 ὰ
387 1678 546 1733 pre'sent
567 1682 593 1717 ὰ
622 1680 770 1718 batiser·
794 1681 846 1717 les
874 1680 1012 1729 enfans
1033 1688 1070 1717 et
1095 1694 1262 1734 eoeposer
1288 1682 1342 1720 les
1373 1695 1486 1736 corps

54 1742 175 1772 morts
198 1733 266 1772 des
292 1733 407 1772 Laics
416 1734 596 1798 pendant
618 1735 671 1773 les
699 1736 875 1789 obseques
894 1756 914 1762 -
931 1756 949 1763 -
978 1733 1109 1772 Servit
1133 1748 1292 1788 quoque
1319 1750 1485 1788 congie-

53 1789 204 1841 gationi
231 1787 432 1839 fidelium,
461 1789 531 1842 qui
557 1796 648 1828 ante
672 1788 954 1838 Patriaichae,
975 1795 1045 1826 aut
1068 1789 1309 1837 sacerdotis,
1342 1798 1383 1829 et
1403 1791 1484 1828 Im-

53 1843 280 1895 peratoris,
306 1850 378 1882 aut
399 1844 599 1908 praecipui
626 1845 667 1882 in
703 1857 862 1896 quaque
888 1843 1166 1882 communione
1190 1845 1297 1888 viri,
1335 1845 1484 1883 adven-

53 1903 163 1948 tum,
193 1904 232 1936 et
259 1905 351 1936 ante
385 1894 464 1949 rr)v
492 1894 684 1937 εἴσοδον
674 1913 716 1936 ιιι
745 1899 876 1936 Naum
903 1912 984 1936 non
1021 1898 1183 1937 intrant.
1241 1899 1303 1937 La
1324 1902 1487 1951 nessert

53 1953 80 1989 ὰ
109 1954 283 1991 recevoir
301 1953 357 1991 les
372 1953 535 2006 fidebfs,
562 1954 635 2007 qui
656 1967 674 1990 s
678 1953 915 1991 'assemblent
941 1966 1048 2006 pout·
1067 1955 1226 1991 chanter
1259 1955 1314 1991 les
1346 1955 1484 1992 [ouan-

50 2020 118 2059 ges
150 2006 202 2046 de
238 2007 328 2046 dteu
359 2016 399 2046 et
429 2022 469 2046 se
489 2009 648 2061 placent
691 2009 848 2046 suivant
883 2008 970 2045 lew·
993 2021 1099 2060 rang
1136 2021 1226 2046 sans
1266 2010 1481 2060 corffuszon.

53 2061 129 2100 Les
159 2062 350 2100 mmistoes
377 2061 428 2100 de
472 2063 490 2101 l
492 2062 617 2115 'e'glise
649 2071 687 2101 et
721 2062 776 2101 les
795 2076 1006 2129 per-sennes
1034 2061 1264 2114 discingue'es
1303 2070 1485 2117 occupent

52 2116 96 2154 la
123 2118 255 2183 partie
284 2117 327 2155 la
359 2117 452 2171 plus
489 2116 662 2158 avance'e
696 2119 836 2171 altpt-es
871 2117 925 2155 du
953 2118 1195 2164 sanctuaire,
1234 2118 1400 2171 laquelle
1428 2128 1485 2156 est

54 2169 231 2209 entem-eb
267 2171 336 2209 des
362 2172 534 2220 chaires,
570 2186 715 2210 comme
742 2172 842 2210 dans
873 2185 942 2210 nos
969 2173 1156 2219 clzoeurs,
1189 2180 1227 2209 et
1250 2186 1278 2209 n
1282 2172 1347 2210 'est
1366 2174 1481 2226 point

56 2223 214 2279 separe'e
241 2224 291 2264 de
325 2225 357 2263 l'
357 2234 466 2264 autre
502 2228 554 2266 οιι
589 2227 626 2265 le
650 2227 794 2280 peuple
822 2240 861 2264 se
885 2241 1020 2279 range.
1077 2227 1134 2264 Le
1173 2228 1389 2264 sanctuaire
1427 2236 1484 2266 est

55 2293 108 2318 au
129 2279 247 2331 jbnd
284 2279 334 2318 de
363 2281 382 2318 l
385 2279 536 2332 'egllke,
564 2280 706 2335 separe'
733 2281 782 2319 de
810 2281 853 2319 la
879 2282 957 2332 nef
973 2295 1056 2335 par
1077 2296 1129 2319 un
1154 2281 1288 2332 grand
1311 2281 1481 2320 entable-

54 2342 158 2373 ment
180 2335 314 2389 peint,
342 2348 438 2373 avec
461 2335 528 2374 des
549 2336 714 2374 tablaux
731 2336 781 2374 de
796 2335 902 2374 Iesus
915 2336 1069 2386 Christ,
1094 2335 1143 2374 de
1175 2336 1217 2373 la
1239 2334 1298 2373 V
1281 2349 1412 2388 terge
1443 2344 1483 2375 ec

53 2388 109 2427 da
136 2387 303 2428 Patron.
362 2389 427 2428 On
467 2399 572 2429 entre
609 2405 660 2429 αιι
687 2392 906 2429 sanctuazre
947 2404 1031 2444 par
1062 2390 1158 2429 trois
1182 2398 1336 2457 portes,
1371 2390 1480 2430 dena:

50 2443 188 2507 pelices
215 2453 255 2482 et
278 2458 350 2483 unc
365 2445 514 2497 grande
538 2444 708 2484 nomme‘e
727 2459 811 2499 par
834 2445 1050 2483 excellence
1069 2439 1176 2495 πύλη
1199 2441 1295 2495 αγία
1314 2458 1382 2483 και
1404 2446 1482 2496 βα-

56 2494 208 2550 σιλικὴ,
235 2497 275 2537 la
302 2506 415 2552 porte
431 2501 557 2539 sainte
578 2507 617 2538 et
642 2500 780 2538 roiale.
837 2498 987 2553 [Credo
1002 2498 1177 2561 quidem,
1213 2512 1299 2537 eam
1323 2500 1378 2538 ita
1407 2514 1477 2550 ap-

57 2550 195 2602 pellari
230 2567 336 2592 novo
374 2567 508 2604 more3
544 2554 612 2593 sed
646 2555 894 2593 Constantini
924 2554 1047 2592 nostri
1069 2560 1244 2605 tempore
1254 2561 1382 2618 porta
1409 2554 1475 2592 illa

56 2611 211 2645 tantum
240 2604 284 2645 αἱ
311 2605 425 2660 ἁγίαι
458 2607 591 2661 θύραι
616 2609 869 2657 dicebantur,
899 2615 938 2646 et
977 2604 1021 2646 αἱ
1047 2603 1263 2657 βασιλικαί
1296 2615 1380 2647 erat
1408 2609 1476 2648 illa

57 2667 196 2710 porta,
234 2676 306 2714 per
342 2677 463 2715 quam
499 2677 520 2701 e
546 2663 738 2703 Narthece
773 2665 815 2701 in
858 2663 990 2700 Naum
1017 2661 1273 2728 intrabatur]
1329 2663 1372 2701 Il
1381 2679 1418 2714 γ
1449 2678 1476 2702 a

56 2715 150 2751 trois
181 2717 307 2754 enclos
339 2718 441 2756 dans
469 2718 500 2756 l'
500 2718 682 2757 inte'tieur
712 2718 766 2756 du
794 2717 1011 2755 sanctuaire
1035 2715 1234 2755 destine‘s
1215 2731 1241 2755 a
1256 2717 1323 2755 des
1343 2732 1475 2770 usages

55 2766 97 2804 d
84 2766 260 2819 ffirens,
278 2772 379 2810 celui
401 2773 454 2811 du
488 2773 620 2811 nulieu
637 2802 649 2824 ,
692 2772 761 2826 qui
786 2781 838 2811 esc
862 2771 907 2810 d’
906 2785 978 2810 111ae
1004 2771 1107 2811 seule
1138 2773 1270 2826 pierre
1296 2773 1477 2826 marquee
