1884 3132
186 157 260 201 An
299 155 594 202 consum.
642 157 838 200 Pomm.
884 157 956 199 DE
993 155 1174 198 cmm.
1211 156 1311 199 Lm.
1352 158 1385 197 ι.
1431 138 1535 195 321

107 267 164 304 to.
217 262 396 316 Tempus
421 261 644 315 designari,
675 261 830 316 patet*
862 261 1043 313 sequenti
1077 257 1380 310 συνταξάμενος
1401 290 1415 313 ,
1437 270 1540 315 post·

106 330 226 372 quam
272 318 463 371 inspector
495 326 644 372 tempus
683 318 871 355 ambabus
896 315 1142 367 fizctz'onibm
1168 315 1367 407 placitum
1396 318 1537 356 consti-

105 373 250 411 tuisset.
317 372 396 410 Sed
422 371 556 410 locum
584 372 690 410 hunc
721 386 766 410 ex
796 373 947 424 integro
975 383 1056 407 non
1084 370 1166 407 inte
1183 369 1276 423 ligo.

216 426 264 464 C.
295 425 368 465 ult.
417 426 532 480 [3:3,
561 425 642 479 12.]
668 422 850 479 χαλάσῃ.
911 424 958 462 ld
992 431 1050 462 est
1085 422 1329 476 ἑξάλληται,
1358 425 1532 464 exsiliat.

107 479 214 519 Nam
244 481 283 519 in
309 495 454 535 gyrum
481 481 734 534 quatiebatur
754 494 854 519 urna
873 486 935 517 ter
957 481 1028 528 ita,
1059 484 1103 515 ut
1131 492 1234 517 unus
1262 477 1447 532 globulus
1471 494 1537 519 ex-

109 533 250 574 siliret.
305 537 428 575 Cuius
455 537 512 575 rei
538 536 655 574 fuisse
683 542 834 584 artem,
865 535 919 572 ita
947 540 1013 579 ut,
1057 534 1125 585 qui
1157 535 1325 586 agitaret
1355 549 1499 573 urnam
1521 564 1534 585 ‚

103 597 238 643 posset
263 589 441 639 efficere,
471 598 517 630 ut
539 589 725 644 globulus
748 591 896 642 partis,
925 590 989 627 cui
1018 588 1194 639 faveret,
1224 588 1416 639 exsiliret,
1447 604 1537 629 con—

101 651 183 683 stat
209 658 232 684 e
257 658 299 698 p.
333 659 430 684 212.
460 644 513 684 A.
542 659 576 684 1.
643 645 777 696 Quare
815 651 949 682 autem
987 649 1160 695 quatuor
1195 641 1350 695 globuli
1387 651 1426 683 et
1453 658 1536 684 nou

105 698 187 738 duo
238 699 279 738 in
321 713 465 738 urnam
502 700 783 745 iniicerentur,
829 712 955 751 quum
995 711 1075 736 non
1113 704 1267 747 essent,
1313 699 1388 737 nisi
1431 699 1535 739 duae

102 753 291 793 factiones
318 755 547 802 sortientes,
587 768 669 793 non
701 760 870 806 exputo3
902 766 1031 807 neque
1059 751 1156 804 qnid
1184 752 1260 791 sibi
1297 753 1394 793 velit
1421 754 1536 804 ἐξέρ-

101 820 252 858 χεται,
286 815 326 848 et
354 809 540 848 redeatne
566 809 617 848 ad
645 804 716 848 τὸν
742 803 983 860 θεωρητὴν,
1027 821 1078 845 an
1108 805 1159 845 ad
1187 806 1404 860 σφαιρίον.
1462 809 1535 848 Est

100 861 200 902 haec
226 877 318 916 pars
346 863 437 903 libri
465 865 619 915 nostri,
658 877 760 917 quae
788 863 838 902 de
867 862 1109 902 circensibus
1140 863 1244 915 agit,
1290 862 1396 904 inter
1430 862 1534 902 diffi-

102 916 271 957 cillimas
297 926 337 957 et
363 919 674 958 obscurissimas.

207 972 262 1011 D.
291 987 327 1012 1.
363 973 479 1028 [313,
508 972 587 1027 ι4.]
621 968 721 1019 τούς
749 967 1011 1025 ἀριστεροὺς.
1068 969 1269 1009 Videntur
1298 966 1336 1009 οἱ
1362 967 1532 1023 ἄριστε-

100 1025 170 1078 ’ροί
194 1039 277 1067 esse
304 1030 514 1082 agitatores
541 1028 710 1081 proximi
737 1041 760 1066 a
788 1027 918 1080 primo
963 1027 1177 1079 agitatore,
1215 1039 1285 1064 seu
1322 1025 1420 1078 illo,
1459 1027 1531 1081 qui

101 1080 335 1122 brevissima
366 1084 408 1122 in
441 1083 595 1132 orbita,
627 1083 677 1122 ad
703 1090 849 1121 metam
883 1083 1063 1135 proxima
1092 1082 1273 1134 agitaret.

205 1137 260 1176 D.
281 1138 320 1176 3.
352 1137 468 1193 [313‚
495 1137 582 1192 15.]
609 1133 653 1177 τὸ
690 1132 985 1188 ἅρματούριον.
1041 1136 1136 1174 Vid.
1168 1135 1235 1174 Du
1267 1135 1402 1189 Cange
1433 1135 1532 1176 CPli

102 1190 199 1230 Chr.
229 1191 285 1231 11.
314 1205 356 1245 p.
394 1192 499 1244 156.‚
528 1194 597 1246 qui
626 1192 759 1231 locum
787 1191 876 1230 ideo
905 1192 959 1230 sic
988 1190 1139 1229 dictum
1166 1197 1305 1242 putat,
1333 1189 1442 1244 quod
1470 1190 1531 1230 sa-

102 1253 254 1286 ctiones
283 1246 340 1285 ibi
367 1261 479 1286 arma
509 1262 580 1287 sua
609 1254 813 1286 servarent
840 1254 960 1299 atque
996 1246 1222 1284 induerent.
1282 1245 1342 1286 Cl.
1370 1245 1530 1284 Leichi-

97 1311 184 1351 um‚
213 1308 259 1340 ut
293 1315 369 1355 pro
398 1299 682 1355 ἅρματούριον
706 1303 949 1340 urnaton'um
977 1300 1161 1339 redderet
1176 1329 1188 1351 ‚
1218 1299 1378 1339 videtur
1418 1300 1530 1340 locus

97 1354 284 1408 Theoph.
310 1370 352 1409 p.
377 1358 472 1396 321.
499 1357 547 1396 B.
579 1357 615 1396 5.
639 1357 810 1396 movisse
826 1386 836 1402 ‚
879 1354 949 1394 ubi
978 1352 1232 1407 ὄρνατώριον
1259 1354 1340 1394 τῶν
1376 1355 1529 1407 πρασί-

97 1422 179 1448 νων
195 1417 328 1463 vocat,
357 1412 464 1463 quod
493 1411 710 1460 cedrenus,
739 1410 906 1449 eandem
933 1424 1018 1448 rem
1048 1423 1228 1459 narrans,
1256 1423 1298 1461 p.
1324 1408 1420 1460 448.
1451 1407 1529 1461 α’ρ-

95 1461 310 1514 ματώριον
337 1465 523 1518 appellat.
581 1465 660 1503 Sed
688 1466 744 1503 ibi
787 1465 862 1503 loci
893 1466 1048 1503 Goarus
1088 1479 1180 1503 cum
1208 1464 1388 1502 Cedreno
1434 1463 1529 1503 facit

97 1524 136 1556 et
163 1518 263 1557 mihi
289 1533 447 1573 quoque
475 1519 645 1558 Cedreni
672 1519 788 1557 lectio
819 1526 1019 1571 praestare
1042 1519 1216 1557 videtur.
1270 1518 1375 1556 Nam
1403 1531 1529 1555 urna-

96 1573 244 1611 torium
287 1573 364 1612 sibi
407 1573 605 1627 peculiare
639 1587 899 1626 unaquaeque
936 1574 1053 1611 factio
1098 1587 1179 1611 non
1216 1571 1391 1611 habebat
1407 1600 1419 1622 ‚
1458 1572 1528 1611 sed

98 1640 334 1667 commune:
381 1630 641 1667 armatorium
682 1642 777 1667 vero
813 1641 993 1680 quaeque
1034 1641 1151 1666 suum
1183 1625 1381 1677 habebat,
1420 1633 1465 1664 ut
1504 1640 1528 1666 e

95 1680 243 1721 Nostro
271 1690 439 1723 constat.
498 1683 614 1722 Ratio
654 1682 927 1735 appellationis
954 1683 1162 1720 armatorii
1198 1681 1299 1720 forte
1343 1695 1388 1720 ea
1422 1681 1523 1730 fuit,

95 1751 218 1789 quam
260 1751 283 1776 e
310 1739 376 1776 Du
406 1738 555 1791 Cangio
594 1739 712 1776 modo
751 1738 940 1775 indicavi.
997 1737 1137 1775 Potuit
1178 1743 1312 1774 tamen
1359 1742 1400 1774 et
1447 1735 1526 1775 alia

96 1791 243 1842 fuisse3
271 1806 412 1845 nempe
439 1793 561 1840 haec,
606 1792 804 1845 quod-ibi
833 1791 1005 1831 solerent
1030 1787 1104 1836 τὰς
1134 1784 1406 1843 ἇρματοιὶρας
1427 1818 1439 1840 ,
1483 1790 1526 1829 id

98 1853 158 1884 est
184 1847 441 1899 pyrrhichas.
472 1849 512 1886 in
542 1850 663 1887 armis
691 1846 915 1886 saltationes
957 1859 1150 1884 exercere.
1228 1845 1430 1897 Interpres
1472 1844 1524 1884 ad

96 1899 315 1940 Ptolemaei
349 1902 638 1951 Tetrabiblon‚
689 1903 773 1940 Can
804 1903 839 1940 io
879 1901 909 1940 l.
950 1915 984 1939 c.
1029 1907 1067 1938 et
1105 1899 1239 1938 Vales.
1287 1899 1339 1937 ad
1382 1899 1520 1937 Amin.

97 1955 277 1993 Marcell.
307 1971 348 2009 p.
381 1957 447 1997 58.
477 1957 528 2000 A.
556 1957 741 1996 laudatus
768 1951 1054 2008 οπλορχηστὰς
1090 1953 1262 2008 appellat
1294 1949 1393 1999 τούς
1427 1953 1528 2003 μεθ’

96 2003 233 2048 ὃπλων
257 2008 555 2062 ὀρχουμένους,
596 2009 670 2058 οὕς
708 2010 905 2050 καλοῦσιν
953 2008 1240 2060 α’ρματοῦρας.
1309 2008 1401 2046 Non
1445 2007 1522 2047 hoc

94 2071 152 2102 est
179 2078 203 2102 a
247 2067 493 2104 nominativo
537 2065 727 2120 singulari
773 2059 1049 2117 ἅρματούρα,
1092 2064 1161 2103 sed
1196 2062 1248 2101 ab
1290 2059 1521 2114 ἆρμάτωρ,

94 2118 203 2171 quod
231 2120 324 2157 item
353 2126 411 2158 est.
437 2128 556 2174 atque
590 2115 797 2172 ἁρμάτος,
844 2126 890 2157 ut
927 2116 1200 2172 πρεμφέκτωρ
1231 2131 1303 2170 pro
1334 2115 1522 2168 πρέμφε-

92 2186 211 2222 κτος,
238 2175 470 2227 praefecta-5,
502 2183 541 2214 et
567 2175 643 2214 alia
666 2174 776 2224 talia,
807 2169 1051 2225 ἅρμάτωρες
1079 2180 1119 2212 et
1148 2169 1409 2224 ἅρματοῧρες
1426 2170 1520 2209 inde

94 2227 191 2266 dicti
238 2236 331 2266 sunt
367 2231 540 2278 armati,
586 2230 791 2269 saltatores
830 2229 868 2267 in
907 2229 1043 2266 armis.
1121 2227 1225 2265 Hinc
1268 2221 1519 2277 ἅρματώρια

93 2295 252 2337 quoque
280 2290 373 2322 sunt
397 2284 591 2336 appellata
618 2291 752 2332 scuta,
784 2285 824 2322 in
854 2282 998 2336 quibus
1024 2289 1241 2320 armatores
1268 2293 1358 2318 suas
1386 2293 1518 2317 arma-

92 2343 202 2376 turas
222 2366 234 2386 ‚
268 2338 306 2375 id
328 2346 384 2376 est
401 2338 649 2391 pyrrhichas,
671 2338 926 2392 peragebant.
967 2335 1129 2376 Glossae
1157 2342 1334 2374 veteres:
1359 2332 1518 2383 πέλται,

91 2389 220 2440 μικρὰ
256 2387 386 2443 ὅπλα,
413 2391 564 2444 ἔχοντα
595 2391 788 2444 κύμβαλα
820 2387 1133 2445 προσπεπηγότα
1152 2420 1163 2438 ,
1193 2385 1298 2441 ἅπερ
1328 2386 1517 2438 λέγουσιν

94 2441 134 2497 οἱ
153 2444 349 2497 Ῥωμαῖοι
378 2442 642 2500 α’ρματώρια.
697 2449 867 2487 Formae
895 2445 994 2485 tales
1022 2445 1062 2483 in
1099 2441 1243 2495 οὔριον
1285 2441 1457 2481 deflexae
1491 2456 1516 2481 a

97 2497 235 2539 Latina
264 2502 540 2541 terminatione
567 2503 692 2541 orium
724 2502 946 2554 frequentes
985 2506 1099 2538 erant
1134 2498 1203 2537 illa
1235 2504 1363 2536 aetate
1394 2496 1515 2535 etiam

95 2555 199 2604 apud
237 2556 413 2596 Latinos.
483 2557 547 2595 Sic
593 2556 699 2609 apud
737 2557 804 2594 Du
843 2556 975 2608 Gange
1011 2554 1052 2592 in
1087 2552 1154 2592 Gl.
1189 2553 1278 2591 Lat.
1318 2551 1511 2604 legimus:

95 2612 411 2660 appar-aturium,
443 2612 658 2650 aratur-ium
671 2640 683 2661 ‚
711 2611 943 2664 empturium
956 2639 968 2660 ,
1009 2607 1118 2647 locus
1133 2636 1145 2657 ,
1180 2606 1254 2645 ubi
1290 2607 1435 2645 emitur
1474 2612 1515 2644 et

97 2663 295 2709 venditur,
311 2665 493 2718 fitutia,
522 2666 635 2704 limes
662 2679 756 2718 agro
784 2666 934 2717 positus
951 2670 990 2702 et
1019 2662 1175 2712 infixus,
1206 2662 1412 2714 inferna-ia
1438 2674 1513 2712 pro

92 2716 357 2768 irfinor1'1cm3
401 2733 448 2759 ου
478 2721 619 2759 Graeci
647 2734 760 2773 saepe
778 2719 928 2758 faciunt
949 2732 994 2757 ex
1016 2718 1160 2757 Latino
1184 2730 1222 2757 o.
1278 2716 1340 2755 Ita
1365 2715 1516 2754 habent

141 2791 401 2830 Constantinus
426 2796 598 2842 Porphyr.
631 2797 708 2832 Vol.
734 2796 780 2830 11.
1207 2803 1246 2827 2!
