1884 3132
247 151 323 197 An
366 151 665 196 consum.
706 151 904 194 ponpa.
945 151 1016 192 DE
1063 150 1246 193 cmm.
1288 152 1389 192 Lm.
1431 153 1464 192 1.
1495 131 1611 199 46ι

503 256 672 308 wis·
705 254 844 324 &som
878 259 984 311 bke,
1006 250 1070 300 οε
1102 256 1201 304 ωε
1236 256 1291 301 ns

530 323 706 399 ἐμφύς
749 322 958 389 04:³22*ae
990 314 1099 380 κλε-ἒὶ
1131 323 1224 388 (Ae

281 399 455 456 Quando
480 409 663 454 exspecto
681 429 692 446 ‚
733 408 775 437 uc
811 400 906 437 illae
935 397 1091 452 [cameli
1133 398 1262 450 meae]
1292 404 1482 438 momento
1510 409 1616 438 rum-

328 464 482 509 pantur
513 455 793 507 defatigatione
812 484 823 501 ,
873 463 963 492 tunc·
1001 454 1166 491 illarum
1189 468 1396 506 generosae
1409 484 1419 500 ,
1451 455 1613 507 longae,

332 524 412 548 ηοιι
438 510 610 549 obstante
630 510 780 548 itineris
803 509 955 557 taedio,
988 509 1127 547 insano
1137 509 1333 560 sel-zmtur
1358 510 1516 564 impetu,
1546 525 1618 549 ve-

334 565 394 604 lut
423 566 466 604 in
494 565 624 604 stadio
661 564 955 603 contendentes:

165 630 240 669 ubi
285 628 524 669 scholiastes
566 619 702 679 didm—⁵²55
737 620 914 694 &elffii
949 631 1102 669 Verum
1145 635 1184 669 et
1224 644 1302 669 vox
1346 630 1415 669 illa
1458 633 1615 685 poetica

165 693 229 724 est
266 691 308 724 et
345 684 398 723 ab
426 699 499 724 usu
542 685 700 738 vulgari
739 692 891 723 remota
911 714 922 734 ,
947 692 986 723 ct
1025 693 1287 740 syrmatosam
1317 684 1437 725 fuisse
1465 695 1615 727 vestem

163 741 481 793 scaramangium
503 769 515 790 ,
544 754 627 779 non
656 747 826 779 constat.
892 741 1039 779 Incidit
1067 755 1161 794 ergo
1191 741 1430 794 scrupulus,
1461 750 1614 782 essetne

164 794 244 834 hoc
289 795 531 834 vocabulum
570 810 616 834 ex
660 795 954 848 antiquioribus
988 795 1105 835 valde
1139 796 1393 849 frequentato
1435 797 1611 838 Arabico

163 850 316 902 pariter
344 849 542 890 vocabulo
569 851 774 890 saraballa
788 881 799 897 .,
827 864 902 904 pro
928 866 1009 904 quo
1038 853 1157 890 etiam
1183 852 1376 890 sarabara
1404 851 1608 893 dicebant.

162 905 205 943 B
230 911 271 948 et
300 918 370 956 m,
416 906 510 944 item
537 921 564 945 n
604 913 643 944 et
671 907 690 944 l
739 908 982 960 permutari,
1019 913 1160 945 notum
1197 914 1269 946 est.
1326 907 1416 946 Hoc
1453 910 1610 960 posito,

159 974 428 1007 saramanna‚
460 964 760 1000 saramannium
788 961 908 1000 fuerit
936 962 1049 1000 initio
1077 962 1230 1001 dictum
1267 976 1342 1015 pro
1369 963 1572 1002 saraballa
1595 994 1607 1009 ‚

157 1013 308 1055 deinde
332 1018 665 1069 scammangimn,
705 1031 831 1070 quum
860 1017 1001 1055 Graeci
1040 1024 1079 1055 et
1108 1018 1239 1056 Latini
1280 1018 1483 1069 geminum
1506 1033 1534 1057 n
1565 1026 1611 1058 ut

156 1083 216 1123 ng
239 1069 305 1109 vel
346 1085 400 1122 gn
428 1072 468 1110 in
513 1085 609 1111 voce
642 1072 863 1124 Bretagne,
906 1087 1057 1125 gagner
1093 1086 1130 1111 e.
1170 1087 1232 1121 c.‚
1282 1075 1606 1126 pronuntiarent.

156 1125 241 1164 Sed
266 1132 308 1164 et
332 1124 428 1164 huic
455 1127 632 1180 opinioni
661 1135 820 1180 practer
850 1126 928 1166 alia
957 1128 998 1165 id
1026 1127 1227 1177 obstaret,
1271 1129 1380 1182 quod
1410 1129 1608 1169 saraballa

158 1179 281 1219 suerit
308 1180 502 1234 amplum,
530 1189 661 1221 totum
679 1182 886 1222 hominem
913 1182 1143 1230 involvens,
1176 1190 1214 1222 et
1245 1183 1405 1236 cingulo
1435 1186 1476 1222 in
1497 1182 1606 1223 lum-

159 1233 224 1276 bis
269 1235 463 1290 adstringi
502 1237 691 1287 solitum,
732 1237 841 1291 quod
882 1252 927 1276 ex
964 1237 1034 1276 illo
1076 1237 1255 1277 Chalifae
1300 1239 1468 1278 alicuius
1496 1240 1606 1294 apud

156 1289 403 1330 Abulfedam
449 1291 556 1331 dicto
597 1299 732 1345 patet,
780 1292 1014 1332 affirmantis
1044 1307 1137 1346 erga
1165 1293 1365 1333 Cadbium
1394 1295 1607 1334 mirantem

158 1355 364 1395 adstantes
390 1358 562 1411 principi
592 1359 788 1411 speciosos
816 1360 980 1397 iuvenes
1008 1358 1255 1411 spatharios,
1284 1351 1363 1396 „lo-3
1395 1351 1537 1398 wau>
1571 1354 1606 1394 la

155 1413 263 1456 Q>l
306 1418 378 1468 ᾦα
419 1417 568 1476 &nisu
633 1438 749 1477 super·
785 1426 975 1462 neminem
1004 1438 1137 1462 comm
1171 1439 1210 1462 se
1235 1439 1404 1479 unquam
1422 1427 1605 1465 sar-ahal-

151 1477 240 1515 ‘lam
266 1491 376 1515 suam
397 1478 578 1525 solvisse,
610 1477 652 1516 id
680 1485 738 1517 est
766 1492 972 1531 nunquam
990 1492 1130 1516 eorum
1155 1479 1386 1531 pudicitiam
1417 1481 1603 1533 improbe

157 1538 345 1571 tentasse.
372 1531 498 1585 Atqui
518 1532 595 1571 hoc
614 1533 655 1571 in
674 1536 921 1585 superiorem
933 1540 1110 1571 nostram
1127 1534 1386 1586 searamangii
1402 1534 1604 1588 descripti-

158 1600 278 1626 onem
303 1600 384 1625 nou
409 1589 606 1640 congruit.
635 1587 731 1626 Fuit
752 1602 914 1641 quoque
933 1602 1057 1641 quum
1075 1590 1183 1627 vocis
1202 1585 1476 1639 σαγομάντιον
1496 1593 1604 1643 (quo-

155 1642 278 1682 modo
310 1641 564 1696 chlamydem
583 1673 595 1694 ,
626 1649 726 1681 teste
753 1642 1033 1696 Etymologico
1066 1644 1144 1691 M„
1177 1644 1425 1695 sequioribus
1445 1651 1603 1698 tempo-

156 1696 271 1736 ribus
310 1697 605 1750 appellabant,)
634 1698 710 1736 sub
739 1712 836 1736 voce
864 1705 1000 1736 nostra
1028 1697 1151 1736 latere
1180 1698 1445 1751 corruptelam
1473 1703 1602 1755 suspi-

155 1766 284 1792 carer.
335 1753 520 1792 Tandem
561 1755 604 1791 in
632 1766 680 1791 eo
707 1752 900 1791 hactenus
930 1755 1138 1805 acquiesco
1155 1782 1164 1799 ,
1195 1760 1242 1791 ut
1269 1753 1428 1792 credam
1460 1769 1602 1796 vocem

154 1806 260 1846 hanc
287 1808 523 1858 Gothicam,
553 1809 595 1847 id
623 1815 682 1846 est
700 1808 935 1846 Saxonicam
964 1815 1034 1846 aut
1059 1808 1356 1858 Germanicam,
1387 1823 1484 1848 esse.
1515 1812 1600 1850 Go-

153 1860 248 1901 thos
274 1862 395 1901 fuiSse
420 1864 573 1902 vicinos
617 1862 770 1902 accolas
798 1862 1018 1910 Thraciae,
1051 1877 1096 1901 ex
1130 1864 1293 1915 antiqua
1320 1863 1488 1903 historia
1517 1867 1600 1905 Va-

154 1915 273 1955 lentis
301 1918 400 1970 Imp.
431 1925 470 1956 et
497 1933 543 1956 ex
572 1932 619 1957 eo
647 1925 827 1965 constat,
866 1919 974 1971 quod
1007 1917 1138 1956 adhuc
1166 1918 1285 1956 hodie
1319 1919 1426 1971 apud
1450 1920 1599 1960 incolas

155 1971 391 2011 Chersonesi
421 1973 643 2012 Cimbricae
670 1987 892 2012 sermonem
922 1975 964 2011 in
996 1986 1072 2011 usu
1101 1987 1182 2011 esse
1232 1975 1345 2012 aiunt
1384 1981 1454 2012 aut
1480 1990 1599 2028 pror-

154 2039 220 2064 sus
246 2026 463 2066 Gothicum
491 2029 725 2081 antiquum,
767 2036 836 2066 aut
866 2029 949 2081 eius
978 2035 1085 2066 certe
1112 2027 1315 2082 reliquias.
1371 2029 1598 2082 Specimina

151 2081 332 2133 profecto
360 2082 467 2121 illius
494 2085 685 2122 sermonis
701 2113 711 2132 ,
741 2097 843 2136 quae
869 2083 1089 2121 Busbekius
1116 2083 1298 2136 Epistola
1326 2083 1399 2122 IV.
1430 2099 1473 2136 p.
1497 2085 1592 2137 244.

152 2135 288 2185 dedit,
337 2136 539 2176 luculenta
585 2139 762 2192 produnt
799 2140 967 2191 vestigia
1006 2138 1248 2177 Germanici.
1321 2138 1474 2178 Gothos
1501 2141 1595 2180 olim

152 2192 258 2230 cirea
285 2191 574 2245 Borysthenem
602 2193 825 2240 habitasse,
857 2193 1090 2232 florentibus
1118 2193 1235 2232 rebus
1264 2194 1425 2232 Graecis
1453 2201 1492 2234 et
1513 2196 1595 2235 Ro-

150 2247 280 2286 manis
298 2277 309 2296 ‚
337 2246 499 2297 deinde,
541 2248 838 2300 indulgentibus
884 2248 1196 2302 Imperatoribus
1226 2248 1489 2288 Constantino
1530 2252 1590 2290 Μ.

149 2300 274 2353 paulo
321 2303 613 2355 antiquioribus
652 2310 691 2341 et.
718 2302 957 2353 iunioribus,
994 2305 1158 2355 propius
1190 2303 1242 2341 ad
1276 2303 1415 2342 orbem
1443 2305 1592 2344 Roma-

148 2368 250 2394 num
276 2358 441 2396 traiecto
480 2357 667 2396 Danubio
714 2358 972 2408 concessisse,
1011 2358 1191 2410 loquitur
1218 2366 1333 2397 vetus
1360 2358 1526 2398 historia
1552 2368 1592 2399 et

149 2410 344 2450 saxonica
386 2411 521 2465 lingua
568 2413 607 2450 in
635 2412 931 2451 Transsilvania
967 2420 1180 2464 superstes.
1258 2412 1436 2453 Credunt
1466 2414 1590 2467 vulgo

150 2465 341 2505 carolum
370 2468 429 2504 Μ.
467 2466 663 2506 coloniam
703 2467 902 2505 Saxonum
942 2468 983 2505 in
1013 2468 1179 2505 Daciam
1207 2467 1427 2508 deduxisse.
1484 2470 1589 2510 Mihi

147 2532 245 2558 vero
270 2522 315 2560 id
343 2520 520 2561 fabulam
550 2521 718 2561 redolet.
775 2522 958 2574 Denique
987 2522 1108 2560 Gothi
1136 2521 1251 2561 multi
1277 2530 1392 2562 erant
1419 2525 1462 2562 in
1489 2525 1589 2564 mili·

148 2573 206 2612 tia
230 2575 407 2628 palatina
429 2607 439 2623 ‚
484 2577 614 2615 saltim
654 2575 813 2615 saeculo
841 2578 980 2630 quinto
1009 2583 1048 2615 et
1076 2585 1211 2626 sext03
1243 2592 1266 2616 a
1296 2578 1445 2631 quibus
1465 2593 1587 2620 voca-

148 2626 290 2668 bulum
318 2633 634 2685 scaramagnium
680 2646 771 2670 cum
812 2645 855 2670 re
882 2639 922 2670 et
947 2633 1169 2670 immissum
1198 2634 1239 2670 in
1269 2633 1408 2673 orbem
1435 2635 1586 2674 Roma-

138 2694 246 2738 ,num
275 2692 314 2723 et
343 2687 395 2725 ad
435 2695 612 2739 posteros
640 2688 918 2725 transmissum
947 2686 1066 2725 fuisse
1095 2687 1223 2726 videri
1251 2696 1370 2740 queat
1393 2719 1405 2738 ‚
1429 2696 1480 2728 ut
1507 2690 1586 2729 fuit

149 2737 388 2779 vocabulum
417 2743 648 2781 Clzosbaicae
674 2756 709 2780 e.
742 2756 779 2780 c.
837 2742 878 2780 Si
908 2742 1028 2794 igitur
1054 2756 1078 2780 a
1099 2742 1241 2781 Gothis
1268 2743 1334 2783 vel
1358 2745 1583 2784 saxonibus
