1884 3132
299 129 407 216 252
568 147 642 192 ιο.
684 146 791 192 1Ac.
829 147 1027 190 amsxn
1074 147 1457 192 communen

295 253 536 307 Theophan.
567 266 659 306 pag.
691 250 787 303 244.
819 259 858 291 et
887 252 983 292 253.
1037 252 1102 290 De
1129 252 1403 292 Coronatione
1426 252 1643 307 Stephani,
1674 251 1746 292 filii

295 310 485 360 Romam,
519 309 667 361 Georg-
690 309 805 346 Mon.
836 322 876 360 p.
900 306 995 348 581.
1055 308 1275 347 Coronatio
1303 309 1477 348 Romani
1502 323 1527 348 a
1550 309 1750 348 Constan-

297 365 385 403 tino
414 365 519 404 facta
545 378 619 417 per
647 362 861 402 Nicolaum
891 362 1161 416 patriarcham
1190 363 1232 403 d.
1260 378 1323 418 17.
1354 377 1412 403 m.
1441 363 1636 404 Decemh.
1666 364 1749 402 Ge-

295 434 385 474 org.
415 421 532 460 Mon.
571 433 666 472 pag.
697 417 793 473 574.
852 419 914 458 De
948 419 1139 457 unctione
1178 426 1218 458 et
1253 420 1515 459 coronatione
1541 433 1682 473 regum
1708 426 1751 460 et

295 474 459 528 quando
487 482 576 514 orta
605 476 647 513 in
679 475 851 527 imperio
880 476 1063 514 Romano
1090 481 1129 513 et
1158 475 1313 514 Graeco
1348 474 1435 515 vid.
1466 474 1630 515 selden.
1661 475 1703 514 T
1698 477 1750 515 it-

294 530 354 569 les
384 532 441 583 of
462 531 635 570 Honow·
658 544 701 583 p.
736 531 832 585 239.
864 537 904 570 et
931 528 1148 569 Alemann.
1171 530 1323 569 Pariet.
1348 531 1539 570 Lateran.
1566 545 1610 583 p.
1637 529 1751 584 29.]*

296 585 453 625 Locum
493 587 762 626 Cantacuzeni
802 585 922 625 valde
959 585 1205 624 celebratum
1250 586 1283 624 1.
1312 584 1380 637 40.
1413 586 1466 625 de
1492 587 1753 627 coronatione

296 640 430 695 Impp.
461 642 720 681 CPtanorum
750 649 934 694 agentem
961 641 1115 694 primus
1143 643 1311 680 seorsim
1338 655 1361 680 e
1387 643 1495 681 Msto
1522 641 1648 680 edidit
1664 642 1754 681 Ha-

293 696 433 736 bertus
462 699 504 737 in
531 696 758 738 Pontificali
787 712 830 750 p.
847 697 943 736 610.
965 711 1052 750 sqq.
1108 696 1243 736 Habet
1267 711 1430 750 quoque
1444 697 1568 736 Goar.
1600 697 1642 736 in
1670 697 1752 737 fine

295 754 360 791 sui
387 753 612 805 euchologii
644 751 909 792 ceremoniale
937 753 1228 791 coronationis.
1286 752 1400 791 Idem
1428 752 1480 791 ad
1509 767 1546 792 c.
1575 767 1638 805 ¹7·
1669 753 1751 792 Co-

295 808 382 847 dini
410 810 505 848 satis
533 809 748 862 diligenter
775 808 853 848 hoc
882 815 1164 862 argumentum
1200 809 1405 861 exposuit,
1451 815 1491 847 et
1527 809 1635 848 inter
1671 807 1751 848 alia

296 877 341 902 n.
374 863 442 916 24.
473 871 652 905 recenset
680 864 946 917 Imperatores
974 879 998 903 a
1039 862 1287 903 patriarchis
1315 871 1552 912 coronatos,
1592 870 1632 902 et
1671 864 1751 904 alia

297 926 394 959 nota
421 919 599 973 disputat
627 920 679 959 de
712 919 802 958 loco
839 920 1125 958 coronationis.
1185 918 1493 958 coronabantur
1517 919 1752 973 frequenter

297 977 453 1029 magnis
483 976 624 1015 diebus
652 975 784 1024 festis,
826 982 871 1014 ut
898 975 1109 1014 Paschatis
1151 982 1191 1013 et
1230 975 1487 1014 Pentecostes
1502 1004 1514 1026 ‚
1555 974 1680 1014 modo
1706 976 1751 1014 in

297 1030 341 1069 S.
364 1030 531 1084 Sophia,
556 1031 677 1069 modo
690 1031 731 1069 in
746 1030 788 1069 S.
814 1030 1018 1083 Stephano
1039 1031 1234 1083 Daphnes
1249 1059 1261 1080 ‚
1290 1029 1478 1083 Theoph.
1501 1029 1662 1083 p.,250.
1681 1031 1751 1084 C.,

297 1087 421 1126 modo
439 1088 481 1125 in
502 1086 775 1139 Augusteone,
797 1086 983 1139 Theoph.
998 1101 1040 1138 p.
1055 1086 1151 1125 252.
1165 1084 1220 1125 A.
1241 1100 1276 1125 1.
1299 1093 1339 1124 et
1357 1085 1453 1125 555.
1470 1085 1524 1124 A.
1541 1086 1599 1134 5.,
1629 1087 1753 1126 modo

297 1142 340 1180 in
352 1141 527 1181 triclinio
539 1143 651 1181 XIX.
664 1142 956 1192 accubitorum,
973 1141 1162 1195 Theoph.
1176 1155 1217 1194 p.
1243 1140 1496 1181 535.D.ult.
1518 1147 1558 1180 et
1573 1139 1668 1193 374.
1690 1141 1746 1181 A.

298 1197 342 1236 5.
360 1195 457 1249 418.
489 1197 536 1236 C.
567 1213 608 1252 7.
630 1227 641 1245 ‚
668 1197 791 1236 modo
819 1199 861 1236 in
902 1198 1048 1247 Circo,
1090 1197 1198 1236 idem
1225 1211 1267 1249 p.
1299 1197 1395 1250 579.
1452 1195 1754 1248 Apocombium

297 1265 371 1292 seu
414 1253 663 1305 congiarium
704 1259 800 1292 tunc
828 1252 1080 1306 patriarchae
1108 1251 1160 1291 ab
1205 1252 1450 1304 Imperatore
1486 1251 1626 1293 datum
1662 1267 1755 1292 cer-

297 1314 388 1347 tum
425 1307 584 1347 nullum
626 1309 715 1348 fuit.
774 1307 950 1348 michael
988 1306 1208 1361 Rhaugabe
1245 1306 1368 1346 dabat
1395 1307 1462 1350 50.
1492 1305 1618 1347 libra's
1645 1308 1752 1359 auri,

301 1362 570 1417 Theophanes
590 1362 744 1418 p.418.
760 1363 808 1404 C.
832 1379 890 1419 7.,
920 1371 960 1403 et
987 1365 1029 1403 in
1057 1362 1127 1401 filii
1156 1363 1416 1402 coronatione
1442 1361 1566 1402 dabat
1590 1370 1752 1402 centum

299 1417 424 1458 libras
452 1421 555 1466 auri,
585 1434 627 1472 p.
647 1417 743 1474 419.
765 1420 814 1458 C.
873 1418 1138 1473 Accipiebant
1169 1425 1239 1457 aut
1265 1417 1522 1469 assumebant
1547 1418 1754 1458 interdum

298 1475 342 1514 in
370 1476 630 1514 coronatione
656 1489 764 1514 nova
788 1476 969 1514 nomina.
1027 1473 1125 1513 Vid.
1159 1473 1324 1513 contin.
1351 1472 1594 1528 Theophan.
1622 1488 1664 1527 p.
1681 1474 1749 1515 26.

301 1529 358 1569 A.
396 1530 491 1569 fine.
546 1531 612 1569 Dc
650 1530 739 1569 aliis
774 1530 1045 1571 coronationis
1081 1528 1227 1569 ritibus
1263 1529 1342 1569 erit
1376 1529 1520 1584 agendi
1557 1527 1672 1569 locus
1698 1529 1752 1570 ad

299 1585 432 1640 Caput
458 1585 580 1626 huius
606 1585 701 1625 libri
730 1586 842 1626 XCI.
1397 1586 1401 1589 ’

387 1640 543 1693 1140.
566 1655 600 1681 1.
634 1639 748 1695 [194,
770 1640 831 1696 7.]
861 1636 941 1682 εἴτε
968 1643 1092 1680 ποιεῖ.
1151 1640 1213 1679 Μ.
1243 1631 1336 1678 εἶτα
1362 1640 1487 1679 musa

412 1697 518 1736 C.2.
537 1695 653 1751 [194,
673 1687 734 1750 8.]
765 1692 899 1749 εὐχὴν
929 1694 953 1736 ὅ
995 1690 1263 1751 πατριάρχης
1297 1690 1535 1735 ἐπιδίδωσι.
1586 1695 1650 1735 Μ.
1680 1693 1754 1734 sv’-

300 1750 385 1806 χῆν
410 1749 655 1791 ἐπιδίδωσιν
688 1749 712 1790 o‘
734 1747 1017 1805 πατριάρχης.
1593 1755 1610 1763 ”

413 1806 646 1862 C.7.[194‚
677 1806 762 1861 10.]
791 1808 983 1858 βασιλέα.
1013 1808 1074 1846 Μ.
1103 1806 1319 1858 βασιλέοιν.
1344 1806 1460 1845 More
1487 1806 1755 1845 novaeGrae-

302 1865 404 1915 ciac,
433 1878 515 1917 quo
544 1877 590 1903 ex
617 1864 844 1902 accusativo
869 1870 953 1903 tam
981 1862 1171 1915 singulari
1189 1876 1312 1915 quam
1339 1860 1486 1916 plurali
1513 1862 1655 1901 tertiae
1682 1861 1754 1900 de-

302 1919 528 1959 clinationis
555 1920 851 1958 nominativum
879 1920 923 1958 in
952 1931 1003 1964 ας
1031 1925 1071 1956 et
1098 1932 1126 1956 a
1154 1917 1332 1967 faciunt,
1385 1924 1425 1956 et
1453 1931 1499 1956 ex
1527 1916 1606 1956 hoc
1633 1930 1756 1956 aceu-

302 1977 478 2015 sativum
506 1989 624 2015 suum
652 1988 805 2014 novum
834 1974 876 2013 in
909 1988 962 2013 αν
990 1972 1323 2022 terminandum3
1353 1979 1399 2011 ut
1426 1987 1451 2011 a
1475 1967 1683 2023 βασιλεῦς
1710 1972 1757 2011 fit

302 2031 507 2071 ordinarie
536 2030 787 2070 accusativus
813 2029 983 2084 pluralis
1010 2026 1238 2079 βασιλέας,
1277 2027 1388 2067 hunc
1415 2028 1550 2081 ipsum
1577 2041 1651 2081 pro
1678 2032 1754 2066 no-

302 2087 499 2126 minativo
525 2086 718 2140 singulari
746 2092 953 2124 assumunt
979 2084 1075 2123 novi
1104 2083 1278 2134 Graeci,
1311 2083 1419 2122 unde
1446 2097 1566 2122 suum
1592 2094 1757 2121 accusa-

303 2142 435 2181 tivum
463 2141 664 2193 βασιλέοιν
683 2141 876 2180 formant.
935 2141 984 2179 In
1014 2139 1241 2177 soe-mininis
1258 2140 1348 2192 pari
1368 2138 1491 2178 modo
1511 2137 1750 2192 procedunt.

307 2193 500 2249 Θυγάτηρ
543 2197 638 2236 facIt
691 2197 893 2235 ordinarie
939 2196 982 2234 in
1027 2194 1255 2232 accusativo
1298 2193 1491 2247 singulari
1527 2191 1756 2244 θυγατέρα.

310 2251 430 2291 Hunc
459 2253 588 2305 ipsum
613 2254 884 2292 accusativum
912 2249 1154 2304 singularem
1181 2264 1256 2302 pro
1282 2250 1533 2289 nominativo
1562 2247 1756 2287 adhibent

309 2310 405 2347 novi
447 2309 616 2359 Graeci,
657 2315 697 2347 et
739 2321 786 2347 ex
825 2321 873 2347 eo
913 2306 1100 2357 deinceps
1128 2304 1303 2344 soi-mant
1334 2319 1453 2344 suum
1480 2304 1754 2351 accusativum

114 2357 170 2394 Ed
191 2358 229 2393 1⁴·
245 2361 290 2396 8⁰
311 2363 568 2415 θυγατέραν.
621 2363 823 2417 Exemplis
839 2376 925 2402 rem
943 2360 1236 2400 declarabimus
1254 2368 1294 2400 et
1311 2360 1523 2414 probatam
1549 2357 1750 2397 dabimus.

310 2418 450 2469 Ipsum
478 2427 661 2459 nostrum
687 2416 888 2470 βασιλὲαν
924 2416 1047 2456 habet
1087 2415 1268 2455 Malaxus
1304 2416 1412 2468 apud
1448 2415 1517 2453 Du
1545 2413 1680 2466 Gange
1708 2427 1750 2451 v.

311 2470 631 2526 Συντυγχὰνειν.
687 2474 799 2513 Idem
835 2472 1015 2512 Malaxus
1055 2471 1162 2524 apud
1191 2472 1278 2510 DC.
1309 2471 1443 2510 Gloss.
1473 2471 1548 2508 Gr.
1576 2482 1619 2521 p.
1653 2481 1751 2522 927.

310 2525 434 2566 habet
461 2523 617 2581 ἄνδρας
643 2544 717 2582 pro
747 2525 870 2582 (ἰνὴρ.
925 2527 1048 2580 Apud
1077 2527 1269 2566 Nostrum
1297 2525 1402 2564 infra
1427 2540 1470 2578 p.
1508 2538 1599 2577 192.
1628 2523 1675 2562 Β.
1707 2537 1751 2577 9.

310 2582 564 2623 membranae
592 2599 674 2623 non
700 2587 839 2637 χεῖρα,
870 2584 981 2636 quod
1002 2582 1160 2622 Editori
1189 2582 1380 2630 debetur,
1407 2579 1476 2619 sed
1500 2581 1652 2631 χεῖραν
1678 2578 1755 2618 ha-

311 2636 422 2676 bent.
480 2638 749 2691 Theophanes
792 2655 836 2692 p.
873 2638 963 2692 167.
993 2640 1039 2677 Β.
1070 2651 1163 2688 pen.
1195 2635 1348 2676 νύκταν
1375 2649 1451 2688 pro
1480 2632 1623 2674 νύκτα.
1671 2634 1755 2673 Po-

311 2691 477 2746 lyaenus
493 2722 505 2743 ‚
544 2695 641 2732 novi
669 2694 856 2733 Graeculi
882 2708 1008 2746 opus,
1035 2690 1108 2733 τὸν
1147 2692 1289 2743 θῆραν
1316 2704 1390 2744 pro
1418 2687 1535 2741 θῆρα
1553 2718 1565 2738 ,
1595 2703 1754 2743 aprum,

312 2762 353 2801 p.
391 2762 454 2803 17.
484 2748 549 2789 ed.
578 2750 767 2790 Maasvici
786 2780 796 2798 ‚
838 2749 910 2789 ubi
931 2749 1014 2790 vid.
1046 2747 1275 2788 casaubon.
1334 2745 1456 2784 Anna
1485 2744 1690 2785 Comnena
1715 2745 1757 2784 in
