1884 3132
181 145 256 189 An
294 146 589 190 CONSTANT.
627 149 823 191 ponpa.
863 150 935 191 DE
973 149 1156 198 cmm.
1196 150 1294 190 Lm.
1334 152 1387 190 11.
1427 150 1489 206 71
1510 151 1529 186 1

103 251 314 291 faciebant.
372 251 611 306 Anonymus
627 253 845 293 Patavinus
868 253 974 306 apud
989 254 1138 292 Murat.
1159 253 1210 292 Τ.
1231 254 1287 292 II.
1318 252 1419 292 Ant.
1442 253 1535 293 Ital.

99 319 143 360 p.
167 306 259 346 316.
289 313 442 358 narrat,
478 309 641 347 iuvenes
675 307 829 346 nobiles
869 310 1025 348 statutis
1062 307 1169 347 festis
1208 307 1347 350 diebus
1375 322 1533 362 rogasse

100 362 210 400 viros
248 362 398 414 patriae
437 363 667 414 primarios,
710 369 756 400 ut
795 362 870 401 sibi
900 364 1174 415 permitterent
1208 377 1352 402 uxores
1393 377 1533 402 eorum

99 417 293 456 conviviis
320 418 511 469 excipere.
567 418 763 455 Concesso
778 446 791 467 ,
820 417 1016 456 celebrata
1050 417 1170 456 fuisse
1199 417 1407 470 splendida
1434 431 1531 456 con-

98 472 220 509 vivia.
274 471 332 510 Et
355 485 473 525 quum
497 471 788 526 prandiderunt
822 472 888 510 vel
919 481 1179 510 coenaverunt
1194 501 1205 523 ,
1243 473 1354 511 ibant
1381 474 1531 512 chorei-

97 535 226 564 zacum
250 540 336 564 cum
360 526 502 564 eisdem
536 526 775 574 domicellis,
823 535 891 564 αιιε
923 526 1135 564 hastiludia
1165 528 1409 566 exercebant.

207 580 256 618 D.
282 580 433 633 penult.
462 579 572 634 [605‚
594 580 656 633 6.]
688 575 924 632 τρικόγχου.
952 581 1223 620 Triconchum
1263 588 1302 620 et
1328 582 1462 635 Sigma
1490 589 1531 622 et

98 633 240 674 Phiala
267 635 372 674 idem
400 642 506 674 sunt.
558 635 690 688 Sigma
719 642 803 673 erat
830 635 1052 675 aedificium
1083 651 1106 674 a
1140 643 1252 688 tergo
1285 636 1528 687 rotundum,

96 696 143 728 ut
181 690 314 742 Sigma
359 703 555 730 novorum
594 692 868 740 Graecorum,
909 698 979 729 aut
1018 690 1049 728 C
1093 691 1352 741 Latinorum,
1405 693 1531 730 instar

97 743 250 782 mediae
277 744 407 783 lunae.
462 744 540 783 Sed
563 745 614 783 ab
650 746 780 783 antica
813 745 1043 784 distinctum
1080 753 1166 784 erat
1194 746 1269 784 hoc
1303 746 1528 786 aedificium

97 800 140 836 in
174 805 254 838 tres
292 799 462 838 conchas
497 813 566 838 seu
607 801 783 852 porticus
826 800 867 838 in
894 814 1050 839 summo
1078 801 1300 853 apsidatas,
1330 815 1352 840 e
1380 801 1528 853 quibus

94 860 322 906 prospectus
350 854 510 906 patebat
543 854 594 892 ad
622 856 846 907 oppositam
874 854 1058 894 Phialam
1084 869 1154 894 seu
1190 855 1323 894 lacum
1361 870 1530 895 marmo-

95 921 237 958 reum,
274 909 380 947 circa
415 923 534 962 quem
570 909 758 948 factiones
785 916 824 948 et
850 910 920 961 qui
953 909 1020 948 alii
1048 910 1265 960 saltarent,
1290 909 1407 949 orbes
1437 925 1529 950 sua-

94 975 186 1001 rum
213 963 531 1015 pyrrhichiarum
559 964 822 1014 evolvebant3
854 964 936 1003 vid.
959 966 1085 1004 Leon.
1103 966 1285 1004 Gramm.
1307 980 1346 1017 p.
1367 964 1460 1016 455.
1478 966 1526 1005 C.

204 1017 294 1060 350.
321 1018 368 1057 C.
404 1018 445 1058 5.
478 1018 586 1072 [606‚
622 1018 707 1072 12.]
747 1014 990 1059 Αὕστόνων.
1061 1020 1121 1058 Ita
1158 1019 1412 1058 membranae
1453 1035 1529 1073 pro

85 1067 306 1111 Αὕσόνων.
363 1072 604 1126 Plerumque
644 1075 739 1113 novi
769 1073 910 1112 Graeci
939 1081 1031 1113 ante
1059 1074 1260 1113 saeculum
1291 1075 1364 1113 Xl.
1407 1075 1527 1116 Italos

93 1125 172 1164 hoc
202 1127 364 1166 nomine
394 1128 629 1182 designant,
655 1129 706 1168 ab
734 1129 906 1181 antiquis
935 1129 1166 1169 Ausonibus
1183 1160 1193 1177 ‚
1228 1131 1331 1167 Latii
1360 1129 1527 1181 incolis,

93 1181 367 1220 Romanorum
386 1197 531 1222 nomen
551 1184 627 1222 sibi
641 1184 844 1237 proprium
861 1191 1076 1223 servantes.
1105 1184 1298 1238 Agathias
1318 1198 1358 1237 p.
1378 1183 1444 1235 43.
1463 1184 1526 1225 ι8.

94 1235 344 1275 Constantia.
369 1237 622 1291 Porphyrog.
650 1239 700 1278 de
727 1238 892 1278 themat.
921 1253 958 1291 p.
982 1252 1049 1292 29.
1069 1238 1123 1278 A.
1154 1237 1332 1292 Ignatius
1359 1241 1401 1276 in
1430 1240 1527 1282 Vita

93 1289 138 1328 S.
154 1291 370 1343 Nicephori
395 1293 500 1345 apud
523 1293 589 1331 Du
603 1293 736 1346 Cange
757 1293 808 1331 ad
825 1294 1012 1332 Cinnam.
1029 1308 1070 1346 p.
1082 1292 1177 1347 492.
1196 1308 1234 1332 c.
1250 1293 1318 1331 fin.
1333 1294 1409 1345 Ipsi
1423 1308 1527 1345 quo-

92 1358 171 1396 que
181 1345 314 1384 Latini
334 1350 533 1399 sequiores
542 1347 762 1386 Ausoniam
780 1361 853 1399 pro
869 1347 981 1386 Italia
1005 1356 1174 1400 ponunt.
1191 1348 1419 1386 Chronicon
1436 1349 1528 1386 Cas-

94 1399 241 1445 sinens.
254 1400 326 1443 IV.
353 1414 441 1454 97.:
497 1403 627 1454 ingens
647 1404 791 1441 interea
805 1416 940 1456 pavor
958 1411 996 1440 et
1017 1403 1173 1442 ebitudo
1201 1403 1338 1442 mentis
1365 1403 1530 1456 corripit

92 1453 333 1505 Ausoniam,
361 1464 399 1494 et
423 1456 522 1511 quid
544 1456 715 1496 dicerent
743 1457 809 1495 vel
822 1458 1033 1508 facerent,
1055 1471 1150 1495 unas
1181 1457 1231 1495 ab
1248 1457 1328 1495 alio
1354 1458 1526 1511 inquire-

94 1508 174 1549 bat.
230 1509 288 1548 Ne
315 1511 490 1563 exempla
519 1513 727 1564 poetarum
763 1518 802 1549 et
828 1513 1099 1563 prosaicorum
1126 1512 1388 1550 vetustiorum
1415 1525 1526 1550 com-

93 1576 330 1614 memorem,
359 1579 461 1618 quae
488 1567 530 1604 iu
558 1566 670 1605 libris
696 1572 849 1605 natant.
909 1567 1098 1604 Attamen
1126 1566 1295 1605 Basilius
1318 1566 1525 1618 patricius,

91 1619 206 1657 cuius
231 1619 496 1659 Naumachica
514 1621 722 1660 Fabricius
750 1620 939 1659 Biblioth.
960 1621 1032 1659 Gr.
1055 1621 1106 1659 T.
1125 1621 1242 1659 VIII.
1261 1634 1303 1672 p.
1330 1620 1419 1659 136.
1437 1635 1526 1674 sqq.

91 1672 242 1724 edidit,
270 1674 444 1714 Ausones
468 1689 542 1727 pro
568 1676 728 1714 Graecis
756 1675 868 1724 dixit,
898 1675 998 1714 forte
1034 1682 1178 1728 putans
1206 1675 1381 1713 Thraces
1410 1689 1524 1725 suos,

91 1734 138 1777 ut
159 1729 431 1768 Romanorum
447 1744 591 1771 nomen
617 1731 691 1770 sibi
708 1738 990 1783 arrogaverant
1008 1760 1020 1780 ‚
1049 1731 1103 1769 ita
1130 1729 1342 1768 Ausonum
1364 1744 1525 1783 quoque

91 1795 239 1821 nomen
276 1786 433 1823 mereri.
501 1784 726 1825 Av’oom‘wv
765 1782 915 1838 σοφίης
952 1783 1240 1835 δεδιδαγμένος
1268 1780 1394 1834 ἔξοχα
1423 1780 1525 1835 ἔργα

91 1838 149 1883 ait
181 1838 295 1876 initio
335 1839 590 1879 dedicationis
605 1869 618 1889 ,
661 1849 727 1887 tu,
765 1854 881 1894 quum
910 1840 1139 1879 excellentia
1169 1839 1347 1878 Graecae
1366 1841 1523 1893 sapien-

91 1892 167 1930 tiae
203 1905 326 1945 opera
364 1895 495 1933 doctus
524 1896 645 1934 noris.
712 1895 766 1933 Et
797 1908 848 1933 ne
877 1895 966 1947 quis
993 1894 1160 1942 dubitet,
1192 1895 1394 1943 Graecos,
1438 1907 1521 1934 non

91 1944 270 1998 Latinos,
289 1947 685 2003 designari‚appellat
699 1963 806 2001 eum,
823 1950 887 1990 cui
898 1949 1044 1987 librum
1058 1963 1173 1987 suum
1198 1949 1378 1987 inscribit
1402 1949 1519 1988 v.5.:

250 2010 472 2053 Αὖσονίων
498 2015 691 2068 στρατιῆς
719 2014 1035 2067 πανυπέρτατον
1063 2007 1209 2067 ἄρχον.

253 2080 442 2117 eoeemims
476 2080 622 2118 Graeci
649 2095 841 2119 summum
871 2081 1157 2134 imperatorem.

91 2141 302 2187 Dedicavit
328 2151 460 2183 autem
486 2145 635 2184 librum
664 2160 781 2184 suum
809 2145 953 2184 Basilio
982 2146 1230 2198 Imperatori,
1260 2147 1292 2183 si
1322 2143 1521 2183 credimus

90 2197 225 2235 versui
241 2197 477 2249 penultimo,
506 2200 666 2252 qualem
685 2201 929 2244 Muratorius
945 2200 1142 2243 dissertat.
1166 2200 1322 2242 XXVI.
1346 2199 1518 2251 Antiqu.

91 2250 218 2290 Italic.
238 2266 280 2304 p.
302 2251 394 2302 540.
413 2253 617 2293 exhibuit:

252 2311 370 2355 ἔνθεν
397 2313 464 2369 δή,
503 2318 701 2358 Βασίλειε
718 2349 730 2369 ,
766 2319 889 2359 πέδον
917 2316 1086 2372 Κρήτης
1118 2315 1343 2365 ἀλαπάξεις

253 2381 325 2421 καί
347 2379 486 2435 γενεήν
513 2380 670 2429 ὄλέσεις
691 2384 993 2437 Καρχηδονίων
1019 2380 1289 2435 μεγαθύμων.

91 2446 416 2501 Carthaginenses
436 2447 608 2501 appellat
629 2448 843 2488 Saracenos
864 2449 1000 2499 Afros,
1020 2463 1067 2487 eo
1090 2448 1196 2500 quod
1215 2461 1236 2486 e
1257 2447 1373 2485 Creta
1392 2448 1517 2486 Grae-

91 2515 157 2542 cos
194 2502 484 2543 incursionibus
526 2502 767 2554 affligebant.
837 2504 938 2553 Quis
977 2510 1108 2542 autem
1146 2501 1312 2541 Basilius
1354 2500 1420 2539 ille
1449 2503 1513 2548 sit,

91 2556 309 2603 Macedone
340 2572 390 2602 an
416 2557 746 2611 BulgaroctonuS,
771 2571 850 2596 non
877 2558 1015 2610 liquet.
1075 2557 1191 2595 Illum
1211 2556 1395 2608 quidem,
1427 2557 1515 2594 Ma-

93 2609 281 2649 cedonem
298 2642 309 2659 ‚
348 2613 535 2651 adversus
576 2612 791 2650 Saracenos
818 2613 859 2649 in
888 2610 1165 2662 Longobardia
1194 2609 1298 2649 bella
1327 2611 1513 2663 gessisse,

94 2665 246 2708 sociatis
256 2680 346 2704 cum
365 2667 567 2706 Ludovico
578 2666 702 2705 Balbo
721 2665 884 2715 viribus,
895 2672 1062 2715 constat3
1076 2664 1310 2703 vid.Annal.
1324 2665 1509 2718 Symeon.

92 2717 333 2772 Logothetae
361 2721 512 2779 p.458.
570 2722 632 2761 De
658 2720 801 2761 Basilio
830 2720 1120 2774 Bulgaroctono
1149 2733 1232 2762 non,
1257 2726 1438 2771 constat,
1478 2719 1514 2758 ei
