1884 3132
307 139 424 209 546
593 155 670 200 10.
708 156 816 200 mc,
865 156 1061 200 musxu
1099 152 1477 203 connmN'rAmi

306 274 407 314 quas
445 259 711 300 dissertationi
746 273 842 300 suae
871 259 923 300 de
960 261 1273 303 numismatibus
1313 264 1402 302 aevi
1427 261 1557 302 infimi
1583 276 1751 319 praepo-

304 318 400 356 suit.
424 316 583 356 Verum
612 317 645 356 si
673 328 879 369 compares
906 315 1007 355 illud
1039 324 1226 371 ectypum
1247 347 1259 366 ,
1289 317 1474 357 editionis
1499 325 1606 359 certe
1619 319 1754 359 Fran-

305 371 546 411 cofurtensis
566 401 578 423 ,
608 385 690 425 qua
716 378 835 421 utor,
864 385 957 410 cum
988 371 1161 412 editione
1178 373 1334 411 Veneta
1349 373 1587 413 Rhamnusii
1615 388 1640 413 a
1657 375 1754 414 Gaf-

307 425 448 466 sarello
475 433 616 475 curata
637 455 650 479 ,
697 426 976 480 deprehendas
992 455 1003 474 ,
1044 426 1156 466 illam
1198 428 1444 481 Cangianam
1471 429 1514 467 in
1540 427 1677 468 multis
1702 429 1756 469 ab

305 480 385 520 hac
413 482 524 521 abire
558 489 599 521 et
642 480 757 520 nulla
786 495 879 520 cum
919 495 1017 520 cura
1042 483 1242 522 redditam
1270 483 1403 524 fuisse.
1458 483 1505 522 ln
1542 482 1755 538 chlamyde

306 536 488 591 profecto
534 537 716 576 Caesaris
751 536 910 575 nullum
947 538 1160 591 vestigium
1201 552 1327 591 paene
1373 537 1599 591 aquilarum
1628 540 1756 580 estin

304 591 483 631 editione
511 592 715 646 Gangiana
736 620 747 638 ,
780 605 883 645 quae
909 598 1046 631 tamen
1074 592 1300 633 luculenter
1338 594 1380 632 in
1408 592 1545 632 oculos
1573 607 1616 633 se
1643 594 1756 648 inge-

303 654 401 686 runt
437 649 531 686 satis
567 660 805 686 numerosae
849 647 890 685 in
933 646 1108 687 editione
1146 649 1303 688 Veneta
1329 648 1583 688 Rhamnusii.
1635 648 1756 689 Tales

303 709 432 742 vestes
458 702 658 757 aquilatas
678 701 950 755 appellabant.
979 702 1130 742 Charta
1145 703 1391 743 Cornutiana
1410 703 1517 757 apud
1533 704 1600 742 Du
1619 702 1755 757 Gange

302 771 345 797 v.
377 757 451 796 Ma
470 771 559 796 ors:
617 757 831 810 Iqufortem
871 759 1160 798 tramosericum
1178 789 1188 807 ,
1231 758 1518 798 rodomelinum
1533 787 1545 809 ‚
1595 759 1752 814 aquila-

303 821 403 852 tum.
460 812 722 851 Anastasius:
752 812 934 851 habentes
947 813 1167 861 historiam,
1182 813 1224 853 id
1251 821 1308 853 est
1338 813 1564 867 imaginem,
1596 814 1756 869 aquila-

305 881 395 907 rum
411 897 423 918 ,
455 867 594 906 Leone
623 867 696 910 IV.
723 881 763 921 p.
788 866 896 914 180„
927 867 998 906 ubi
1025 875 1221 908 memorat
1247 877 1390 908 vestem
1420 869 1471 907 de
1485 868 1666 920 fimdato
1682 869 1756 907 ha-

306 922 457 962 bentem
492 923 698 962 historiam
741 922 983 976 aquilarum.
1035 923 1079 962 Si
1107 923 1296 963 fundatae
1323 930 1451 963 vestes
1477 930 1570 962 sunt
1595 923 1755 963 circulis

313 983 354 1016 et
397 977 499 1017 areis
547 977 733 1016 rotundis
777 976 958 1027 obsitae,
996 977 1239 1018 simillimam
1269 979 1490 1032 designavit
1519 977 1756 1017 Anastasius

305 1032 366 1071 illi
386 1061 399 1084 ,
434 1046 559 1086 quam
576 1033 724 1071 Caesar
741 1028 1067 1072 Rhamnusianus
1087 1033 1207 1072 modo
1227 1040 1470 1072 memoratus
1487 1034 1601 1086 gerit.
1622 1032 1757 1072 Chro-

304 1087 427 1126 nicon
458 1088 692 1127 Cassinense
718 1093 916 1125 memorat
938 1088 1121 1142 planetas
1133 1103 1353 1144 purpureas
1379 1102 1467 1127 cum
1480 1089 1593 1140 stiso
1612 1096 1651 1126 et
1673 1102 1758 1126 cum

306 1143 445 1197 aquila
478 1142 530 1181 de
563 1143 804 1195 margariti&
863 1142 1097 1182 Intexebant
1125 1144 1245 1197 igitur
1272 1150 1312 1183 et
1346 1142 1557 1182 insuebant
1600 1143 1752 1195 pariter

307 1197 460 1250 aquilas
491 1197 696 1248 vestibus,
744 1195 821 1237 filis
859 1197 994 1236 sericis
1016 1227 1028 1248 ,
1071 1200 1203 1238 aureis
1245 1206 1285 1237 et
1315 1198 1540 1252 margaritis
1577 1211 1751 1251 quoque.

304 1252 394 1291 Non
422 1252 542 1291 aliam
558 1282 571 1304 ‚
600 1265 724 1305 quam
752 1251 803 1290 de
844 1252 989 1305 aquilis
1019 1253 1268 1292 historiatam
1309 1253 1368 1304 (u't
1402 1266 1502 1292 aevo
1529 1252 1662 1291 medio
1691 1252 1754 1292 lo-

306 1306 559 1359 quebantur)
596 1308 776 1345 tunicam
819 1314 916 1360 puto
948 1307 1060 1346 illam
1086 1307 1210 1347 fuisse
1227 1337 1238 1356 ,
1268 1321 1391 1361 quam
1418 1308 1562 1347 Noster
1589 1321 1631 1360 p.
1654 1307 1751 1362 359.

305 1361 362 1399 D.
393 1376 427 1400 1.
449 1368 646 1401 memorat
664 1361 727 1400 his
746 1362 904 1402 verbis:
937 1359 1286 1415 περιβαλλόμενος
1304 1360 1376 1403 τὸν
1413 1358 1537 1402 ἀετὸν
1571 1358 1616 1401 τὸ
1645 1363 1752 1413 χλα-

306 1414 455 1456 νίδιον.
516 1416 672 1468 Quodsi
710 1423 846 1456 tamen
895 1413 940 1457 τὸ
975 1416 1192 1468 χλανίδιον
1234 1432 1316 1457 non
1353 1431 1426 1471 per
1457 1417 1749 1471 appositionem

307 1477 347 1509 et
371 1467 615 1525 ἐπεξὴγησιν
636 1501 649 1523 ,
677 1471 748 1510 sed
774 1487 846 1525 per
873 1486 914 1512 se
942 1472 1094 1511 dictum
1122 1472 1266 1524 fuerit,
1305 1479 1496 1527 notetque
1520 1479 1673 1512 vestem
1698 1471 1754 1511 ab

307 1528 398 1565 ae'to
425 1526 651 1577 diversam,
694 1528 817 1580 (quod
847 1527 947 1567 mihi
976 1527 1139 1581 quidem
1170 1542 1282 1568 secus
1298 1529 1458 1567 videtur
1475 1527 1508 1582 ‚)
1541 1533 1671 1581 potest
1688 1533 1753 1566 ta-

307 1594 402 1619 men
436 1589 474 1620 et
501 1580 603 1620 illud
633 1580 790 1621 admitti
818 1590 938 1636 atque
965 1583 1151 1636 explicari
1180 1583 1231 1623 de
1261 1590 1371 1623 veste
1403 1585 1492 1622 aeto
1507 1613 1520 1634 ‚
1549 1594 1653 1636 quae
1679 1595 1750 1621 ex·-

310 1637 458 1674 timum
485 1636 747 1675 humerorum
775 1633 1019 1688 ἐπιβόλαιον
1040 1668 1050 1686 ,
1085 1653 1234 1693 vagans
1276 1645 1315 1678 et
1350 1637 1506 1677 undans
1540 1638 1583 1676 in
1618 1637 1754 1690 auris,

307 1690 513 1730 volantem
543 1691 657 1731 velut
680 1693 860 1745 expansis
891 1692 964 1732 alis
993 1693 1170 1746 aquilam
1198 1693 1395 1733 referebat
1451 1700 1492 1732 et
1540 1697 1612 1731 aut
1637 1705 1755 1744 pror-

308 1760 375 1785 sus
419 1747 527 1785 idem
564 1754 651 1786 erat
692 1762 783 1786 cum
827 1747 1062 1802 chlamyde,
1103 1756 1174 1787 aut
1217 1748 1329 1788 nulla
1368 1755 1475 1787 certe
1502 1748 1546 1786 in
1573 1745 1651 1786 alia
1678 1760 1724 1785 re
1738 1776 1751 1796 ,

308 1815 431 1854 quam
457 1801 731 1855 magnitudine
757 1802 981 1842 differebat.
1040 1804 1305 1856 Perfrequens
1342 1803 1462 1842 huius
1500 1803 1580 1841 aeti
1621 1800 1752 1854 figura

307 1858 543 1909 praesertim
570 1858 612 1895 in
639 1858 820 1896 virorum
848 1858 1082 1896 militarium
1118 1857 1358 1911 imaginibus
1385 1864 1444 1897 est
1503 1864 1544 1896 et
1592 1859 1753 1908 eipres-

309 1913 362 1950 sis
387 1911 521 1951 verbis
548 1926 572 1950 a
600 1911 763 1951 Contin.
795 1913 1033 1965 Theophan.
1053 1912 1307 1951 constantin.
1325 1912 1497 1951 militare
1523 1911 1600 1951 hoc
1626 1911 1751 1951 vesti-

307 1973 492 2005 mentum
529 1966 766 2020 appellatur.
820 1967 909 2019 Ego
945 1967 1107 2020 quidem
1144 1967 1303 2020 ambigo
1320 1997 1331 2018 ‚
1376 1966 1562 2021 aquilane
1588 1967 1640 2005 sit
1655 1995 1666 2014 ,
1697 1980 1751 2005 an

309 2019 507 2074 chlamys,
537 2035 588 2059 an
616 2028 836 2073 utrumque
857 2050 867 2069 ,
902 2022 979 2070 (res
1006 2035 1151 2075 nempe
1177 2022 1317 2061 eadem
1337 2021 1505 2062 diversis
1523 2020 1751 2060 nominibus

310 2082 450 2114 notata
463 2076 489 2127 ,)
520 2075 562 2114 id
588 2075 698 2128 quod
725 2075 843 2115 video
871 2075 1178 2115 Constantinum
1187 2078 1247 2116 M.
1266 2077 1412 2130 partim
1440 2079 1481 2116 in
1509 2083 1670 2130 pectore
1695 2075 1750 2114 si-

308 2131 462 2180 nistro,
491 2132 638 2183 partim
665 2137 756 2183 post
782 2137 940 2183 tergum
970 2131 1011 2170 in
1040 2133 1147 2171 auris
1173 2131 1332 2171 undans
1351 2132 1501 2171 habere
1518 2130 1624 2184 apud
1642 2131 1749 2169 Ban-

310 2184 474 2223 durium
501 2185 551 2225 T.
589 2185 641 2224 II.
668 2185 767 2224 Ant.
796 2186 900 2238 Imp.
939 2186 1016 2225 Or.
1057 2201 1099 2240 p.
1121 2186 1217 2226 633.
1244 2187 1286 2226 in
1315 2186 1384 2226 illa
1411 2187 1584 2239 imagine
1604 2214 1616 2236 ,
1644 2198 1750 2238 quae

309 2241 538 2279 vincentem
575 2240 886 2279 Constantinum
923 2242 983 2280 M.
1020 2248 1059 2280 et
1088 2243 1172 2282 eius
1209 2241 1323 2281 hasta
1351 2242 1557 2281 cadentem
1584 2240 1748 2278 Maxen-

308 2295 413 2333 tium
442 2294 549 2348 apud
575 2302 738 2348 pontem
764 2293 951 2335 Milvium
979 2297 1097 2336 sistit.
1128 2297 1379 2350 Conspicitur
1407 2297 1463 2336 ibi
1490 2297 1618 2336 victor
1644 2307 1751 2347 equo

309 2349 504 2400 insidens,
533 2363 626 2402 sago
643 2350 807 2388 indutus
840 2357 879 2390 et
903 2365 1022 2405 super
1049 2351 1119 2391 illo
1146 2352 1319 2392 volitans
1345 2352 1494 2404 aquila,
1523 2350 1563 2388 in
1591 2362 1747 2387 summo

311 2403 451 2443 dextro
488 2404 657 2443 humero
696 2404 843 2444 fibulae
879 2405 1035 2445 adserta
1071 2420 1147 2460 ope
1192 2407 1302 2457 lori,
1332 2406 1441 2460 quod
1467 2405 1518 2446 ad
1545 2402 1749 2456 cingulum

311 2457 395 2497 fere
421 2459 632 2512 dependet.
692 2458 836 2499 Plures
866 2462 1047 2500 aetorum
1076 2468 1146 2500 aut
1165 2461 1421 2515 chlamydum
1442 2459 1633 2511 imagines
1649 2471 1750 2497 con-

311 2513 534 2563 spiciuntur
569 2515 612 2552 in
652 2514 788 2566 figuris
827 2529 942 2555 arcus
979 2516 1249 2556 Theodosiani
1287 2516 1340 2555 ab
1378 2514 1516 2555 eodem
1544 2511 1751 2551 Bandurio

311 2565 351 2603 in
384 2568 524 2607 eodem
551 2567 757 2608 volumine
783 2571 954 2622 positis;
993 2571 1078 2611 vid.
1122 2585 1166 2624 p.
1189 2571 1283 2611 561.
1319 2584 1362 2608 n.
1393 2570 1462 2609 30.
1493 2574 1533 2608 et
1560 2568 1748 2607 omnibus

309 2633 435 2670 paene
463 2622 574 2661 istius
602 2637 717 2662 arcus
742 2623 889 2664 tabulis
918 2627 1066 2665 aeneis.
1121 2627 1170 2664 In
1196 2624 1412 2678 Menologii
1430 2622 1616 2663 Basiliani
1645 2623 1747 2661 ima-

311 2674 469 2725 ginibus
508 2676 625 2730 longe
674 2678 989 2731 frequentissime
1026 2680 1201 2719 occurrit
1237 2679 1481 2731 spiculator,
1524 2683 1748 2731 martyrum

310 2729 484 2771 carnifex
504 2759 516 2782 ‚
552 2731 628 2770 hac
659 2745 726 2771 seu
756 2733 889 2786 aquila
920 2748 990 2774 seu
1017 2733 1228 2789 chlamyde
1256 2733 1447 2788 indutus,
1483 2739 1529 2773 ut
1554 2746 1592 2773 e.
1626 2746 1664 2772 c.
1691 2731 1747 2772 T.
