1826 3126
247 175 316 208 22
522 174 596 214 10.
641 173 745 214 lAC.
787 173 983 212 REISKII
1023 170 1401 214 COMMENTARII

246 273 403 333 φορῖαν
428 273 686 326 τεταγμένων
715 268 1073 326 κορυφαιότατοι),
1108 275 1368 313 eunuchonun
1394 274 1454 314 ad
1476 276 1717 315 comitatum

247 335 396 387 regium
423 332 696 385 deputatorum
717 330 943 384 principem
959 337 979 382 ‚'
1002 336 1042 367 et
1069 329 1157 368 aliis
1186 325 1208 367 ὅ
1240 327 1544 381 α’ρχιευνοῦχος
1560 332 1618 370 ita
1645 331 1702 370 di-

246 397 383 438 catur3
427 386 512 425 vid.
545 384 693 423 Malala
721 385 774 424 T.
807 385 862 423 ΙΙ.
893 399 936 438 p.
969 385 1037 424 31.
1067 391 1107 423 et
1135 385 1192 423 ibi
1221 383 1477 434 Chilmead.;
1507 385 1700 425 credibile

248 452 332 494 est,
363 456 445 481 non
474 441 595 478 fuisse
611 470 622 486 .,
652 441 728 478 nisi
757 454 900 479 unum.
958 440 1036 479 Sed
1063 455 1190 493 quum
1218 453 1409 493 persaepe
1435 438 1552 479 multi
1571 448 1702 480 essent

249 500 518 552 Imperatores
555 495 731 548 collegae
746 525 758 545 ,
805 495 1009 534 interdum
1042 502 1122 535 tres
1157 495 1223 534 vel
1257 502 1431 547 quatuor
1450 525 1462 545 ‚
1508 495 1590 534 sere
1607 510 1704 535 sem-

248 570 323 609 per
340 553 422 592 duo
438 583 449 603 ‚
480 550 672 590 credibile
690 558 747 589 est
763 581 775 599 ,
805 565 1134 604 unumquemque
1160 551 1361 604 peculiare
1390 551 1467 590 sibi
1496 550 1703 591 cubicula-

248 612 403 650 riorum
422 621 491 646 seu
509 606 734 659 spadonum
753 606 937 645 habuisse
954 606 1192 660 obsequium
1207 636 1219 656 ‚
1248 613 1318 645 aut
1336 605 1529 645 familiam
1544 622 1556 656 ς
1586 614 1625 646 et
1641 613 1703 646 tot

248 665 368 704 fuisse
385 663 632 717 praepositos
652 691 663 712 ‚
693 669 794 715 quot
811 661 985 700 familiae
1001 662 1240 715 spadonum.
1299 662 1513 701 Praeterea
1529 662 1705 702 babebat

248 721 436 774 Augusta
464 732 626 771 quoque
654 732 772 756 suum
800 718 1072 770 praepositum
1087 747 1098 767 ‚
1129 725 1169 756 et
1197 717 1331 771 plures
1359 719 1394 757 si
1413 723 1542 756 essent
1560 716 1705 771 Augu-

249 783 334 815 stae
348 805 359 825 ,
393 781 439 813 ut
454 787 571 826 saepe
590 780 703 812 erant
718 803 729 823 ‚
758 780 819 812 tot
835 780 948 812 erant
965 787 1107 812 earum
1125 774 1341 826 praepositi
1372 779 1412 812 et
1429 771 1603 811 familiae
1621 773 1704 812 Cu-

249 830 539 870 biculariorum
555 859 566 879 ,
597 836 695 882 quot
713 829 836 881 ipsae.
895 829 1080 867 Tandem
1098 829 1273 867 habebat
1290 842 1451 882 quoque
1469 827 1707 868 Patriarcha

251 900 369 925 suum
400 885 699 939 praepositum:
743 885 811 923 sed
843 898 925 922 non
953 898 1124 938 semper.
1186 885 1305 923 Certe
1328 890 1524 922 memorat
1555 883 1606 922 de
1635 882 1708 923 illo

252 949 387 980 noster
403 947 543 979 auctor
562 970 573 990 ,
603 947 648 979 ut
666 940 716 978 de
743 954 786 978 re
803 939 1007 990 obsoleta3
1039 947 1078 979 et
1094 939 1175 978 huc
1202 939 1375 992 denique
1404 953 1489 978 non
1516 939 1706 992 pertinet.

254 997 363 1041 Hinc
388 995 650 1048 intelligatur,
681 1008 804 1048 quare
823 996 872 1033 L.
894 996 950 1033 ΙΙ.
971 1009 1008 1034 c.
1031 1009 1072 1034 2.
1093 1010 1136 1048 p.
1161 995 1256 1044 504.
1275 996 1323 1034 Β.
1345 995 1387 1035 5.
1445 991 1468 1032 ὅ
1496 989 1710 1046 ‹inpotenti-

252 1065 367 1099 σιτος
401 1053 632 1090 nominetur
648 1080 659 1100 ‚
709 1065 779 1089 seu
808 1053 1181 1105 protopraepositnS.
1239 1051 1302 1089 De
1334 1049 1465 1089 officio
1491 1050 1710 1104 praepositi
1767 1070 1771 1072 >

252 1122 381 1161 pauca
399 1107 569 1145 strictim
599 1120 707 1144 nunc
726 1106 881 1144 dicam:
913 1105 1031 1159 plura
1061 1108 1167 1144 enim
1193 1105 1268 1144 hac
1296 1106 1346 1144 de
1377 1120 1422 1144 re
1448 1106 1491 1144 in
1522 1119 1710 1159 processu

253 1164 386 1215 operis
413 1169 641 1201 occurrent.
699 1162 800 1200 Erat
818 1176 840 1199 a
859 1175 972 1200 sacro
991 1162 1250 1214 Imperatoris
1278 1175 1446 1214 corpore
1463 1161 1573 1200 domi
1591 1160 1710 1200 foris-

253 1233 333 1271 que
348 1247 358 1267 ,
389 1219 432 1256 in
449 1217 628 1256 Ecclesia
644 1246 655 1266 ‚
685 1218 727 1255 in
745 1217 896 1255 Senatu
912 1247 922 1267 ‚
953 1218 995 1255 in
1024 1216 1209 1256 cubiculo
1225 1246 1236 1266 ‚
1266 1217 1418 1270 ubique
1435 1245 1446 1266 ,
1476 1217 1681 1269 proximus
1696 1246 1708 1267 ‚

251 1273 485 1312 immediate
502 1287 595 1311 cum
613 1273 794 1325 principe
812 1272 1051 1325 loquebatur
1066 1302 1077 1323 ,
1108 1272 1306 1311 referebat
1336 1271 1388 1310 ad
1415 1272 1546 1324 ipsum
1579 1271 1630 1310 de
1645 1285 1710 1311 re-

251 1329 329 1367 bus
359 1329 661 1366 occurrentibus
678 1358 689 1378 ,
729 1328 948 1381 accipiebat
976 1328 1026 1366 ab
1068 1329 1155 1380 ipso
1191 1327 1381 1366 mandata
1401 1356 1412 1377 ,
1452 1341 1556 1380 quae
1587 1341 1712 1380 porro

253 1383 342 1423 aliis
360 1383 593 1436 proceribus
613 1413 624 1434 ‚
655 1383 706 1422 ad
724 1397 824 1435 quos
842 1378 1030 1437 quodque
1047 1385 1266 1436 pertineret
1283 1412 1294 1433 ,
1324 1383 1595 1435 impertiebat.
1633 1382 1712 1422 Hic

256 1453 292 1478 e.
313 1453 350 1478 c.
371 1439 553 1478 videmus
571 1439 843 1491 praepositum
861 1438 990 1492 pridie
1007 1440 1143 1492 magni
1172 1438 1261 1477 festi
1278 1438 1330 1477 de
1358 1439 1534 1478 instante
1550 1437 1713 1491 religio—

255 1509 309 1533 ne
330 1494 540 1533 dominum
566 1494 819 1532 admonuisse
835 1523 846 1543 ‚
877 1501 916 1533 et
945 1494 996 1533 ab
1022 1509 1070 1533 eo
1101 1494 1339 1532 mandatum
1369 1494 1567 1547 accepisse
1581 1523 1593 1544 ,
1623 1492 1729 1533 cra->

256 1551 403 1588 stinam
430 1549 725 1602 processionem
760 1549 980 1589 indicendi.
1038 1549 1320 1588 comitabatur
1354 1549 1644 1602 Imperatorem
1669 1549 1715 1589 in

259 1604 465 1644 ecclesiam
480 1634 492 1655 ‚
519 1604 572 1642 ad
588 1605 720 1657 ipsum
746 1619 874 1658 usque
903 1605 1229 1644 sacrificatorium
1246 1635 1257 1656 ,
1286 1604 1518 1658 porrigebat
1543 1605 1621 1658 ipsi
1647 1617 1714 1644 ce-

258 1675 347 1699 reos
363 1690 374 1709 ‚
404 1661 476 1698 ubi
508 1674 609 1712 opus
637 1667 722 1699 erat
742 1690 752 1710 ,
784 1667 823 1699 et
853 1660 905 1699 ab
939 1662 1026 1714 ipso
1054 1661 1232 1700 vicissim
1261 1659 1439 1700 redditos
1466 1659 1712 1713 recipiebat,

259 1715 515 1755 ministrabat
532 1716 608 1768 ipsi
626 1716 863 1768 apocombia
879 1746 890 1766 ‚
921 1731 990 1755 seu
1019 1715 1242 1755 oblationes
1257 1745 1268 1767 ,
1299 1730 1398 1768 quas
1430 1716 1654 1768 Imperator
1671 1716 1715 1754 in

261 1772 417 1823 magnis
434 1771 542 1810 festis
561 1770 713 1810 solebat
730 1773 773 1809 in
792 1771 910 1810 altari
928 1771 1153 1824 deponere3
1183 1771 1377 1813 induebat
1395 1777 1435 1809 et
1451 1771 1619 1809 exuebat
1636 1771 1717 1824 ipsi

261 1825 431 1864 insulam
447 1855 458 1876 ,
488 1840 562 1879 pro
580 1841 624 1866 re
643 1828 822 1880 exigente
836 1856 846 1876 ‚
878 1826 999 1866 dabat
1029 1827 1080 1865 ad
1098 1834 1243 1865 nutum
1269 1826 1527 1878 Imperatoris
1556 1827 1717 1879 signum

263 1882 562 1921 Ceremoniario
578 1912 589 1933 ‚
619 1882 780 1936 quando
800 1882 867 1920 ille
884 1881 1082 1921 celeusma
1101 1882 1197 1921 dare
1214 1911 1226 1932 ‚
1255 1881 1298 1919 id
1316 1888 1382 1927 est,
1402 1895 1588 1934 proceres
1617 1895 1716 1921 con-

263 1944 445 1989 gregatos
462 1937 513 1976 ad
537 1938 837 1990 procedendum
855 1937 1009 1976 hortari
1038 1937 1228 1987 deberet3
1257 1937 1475 1990 recipiebat
1501 1937 1554 1976 ab
1583 1937 1717 1991 Impe-

263 1999 396 2031 ratore
414 1993 582 2031 traditos
597 1993 655 2031 illi
674 1992 830 2032 libellos
851 1992 1129 2046 gratulatorios
1159 1992 1378 2031 factionum
1397 2021 1408 2043 ‚
1438 1991 1720 2032 introducebat

264 2046 543 2087 Pan-iareham
561 2049 613 2086 ad
633 2050 922 2101 Imperatorem
948 2055 1038 2101 post
1063 2048 1222 2086 finitum
1254 2061 1414 2087 sacrum
1443 2047 1621 2087 officium
1635 2077 1648 2098 ‚
1679 2054 1720 2087 et

264 2116 404 2142 rursus
422 2104 642 2156 educebat3
673 2103 849 2157 eulogias
862 2133 873 2153 .,
904 2117 973 2142 seu
1001 2118 1125 2156 panes
1150 2103 1383 2142 benedictos
1398 2133 1409 2154 ,
1439 2118 1464 2143 a
1481 2102 1718 2143 Patriarcha

265 2157 505 2210 Imperatori
523 2159 636 2198 datos
652 2188 664 2210 ‚
694 2173 829 2197 secum
845 2173 890 2197 ex
908 2158 1072 2198 ecclesia
1089 2159 1132 2197 in
1150 2158 1344 2212 palatium
1363 2158 1582 2198 deferebat.
1627 2159 1718 2199 Mit-

265 2218 310 2251 to
335 2213 430 2253 alia.
485 2215 549 2253 De
573 2215 806 2267 praepositis
833 2213 1007 2253 conferri
1035 2221 1204 2267 possunt
1221 2215 1288 2252 Du
1307 2215 1443 2268 Cange
1473 2216 1518 2254 in
1545 2221 1720 2268 utroque

268 2267 473 2307 Glossario
492 2269 536 2308 h.
555 2283 597 2307 v.
617 2270 836 2309 Fabrottus
854 2271 897 2308 in
917 2268 1118 2308 Glossario
1136 2269 1188 2308 ad
1207 2269 1436 2308 Cedrenum
1450 2299 1462 2320 ‚
1493 2270 1718 2309 Bacchinus

269 2322 320 2360 ad
339 2323 555 2377 Agnellnm
573 2339 615 2377 p.
636 2339 723 2376 7o.‚
742 2326 812 2364 ubi
829 2339 912 2364 non
929 2324 1249 2377 improbabiliter
1264 2326 1480 2373 existimat,
1510 2324 1718 2378 praeposi-

268 2383 356 2417 tum
374 2381 475 2418 sacri
493 2380 666 2418 cubiculi
685 2381 736 2420 ab
753 2380 924 2434 Agnello
943 2381 1136 2419 maiorem
1164 2380 1339 2419 cubiculi
1356 2380 1603 2434 appellatum
1619 2379 1719 2418 fuis-

269 2447 326 2471 se.
384 2435 447 2472 De
472 2437 709 2487 praepositis
739 2437 964 2476 cohortium
982 2465 994 2488 ,
1023 2442 1093 2475 aut
1125 2435 1366 2475 militaribus
1390 2435 1476 2476 vid.
1505 2434 1643 2474 Vales.
1667 2434 1721 2474 ad
1750 2468 1753 2471 .

272 2487 412 2527 Amm.
434 2490 615 2529 Marcell.
644 2507 687 2543 p.
709 2491 800 2531 500.

382 2544 491 2598 A.9.
508 2544 569 2597 [5,
590 2545 674 2599 18]
700 2546 744 2586 ἐν
768 2547 827 2601 τῷ
844 2545 1188 2601 χρυσοτρικλίνῳ.
1213 2546 1372 2584 Dicitur
1388 2545 1454 2584 hic
1471 2546 1721 2598 praepositus

271 2606 403 2637 stante
417 2629 428 2649 ‚
458 2599 500 2639 id
529 2607 587 2638 est
604 2604 772 2642 co‘e'unte
790 2605 831 2642 in
850 2603 1084 2642 consistorio
1102 2602 1354 2654 processione
1375 2600 1626 2654 quotidiana,
1655 2599 1721 2638 vel

274 2668 443 2706 corpore
462 2669 673 2707 procerum
693 2687 704 2706 ‚
735 2660 803 2711 qui
835 2674 878 2698 ex
909 2656 1039 2697 officio
1057 2656 1239 2709 quotidie
1269 2657 1312 2694 in
1343 2656 1477 2694 aulam
1507 2655 1723 2694 convenire

275 2708 502 2761 debebant,
531 2712 731 2763 ingressus
756 2716 796 2752 in
825 2713 1187 2767 Chrysotriclinum
1215 2711 1471 2750 admonuisse
1501 2710 1722 2763 Imperato-

274 2778 360 2803 rem
378 2765 430 2805 de
446 2767 622 2807 instante
638 2767 753 2808 festo.
812 2770 947 2820 Quare
965 2777 1099 2810 autem
1115 2769 1157 2809 in
1189 2765 1579 2821 Chrysotriclinum?
1634 2765 1723 2804 Sci-
