1826 3126
231 196 308 237 An
348 191 644 236 CONSTANT.
684 191 882 233 ponpa.
922 192 995 231 DE
1033 190 1215 232 cmm.
1252 192 1353 231 Lln.
1393 194 1426 232 1.
1509 173 1539 228 5

179 295 293 336 Ibid.
304 295 378 336 lin.
408 295 446 335 5.
475 295 534 350 [3,
564 292 620 347 4.]
634 292 856 345 βασιλέως.
909 293 1052 332 Graeci
1088 292 1311 347 Scriptores
1343 294 1396 333 ab
1432 297 1541 333 omni

97 358 278 404 tempore
292 350 494 389 Romanos
510 351 776 402 Imperatores
794 348 983 398 βασιλεῖς
1001 347 1269 401 appellarunt,
1284 356 1331 388 ut
1355 347 1391 388 Η
1394 350 1543 389 erodia-

97 419 200 458 nus,
237 407 318 444 Dio
351 406 538 456 Cassius,
571 402 816 443 Plutarchus
845 409 885 441 et
919 401 987 441 alii
1024 417 1164 442 eorum
1201 404 1401 457 aequales.
1460 406 1540 458 Ipsi

95 468 232 501 tamen
262 461 528 514 Imperatores
544 460 769 512 primorum
798 457 924 496 duum
949 458 1201 497 saeculorum
1214 472 1355 511 regum
1378 463 1542 499 nomine

96 516 174 556 sibi
200 515 465 564 abstinebant,
490 522 536 553 ut
563 526 680 552 exoso
702 519 743 552 et
768 513 956 566 superb0‚
987 520 1027 552 et
1047 513 1160 552 velut
1178 513 1436 553 humiliorem
1451 517 1543 555 titu-

96 570 183 610 lum
207 571 535 623 Imperatoritam
557 567 807 608 affectabant.
838 567 990 606 Contra
1003 567 1138 606 med10
1150 583 1250 607 aevo
1263 568 1406 609 titulus
1425 571 1541 620 βασι·

94 625 200 671 λέως
235 631 283 663 ut
314 622 472 677 dignior
505 631 544 663 et
573 623 767 662 illustrior
793 622 911 662 titulo
939 624 1049 674 regis
1076 636 1245 677 magnae
1275 632 1360 664 erat
1385 632 1543 664 conten·

94 680 213 718 tionis
241 686 520 732 argumentum
547 680 652 717 inter
680 679 920 732 Byzantinos
952 684 991 716 et
1023 678 1284 717 Germanicos
1327 679 1543 733 Imperato-

93 747 158 773 res
172 764 186 785 ,
222 733 286 773 his
311 733 454 773 Basilei
483 733 646 773 titulum
678 733 755 772 sibi
781 732 1089 787 arrogantibus,
1116 733 1196 773 illis
1223 735 1478 787 negantibus,
1501 743 1542 774 et

21 827 26 830 .
94 788 346 828 solummodo
375 802 492 840 reges
519 787 814 842 appellantibus
829 819 841 839 ,
874 796 1069 842 tanquam
1096 788 1169 827 vili
1200 789 1374 830 nomine.
1449 791 1541 840 Qua

94 843 146 884 de
179 845 452 883 controversia
491 843 581 884 loco
624 857 696 882 suo
730 843 782 882 ad
821 845 868 885 L.
895 844 947 884 ΙΙ.
993 858 1027 884 c.
1056 842 1124 896 47.
1162 843 1329 884 dicetur.
1423 845 1541 898 Casp.

93 898 231 940 Barth.
264 898 317 937 'ad
346 898 508 938 Paulini
539 899 762 938 Petrocorii
798 901 925 939 vitam
957 898 996 939 S.
1013 899 1179 937 Martini
1209 899 1240 939 1.
1270 898 1358 940 168.
1381 899 1541 939 demon·

93 960 194 992 snat
226 952 385 993 labente
416 955 632 993 Latinitate
662 953 829 994 titulum
861 953 972 1006 regis
1001 953 1317 1007 Imperatoribus
1349 955 1541 995 Romanis

93 1022 256 1063 quoque
282 1009 481 1048 tributum
513 1009 645 1050 fuisse.
1000 1032 1004 1038 ·

174 1078 287 1120 Ibid.
307 1079 383 1118 lin.
410 1078 451 1121 6.
477 1078 536 1133 [5,
565 1077 627 1132 6.]
657 1074 889 1130 σύνταγμα.
930 1078 1191 1118 Membranae
1220 1079 1288 1131 (sic
1308 1079 1542 1134 simpliciter

92 1133 381 1188 appellabimus
409 1133 595 1187 deinceps
623 1133 730 1184 illas,
775 1147 875 1187 quas
900 1133 1126 1186 Lipsienses
1143 1141 1299 1173 nostras
1328 1150 1413 1174 esse
1442 1150 1539 1174 con-

93 1196 188 1240 stat,
201 1189 526 1243 quandoquidem
554 1188 674 1228 huius
693 1188 786 1228 libri
806 1188 908 1228 aliae
926 1188 1061 1228 nullae
1075 1192 1295 1242 superant,)
1314 1191 1467 1229 addunt
1483 1204 1540 1230 τι.

171 1260 281 1312 Pag.
301 1273 341 1302 α.
365 1258 415 1298 Α.
448 1259 523 1298 lin.
534 1259 574 1302 6.
609 1258 653 1313 [4
671 1289 683 1309 ,
703 1259 757 1313 2.]
775 1253 886 1298 οἶδα.
938 1260 1062 1298 Recte
1092 1259 1243 1299 habent
1283 1261 1541 1301 membranae

93 1307 193 1354 οἶδε.
243 1314 383 1354 Solent
411 1315 583 1365 Graeci,
619 1317 863 1354 recentiores
896 1316 1067 1354 maxime
1087 1345 1098 1365 ,
1126 1315 1297 1354 verbum
1317 1311 1403 1369 οἶδε
1426 1320 1540 1355 novit

91 1364 306 1424 Ρωεῖωθε
318 1371 529 1409 consuevit
554 1369 756 1411 adhibere.
788 1369 985 1423 Adeoque
1009 1377 1124 1409 notat
1146 1371 1269 1410 dictio
1287 1370 1374 1409 oc'd'e
1403 1368 1538 1411 πολλοὶ

90 1423 151 1478 τῷ
162 1422 310 1478 μακρῷ
317 1419 459 1478 χρόνῳ
468 1422 770 1476 συναπολήγειν
789 1433 943 1464 norunt
953 1425 1090 1464 multa
1107 1439 1200 1464 cum
1210 1426 1334 1476 longo
1353 1434 1538 1480 tempore

91 1478 224 1532 simul-
247 1478 436 1518 desinere
464 1479 572 1518 idem
600 1486 721 1533 atque
754 1479 889 1519 solent
917 1480 1078 1531 multa,
1106 1480 1234 1519 simul
1259 1489 1386 1534 atque
1422 1489 1537 1519 vete-

93 1541 268 1572 rascunt
286 1562 303 1579 ,
343 1533 619 1577 obsolescere,
697 1535 886 1573 Occurrit
920 1548 968 1572 ea
1009 1534 1294 1587 significatione
1329 1534 1541 1588 aliquoties

92 1586 201 1640 apud
246 1587 474 1626 Cedrenum
491 1616 504 1638 ,
540 1595 587 1626 ut
618 1603 659 1641 p.
687 1588 777 1628 508.
815 1587 965 1641 penult.
1008 1585 1307 1640 προσελθόντες
1340 1589 1398 1643 τῷ
1439 1585 1540 1628 ἑαυ-

90 1641 176 1681 τῶν
208 1634 378 1692 ἄρχοντι
407 1639 620 1693 Ἀποχάψ·
653 1645 733 1694 (est
761 1644 795 1681 is
837 1660 968 1699 022>
986 1646 1055 1702 >35
1093 1641 1190 1681 Abu
1213 1642 1341 1692 Hafs)
1384 1642 1538 1697 Ἀμερ-

91 1706 286 1759 μουμνῆν
315 1701 402 1746 οἶδε
433 1707 576 1746 τοῦτον
611 1706 639 1760 ἧ
678 1705 881 1760 ἐγχώριος
922 1707 1091 1758 γλῶσσα
1133 1709 1274 1747 καλεῖν
1304 1716 1378 1749 etc.
1413 1723 1540 1749 acce-

91 1761 236 1801 dentes
260 1760 327 1800 ad
349 1761 585 1816 principem
606 1776 725 1801 suum
757 1763 853 1803 Aba
879 1761 1068 1815 Hassum
1084 1791 1097 1812 ,
1137 1776 1257 1816 quem
1275 1765 1428 1817 patria
1451 1764 1538 1803 lin-

89 1829 178 1868 gua
206 1816 323 1855 novit
357 1815 422 1868 (id
444 1823 503 1855 est
527 1817 661 1867 solet)
690 1817 1019 1856 Amermumnem
1047 1829 1218 1858 vocare.
1255 1819 1352 1857 item
1378 1834 1419 1872 p.
1441 1819 1540 1869 541.

93 1870 141 1910 C.
182 1867 490 1922 Μανιχαίους,
525 1867 600 1918 οὓς
629 1869 682 1924 δὴ
712 1869 786 1910 καί
810 1867 1131 1917 Παυλικιάνους
1163 1868 1246 1910 ἀπὸ
1272 1874 1356 1912 τῶν
1387 1869 1541 1925 αἵρεσι-

95 1923 243 1977 αρχῶν
275 1919 303 1975 ἧ
337 1922 560 1972 κοινολεξία
596 1920 684 1965 οἶδε
720 1927 870 1966 καλεῖν.
947 1926 1036 1978 Ipse
1073 1933 1210 1965 noster
1252 1928 1538 1967 Constantinus

92 1978 170 2018 hac
197 1978 372 2018 dictione
401 1981 528 2019 utitur
560 1982 603 2020 in
634 1983 719 2021 vita
750 1983 815 2020 avi
830 2011 842 2032 ,
863 1980 999 2020 Basilii
1025 1981 1272 2033 Macedonis,
1303 1997 1348 2035 (3.ἱ
1365 1997 1425 2024 12.
1439 2012 1452 2034 ,
1467 1983 1539 2023 ubi

92 2040 233 2072 narrat
271 2048 394 2073 avum
441 2038 693 2076 consuevisse
735 2051 828 2075 cum
869 2037 970 2089 Imp.
1018 2035 1216 2076 Michaele
1255 2037 1381 2077 Balbo
1412 2052 1536 2077 vena-

92 2095 182 2127 tum
229 2090 335 2128 exire
375 2099 583 2141 gerentem
623 2092 790 2131 clavam
832 2091 1095 2146 imperialem
1142 2091 1303 2154 (Ur-'b
1332 2092 1538 2146 appellant

95 2153 284 2208 Arabes)
319 2168 350 2194 a
374 2168 484 2194 zona
509 2155 838 2219 dependentem,
871 2155 1054 2209 φέροντα
1094 2169 1139 2195 το
1170 2153 1352 2210 (fortunar
1376 2153 1422 2196 τὸ
1452 2159 1533 2208 βα-

93 2204 256 2248 σιλικὸν
285 2207 357 2248 ἑπί
389 2208 463 2261 τῆς
503 2209 634 2263 ζωνης
678 2205 828 2262 αὖτοῧ,
866 2210 893 2250 ὃ
929 2206 1170 2262 βαρδούκαν
1210 2205 1296 2251 οἶδε
1323 2213 1465 2251 καλεῖν
1506 2210 1536 2265 ἧ

93 2258 329 2314 συνήθεια,
363 2277 490 2316 quam
522 2266 777 2306 consuetudo
815 2266 931 2307 novit
967 2265 1031 2315 (id
1059 2273 1118 2305 est
1146 2266 1274 2316 solet)
1312 2266 1535 2321 appellare

93 2316 290 2356 Bar-dulc.
327 2317 544 2358 Cinnamus
578 2320 624 2361 L.
651 2321 705 2361 11.
740 2335 780 2373 p.
811 2321 876 2370 43.
902 2320 952 2360 A.
981 2321 1021 2369 4.
1055 2319 1082 2372 ἧ
1108 2320 1183 2360 τοῦ
1205 2318 1394 2373 πλήθους
1418 2318 1533 2375 φορὰ

94 2365 272 2423 ἀλόγως,
300 2367 406 2411 ἔνθα
428 2369 563 2425 ἔτυχε,
597 2375 804 2428 φερομένη
835 2373 1126 2424 αΰτοματιζειν
1153 2368 1239 2414 οἶδε
1268 2377 1403 2415 ταυτί.
1458 2378 1533 2415 im-

90 2434 213 2479 petus
245 2426 525 2466 multitudinis
557 2442 678 2469 coeco
705 2430 859 2483 impetu
869 2459 887 2477 ,
925 2443 1006 2483 quo
1025 2428 1147 2482 forte
1171 2431 1375 2478 inclinat,
1409 2444 1533 2470 ruen-

95 2481 151 2519 tis
181 2481 286 2520 haec
321 2481 463 2532 talia,
495 2496 579 2523 non
605 2485 764 2531 iussus,
793 2485 905 2524 ultro
932 2492 1114 2537 patrare
1140 2485 1256 2524 solet.
1286 2488 1381 2525 item
1402 2501 1442 2538 p.
1462 2485 1532 2535 44.

95 2533 149 2574 A.
173 2549 211 2587 7.
243 2533 503 2588 στράτευμα,
541 2533 564 2576 ὃ
592 2534 652 2590 μὴ
677 2538 760 2577 ταῖν
785 2534 1120 2591 στρατηγούντων
1139 2538 1303 2590 ἐπαΐοι,
1323 2535 1532 2584 κινδύνοις

94 2583 360 2650 περιβάλλειν
384 2588 441 2636 ὥς
465 2590 616 2631 ἐπίπαν
643 2586 730 2631 οἶδε
759 2590 856 2640 τούς
879 2587 1097 2646 ἄρχοντας.
1123 2600 1163 2633 et
1194 2609 1234 2648 p.
1268 2594 1354 2646 164.
1385 2595 1429 2633 C.
1460 2592 1532 2632 av*-

93 2642 249 2682 θαδεια
280 2645 514 2698 κατορθοῦν
541 2643 694 2694 δόξασα
716 2646 777 2693 εἷς
802 2641 1001 2687 ἀπόνοιαν
1025 2650 1182 2701 (posuit
1205 2649 1422 2688 Graeculus
1454 2662 1529 2701 pro

96 2689 253 2804 ἔνοιαέ,
281 2696 618 2794 ξᾶιερὲιφανειῖιν)
651 2699 904 2755 ἐκφέρεσθαι
934 2696 1059 2742 οἶδεν.
1087 2703 1335 2745 Constantin.
1351 2705 1529 2743 Manass.

96 2766 136 2803 p.
162 2767 206 2806 ¹7
236 2780 250 2792 .
332 2783 342 2793 .
406 2769 527 2795 ‘eurs
