1884 3132
210 166 287 212 An
326 166 627 211 CONSTANT.
664 166 862 210 ponpa.
902 166 975 208 DE
1013 165 1196 210 cmm.
1234 164 1335 208 Lm.
1367 163 1402 207 1.
1457 144 1561 213 241

228 271 284 311 A.
297 270 476 326 9.[t78‚
497 285 537 325 7.
592 262 618 323 ἢ
646 268 708 313 δὲ.
761 269 937 310 Membr.
967 267 1008 309 εἰ
1037 268 1097 310 δὲ.

230 326 552 380 A.12.[178‚9.
594 324 830 373 καθέζεται.
885 323 1062 364 Membr.
1092 322 1354 372 καθέζονται.

229 380 367 420 B.u1t.
384 381 502 434 [¹78,
527 378 609 433 2o.]
639 376 883 432 ἀπέρχεται.
938 379 1039 418 Post
1055 378 1132 418 hoc
1150 379 1320 419 verbum
1340 379 1572 420 exciderunt

120 436 177 476 ob
206 436 314 476 idem
340 435 511 476 verbum
538 436 726 474 iteratum
753 433 853 473 haec
879 447 903 472 e
930 434 1159 474 Membran.
1189 435 1434 474 restituenda
1462 449 1474 475 :
1523 434 1571 476 ἐν

123 490 419 543 Βλαχέρναις,
447 488 521 529 καί
545 484 748 530 εἰσελθών
775 487 821 528 έν
843 487 901 543 τῷ
927 490 1015 543 ναῷ
1041 483 1271 540 ἀπέρχεται
1296 490 1499 544 μέχρι--

233 544 424 600 C.7.[17
461 543 547 598 ‚5.]
566 541 792 598 προσευχῇ.
847 543 923 582 Est
951 544 1057 583 idem
1087 550 1128 582 at
1186 557 1208 582 e
1234 541 1571 597 προσευχάδιον,

123 614 268 654 nempe
306 559 523 640 scaheffum
538 629 551 651 ,
597 597 716 652 quale
758 599 977 651 praefixum
1019 605 1079 638 est
1159 599 1308 637 tarium
1339 607 1574 640 nostrorum

124 655 321 695 ambabus
336 651 542 706 πλαγίαις,
572 660 614 693 et
639 651 716 703 illi,
743 653 824 692 ubi·
843 668 989 706 corpus
1008 654 1176 701 Chrisfi,
1207 660 1247 693 et
1274 653 1347 703 illi,
1379 655 1450 694 ubi
1478 669 1573 695 san-

125 713 213 765 guis
240 711 325 750 eius
349 710 604 763 dispensatur
623 723 635 761 3
664 722 784 761 super
801 723 883 762 quo
908 708 1018 749 flexis
1036 709 1205 762 genibus
1225 723 1364 762 preces
1383 710 1460 749 deo
1479 725 1575 764 per-

123 765 286 806 solvunt
300 795 313 816 ,
341 766 411 819 qui
438 771 509 804 aut
535 778 619 804 non
649 763 786 803 valent
813 764 868 804 ob
895 765 1075 817 corporis
1103 763 1418 804 imbecillitatem
1445 766 1575 806 humo

124 835 168 860 se
194 827 371 860 sternere
385 848 397 869 ‚
440 827 511 864 aut
546 821 619 873 qui
660 818 771 858 salva
807 819 999 873 dignitate
1037 834 1121 859 non
1150 819 1317 866 audent„
1372 821 1576 874 Typicum

113 877 208 915 'Ms.
237 876 470 914 Monasterii
496 875 860 914 Kecharitmmenes
907 874 1030 929 (apud
1058 876 1127 914 Du
1156 875 1292 929 Gange
1318 889 1362 915 v.
1391 889 1577 929 προσευ-

123 926 288 983 gemam»)
310 945 322 969 :
340 926 446 981 μετὰ
478 926 555 982 τήν
581 925 715 982 εὐχὴν
751 928 943 981 γίνεσθαι
981 925 1056 976 τὰς
1084 928 1283 983 συνήθεις
1308 930 1578 982 γονυκλισιάς

124 980 199 1032 τὰς
229 984 309 1036 μὲν
338 983 627 1038 δυνατωτέρας
655 983 764 1040 [scil.
795 984 1008 1039 moniales]
1042 981 1126 1024 ἀπὸ
1164 984 1241 1038 γῆς
1268 978 1368 1025 ἄνευ
1393 999 1578 1039 προσευ-

125 1038 305 1092 χαδίου,
331 1036 407 1086 τὰς
433 1038 737 1094 ἀσθενεστέρας
765 1037 812 1079 δὲ
840 1038 914 1079 καὶ
938 1035 1046 1091 μετά
1080 1053 1192 1086 τινος
1217 1038 1578 1093 ὑποστηρίγματος

126 1095 329 1134 ταπεινοῦ
354 1091 428 1134 καὶ
448 1091 648 1147 βήματος.
691 1094 807 1134 Talia
835 1109 997 1150 quoque
1026 1095 1198 1135 scabella
1217 1096 1472 1149 suppedanea
1491 1111 1578 1136 ser-

129 1149 249 1190 viunt
272 1149 518 1190 nostratibus
545 1151 588 1189 in
624 1150 937 1190 confessionibus
953 1180 966 1202 ‚
1003 1157 1051 1190 ut
1086 1150 1163 1190 illis
1201 1165 1332 1204 genua
1364 1153 1576 1205 imponant

129 1217 267 1244 eoram
296 1205 616 1260 Confessionario
643 1220 717 1245 suo
743 1207 1029 1259 poenitentiam
1057 1205 1272 1258 facientes;
1300 1208 1399 1246 item
1420 1209 1463 1246 in
1491 1207 1580 1247 die-

128 1258 208 1300 bus
233 1260 582 1315 poenitentialibus
602 1260 780 1314 'publicis
795 1291 807 1313 ‚
849 1261 1012 1317 quando
1051 1261 1251 1300 dominica
1280 1263 1409 1302 oratio
1437 1263 1479 1301 in
1507 1277 1578 1316 ge-

133 1315 271 1355 nubus
297 1329 323 1354 a
348 1323 435 1355 toto
461 1316 610 1369 populo
635 1319 843 1356 recitatur.
899 1318 974 1356 Est
1002 1316 1122 1370 igitur
1150 1316 1218 1356 hic
1241 1316 1319 1356 loci
1342 1313 1367 1369 ἧ
1394 1330 1580 1369 προσευ-

131 1365 191 1422 χὴ
221 1367 367 1421 αὐτοῦ,
395 1385 539 1424 nempe
564 1372 838 1425 Imperatoris,
868 1372 987 1411 statio
1007 1371 1075 1410 vel
1103 1372 1215 1411 sedes
1245 1371 1502 1424 Imperatoris
1533 1373 1579 1411 in

131 1423 298 1473 eeclesia
323 1425 606 1464 Blachernensi
625 1456 636 1475 ‚
679 1441 772 1465 cum
804 1427 994 1466 adiuncto
1030 1426 1204 1465 scabello
1240 1426 1399 1478 genuali
1420 1456 1432 1476 ‚
1461 1441 1580 1480 pera-

134 1479 287 1532 gendae
322 1481 408 1519 eius
441 1480 644 1520 devotioni
681 1481 897 1521 inserviens
914 1511 926 1533 ,
968 1495 1071 1535 quae
1099 1488 1186 1520 erat
1225 1479 1465 1533 ἔμπροσθεν
1493 1481 1580 1521 τῶν

135 1531 267 1585 ἁγίων
280 1533 442 1586 θυρῶν.
495 1535 677 1575 Dubium
696 1549 779 1575 non
808 1543 883 1587 est,
911 1536 964 1575 ad
987 1535 1182 1575 cancellos
1208 1536 1465 1575 tribunamm
1486 1535 1582 1574 reli-

135 1602 311 1642 quarum
332 1603 491 1643 quoque
521 1604 725 1630 sacrarum
752 1590 913 1630 aedium
941 1592 1071 1644 posita
1105 1590 1225 1629 fuisse
1253 1589 1351 1629 talia
1389 1590 1580 1642 scabella,

134 1658 255 1696 super
281 1644 431 1697 quibus
457 1659 593 1698 preces
619 1646 769 1687 diceret
795 1647 1018 1699 Imperator
1044 1652 1260 1698 antequam
1303 1646 1347 1683 iu
1373 1645 1582 1685 tribunam

135 1700 320 1738 intraret.
377 1699 525 1740 Noster
550 1701 688 1740 deince
715 1717 734 1742 s
755 1715 800 1754 p.
825 1715 915 1755 ¹07·
937 1702 985 1740 Β.
1017 1714 1111 1752 pen.
1138 1699 1365 1750 βασμίδιον
1389 1700 1580 1753 appellat.

246 1754 595 1811 C.'penult.[179‚
617 1717 714 1811 rosiJ
731 1755 815 1798 εἴτε
832 1755 911 1796 τοῦ
935 1752 1077 1802 πλοὸς.
1131 1756 1192 1794 Ita
1206 1768 1368 1808 quoque
1389 1756 1451 1794 Μ.
1473 1755 1581 1795 Sub-

137 1808 268 1848 intell.
298 1808 371 1849 διὰ
400 1810 466 1849 vel
494 1806 604 1860 μετά
626 1811 691 1851 vel
713 1808 812 1852 α’πὸ.
864 1811 983 1851 Conf.
1007 1825 1050 1863 p.
1071 1810 1163 1850 106.
1191 1810 1246 1849 A.
1276 1824 1338 1849 10.

247 1864 301 1903 D.
329 1866 369 1904 3.
392 1864 503 1920 [1792
531 1865 618 1921 13]
648 1864 909 1920 κατηχήσεις.
962 1865 1147 1905 Debebat
1180 1865 1302 1918 igitur
1319 1864 1583 1905 'Patriarcha

139 1918 331 1959 CPtanus
357 1919 422 1959 die
452 1923 608 1961 veneris
642 1937 736 1962 caro
772 1923 879 1962 dicto
914 1921 981 1962 vel
1005 1935 1151 1973 magno
1183 1919 1390 1959 homiliam
1420 1921 1464 1959 in
1484 1919 1584 1960 aede

139 1971 421 2014 Blachernensi
440 1978 624 2016 recitare.
681 1978 794 2018 Olim
813 1978 930 2017 initio
955 1977 1013 2016 rei
1042 1976 1291 2015 Christianae
1326 1988 1454 2028 paene
1490 1975 1586 2014 nul-

139 2027 207 2066 lae
231 2036 346 2068 erant
370 2031 581 2071 conciones
605 2046 674 2071 seu
712 2041 934 2073 conventus
963 2033 1066 2071 sacri
1091 2030 1243 2084 absque
1264 2029 1446 2069 homilia.
1502 2030 1584 2070 Sed

138 2082 336 2136 prolapsis
373 2084 426 2124 ad
471 2088 791 2140 superstitionem
830 2095 871 2127 et
913 2087 1208 2141 ignorationem
1246 2099 1338 2124 cum
1374 2084 1585 2125 literarum

140 2140 322 2181 omnium
337 2169 349 2189 ‚
370 2146 460 2179 tum
486 2143 572 2180 veri
605 2157 766 2197 quoque
786 2142 1079 2182 Christianismi
1104 2141 1290 2191 Graecis,
1320 2139 1503 2179 abierunt
1539 2141 1585 2180 in

141 2192 444 2233 desuetudinem
474 2194 663 2236 homiliae
676 2228 688 2248 ,
718 2212 890 2252 raroque
912 2197 992 2236 tale
1019 2196 1117 2250 quid
1143 2196 1306 2235 auditur
1334 2196 1378 2233 in
1409 2194 1583 2235 ecclesiis

143 2249 309 2288 Graecis
328 2249 448 2289 hodie
461 2279 472 2300 ‚
500 2253 577 2290 nisi
602 2252 705 2292 forte
725 2251 1061 2293 hieromonachus
1090 2250 1234 2304 aliquis
1254 2250 1408 2303 egregie
1440 2250 1583 2290 doctus

144 2303 449 2343 admirationem
477 2312 518 2344 et
539 2306 676 2347 laudes
697 2310 866 2355 mereri,
899 2315 939 2347 et
974 2306 1131 2345 dierum
1161 2306 1352 2345 festorum
1383 2305 1584 2345 maiorum

147 2358 258 2407 (nam
280 2359 358 2398 illis
392 2374 518 2413 paene
550 2361 643 2401 solis
672 2363 762 2402 talis
791 2363 962 2402 habetur
991 2361 1136 2412 honor)
1163 2360 1364 2399 illustrare
1390 2359 1584 2399 festivita-

145 2418 230 2452 tem
250 2414 364 2454 velit.
421 2415 482 2454 Ut
512 2416 553 2454 in
581 2416 744 2457 ecclesia
768 2419 938 2469 Latina,
968 2417 1025 2455 ita
1054 2429 1214 2470 quoque
1242 2416 1285 2454 in
1319 2416 1472 2455 Graeca
1494 2414 1585 2455 offi-

146 2467 254 2506 cium
281 2471 493 2521 perorandi
518 2485 541 2509 a
567 2472 787 2511 sacerdotio
809 2471 994 2511 avulsum
1009 2471 1098 2510 fuit.

257 2523 313 2563 D.
329 2524 371 2564 6.
393 2524 507 2579 [¹79³
532 2525 617 2580 16.]
640 2525 879 2581 βεστιαρίῳ,
934 2527 1178 2566 Vestiarium
1207 2538 1289 2564 non
1322 2531 1482 2564 tantum
1521 2523 1586 2564 di-

148 2576 313 2617 cebatur
350 2577 427 2618 illis
459 2581 625 2620 saeculis
660 2581 929 2620 conditorium
963 2579 1218 2634 supellectilis
1247 2581 1455 2619 vestiariae
1469 2609 1483 2632 ,
1515 2579 1588 2619 sed

150 2633 280 2671 omnis
309 2637 472 2674 omnino
501 2637 695 2688 pretiosae
722 2634 976 2689 supellectilis
1003 2636 1192 2685 horreum
1207 2664 1218 2685 ‚
1253 2634 1489 2685 thesaurus,
1515 2648 1587 2688 ga-

154 2685 445 2740 zophylacium.
501 2691 563 2730 Ut
582 2705 604 2730 e
621 2691 769 2730 Nostro
788 2697 917 2744 patet,
947 2692 1015 2743 qui
1037 2706 1078 2744 p.
1093 2690 1187 2743 267.
1210 2696 1250 2728 et
1266 2689 1399 2741 1145.
1418 2689 1585 2743 p.588.‚

133 2752 235 2793 ‘quo
258 2741 308 2780 de
337 2745 582 2796 expeditione
611 2745 787 2785 Cretensi
816 2747 923 2800 agit,
949 2752 1187 2785 recensetea
1205 2775 1216 2795 ,
1253 2759 1356 2799 quae
1382 2745 1434 2785 ad
1466 2744 1592 2785 vesti-

199 2817 462 2855 Constantinus
483 2821 662 2870 Porphyr.
696 2822 772 2858 Vol.
795 2822 841 2856 ΙΙ.
1288 2822 1330 2857 16
