1884 3132
194 174 269 216 ΑΒ
311 172 610 216 consi-Am.
652 174 848 216 Pomm
887 174 960 213 mv,
997 172 1178 214 emim.
1218 175 1314 214 nn.
1342 176 1397 214 ῃ..
1441 155 1547 211 821

118 278 255 331 Gange
282 277 413 317 Gloss.
441 277 531 316 Lat.
558 290 602 315 v.
632 275 739 329 Abig
738 290 808 314 are
835 282 875 314 et
902 275 1144 315 Lacr-unculi.
1213 277 1405 316 Manetho
1446 277 1556 330 Apo-

116 332 383 372 telesmaticus
402 339 492 371 mst.
491 331 619 395 apud
638 331 705 369 Du
724 332 922 383 cangium
950 345 991 369 v.
1019 327 1269 383 Βερεδαοιοι
1290 333 1416 384 iungit
1436 334 1558 382 βερε-

118 386 318 438 δαρίυυς,
353 383 631 435 ἱπποκόμους,
674 385 980 448 καβαλὶαρίους
1020 367 1274 437 (domitoi-es,
1328 394 1556 450 gymnastas

108 445 349 494 equorum),
378 437 608 490 ἀπελάτας,
641 434 856 487 (hadrac,
882 440 951 478 sed
986 440 1063 492 leg.
1094 439 1337 489 συνελάτας,
1368 445 1436 494 qui
1464 449 1557 480 sunt

117 497 266 535 similes
292 498 438 535 nostris
464 495 711 542 Αιιςενειιεν,
752 494 967 557 officiales,
1003 498 1073 547 qui
1111 496 1151 533 in
1190 498 1266 534 viis
1304 497 1476 549 publicis
1513 497 1556 535 in

117 553 230 604 equis
256 551 628 597 circumcursitant,
671 549 866 598 videntes,
897 550 967 601 qui
1004 551 1045 587 in
1082 551 1132 588 iis
1168 558 1288 596 eant,
1331 552 1557 590 mendicine

116 605 236 644 aliive
263 605 458 654 malefici,
498 618 598 642 num
632 618 782 642 merces
816 604 1042 657 piohibitae
1083 611 1153 642 aut
1182 606 1441 658 vectigalibus
1476 620 1556 644 non

118 659 310 699 libeiatae
357 660 618 726 deportentur
655 666 732 697 etc.
818 658 1037 711 Appellant
1077 674 1238 712 quoque
1277 662 1419 699 Graeci
1461 663 1556 700 novi

113 715 240 764 sums,
272 716 441 754 latrones
476 709 714 763 ἀπελάτας,
742 720 782 752 et
814 714 967 752 abiecta
993 715 1123 766 prima
1156 713 1312 764 littera,
1340 723 1386 754 ut
1411 714 1556 768 solent,

117 766 330 863 πελάταςὲ
374 767 613 821 Exemplum
645 768 766 806 habet
791 767 859 806 Du
879 769 1011 821 Gange
1042 783 1083 807 v.
1118 767 1311 821 πελάτης.

336 824 446 880 .9[6
448 822 535 874 6,4
510 822 568 876 4]
604 821 822 870 ΪΓζὲκωιΗες
884 823 1063 862 Huccine
1093 826 1294 876 pertinent
1336 825 1553 874 Tzacones,

117 878 169 917 de
197 878 345 931 quibus
373 880 496 918 Goar.
531 878 581 916 ad
601 877 742 919 Codin.
769 891 809 928 p.
831 878 896 927 54.
921 892 964 916 n.
989 877 1078 927 66.,
1100 892 1202 930 quos
1220 878 1460 932 Codinusp.
1484 880 1554 920 68.

117 947 160 972 n.
184 933 252 973 88.
275 933 447 997 appellat
463 945 561 978 τους
580 932 640 977 εἰς
658 930 710 970 τὰ
730 931 886 985 κάστρα
904 945 1147 983 ευοισκομει
1149 946 1245 983 ους
1267 935 1558 986 ρναεειὶίιηανιοε

114 989 159 1026 in
185 990 322 1027 castn‘s
347 1002 417 1027 seu
454 987 623 1026 urbibus
660 987 830 1026 mlliles?
885 986 1085 1025 Videntur
1112 989 1277 1026 omnino
1310 989 1428 1027 iidem
1458 1003 1555 1032 esse.

122 1042 179 1080 Τ
158 1057 317 1082 ..aeones
346 1049 441 1082 sunt
471 1041 592 1081 hodie
620 1043 690 1094 qui
718 1041 814 1080 olirn
846 1043 1048 1090 Lacones,
1078 1049 1275 1080 extremae
1291 1043 1556 1096 Peloponnesi

115 1097 302 1146 incolae,
344 1104 385 1136 et
417 1098 457 1136 Τ
452 1110 612 1136 zacoma
643 1103 702 1135 est
728 1096 794 1135 ille
820 1104 994 1145 tractus,
1030 1097 1070 1134 in
1110 1111 1192 1149 quo
1224 1104 1281 1135 est
1314 1112 1428 1137 moos
1459 1098 1557 1138 olim

118 1151 290 1191 Cronion
318 1152 474 1202 dictus,
514 1151 694 1204 adeoque
730 1153 834 1190 inter
861 1126 1077 1190 Lacoriiam
1106 1159 1146 1190 et
1174 1151 1348 1202 Elidem3
1378 1153 1459 1191 vid.
1490 1155 1559 1193 Du

115 1206 313 1259 Gangium
340 1221 382 1246 v.
402 1181 624 1255 Τζάκωνες.
658 1207 711 1244 lii
732 1207 908 1244 Lacones
921 1213 990 1244 aut
1007 1205 1332 1259 Peloponnesiaci
1376 1207 1557 1247 solebant

116 1261 168 1300 ad
193 1262 431 1326 praesidium
461 1261 658 1313 agendum
696 1262 735 1298 in
773 1261 941 1299 castellis
968 1261 1138 1312 deponi,
1181 1261 1462 1313 ἀφορίζεσθαι
1498 1277 1558 1308 εις

114 1312 168 1353 τὰ
183 1313 381 1368 κάστρα,
421 1322 467 1353 ut
486 1293 640 1353 ‘Noster
668 1317 737 1353 ait.
798 1316 967 1368 Insignis
994 1323 1052 1353 est
1083 1315 1191 1353 locus
1221 1316 1458 1355 Michalonis
1486 1318 1555 1356 Li-

116 1364 231 1408 tua'ni
257 1370 308 1408 de
334 1370 513 1409 moribus
530 1370 770 1408 Tataioium
798 1371 904 1422 apud
933 1372 999 1407 Du
1015 1370 1208 1422 Cangium
1238 1383 1280 1408 v.
1309 1370 1505 1415 Saeones,
1534 1386 1557 1411 e

117 1438 200 1477 quo
237 1423 488 1478 intelligitur,
519 1424 686 1462 Sacones
720 1432 758 1462 et
779 1424 1040 1476 Sungaelones
1066 1424 1283 1486 appellatos
1312 1425 1454 1471 fuisse,
1487 1427 1556 1463 Li-

117 1479 298 1529 tuanico,
326 1487 373 1517 ut
403 1479 577 1526 videtur,
611 1493 808 1528 se1mone,
838 1493 1037 1531 agasones,
1069 1480 1137 1531 qui
1166 1477 1312 1516 milites
1335 1482 1375 1516 in
1405 1479 1558 1518 bellum

116 1534 438 1584 comitabantur,
466 1534 611 1572 Nostro
640 1541 710 1572 aut
736 1532 1008 1598 συνιτρόᾳους,
1037 1542 1105 1571 aut
1132 1530 1307 1585 11'9wvag
1335 1534 1476 1572 dictos.

227 1589 281 1627 D.
312 1587 354 1639 4.
402 1588 512 1642 [697,
539 1587 598 1641 1.]
641 1584 866 1638 λαιιβάνων
910 1585 992 1625 ἀπὸ
1032 1588 1108 1625 τοῦ
1144 1586 1408 1637 κουμερκίου.
1479 1590 1553 1628 Est

116 1642 223 1682 idem
251 1658 298 1682 ac
336 1644 368 1681 si
408 1643 653 1682 diceiemus:
694 1643 759 1681 hic
786 1641 850 1681 vel
882 1641 947 1680 ille
975 1643 1119 1694 accipit
1148 1641 1335 1679 salaiium
1363 1657 1479 1681 suum
1507 1659 1552 1682 ex

115 1697 285 1745 Accisa,
318 1711 386 1736 seu
410 1712 454 1736 ex
472 1697 540 1736 illo
557 1697 768 1744 tribunali,
799 1697 869 1735 ubi
888 1696 1094 1748 vectigalia
1114 1696 1376 1758 recipiuntur.
1434 1698 1551 1736 Κου-

115 1751 287 1802 μέρκιον
304 1760 364 1790 est
390 1754 519 1815 ipsum
536 1754 833 1801 commercium,
862 1758 1106 1798 mercatura,
1138 1751 1351 1803 negotiatio
1389 1759 1427 1791 et
1458 1767 1550 1805 por—

115 1808 267 1844 torium
295 1821 368 1859 pro
407 1809 625 1859 importatis
661 1814 731 1845 aut
766 1808 979 1859 exportatis
1007 1805 1219 1854 mercib1153
1251 1820 1294 1843 ν.
1323 1807 1391 1855 Du
1418 1807 1552 1859 Cange

117 1861 168 1899 ad
185 1860 300 1899 Alex.
332 1876 374 1913 p.
406 1862 500 1901 515.
531 1861 796 1911 Κουμέρκιον
819 1860 894 1899 τοῦ
919 1859 1242 1911 navryv91'ov,2
1223 1861 1388 1911 v'emgal
1411 1863 1553 1900 nzmdt-

117 1929 274 1962 narum,
313 1924 372 1954 est
405 1916 512 1968 apud
542 1916 842 1969 Theophan.p
848 1944 857 1952 .
893 1915 1056 1967 596.st
1093 1915 1352 1953 11.Guther.
1382 1930 1424 1967 p.
1455 1917 1550 1970 725.

120 1972 406 2008 commeicium
434 1970 617 2013 nonnihil
647 1985 671 2009 a
698 1930 881 2023 vectigali
911 1960 1071 2008 differre
1093 1977 1304 2007 monstrat.

205 2023 298 2074 403.
342 2025 397 2064 A.
428 2025 468 2064 5.
499 2025 660 2079 [69:57
666 2024 698 2079 .]
740 2001 1087 2074 Λεοντοκώμεως.
1156 2023 1221 2061 Ad
1260 2023 1431 2063 formam
1471 2033 1555 2064 ten-

117 2080 347 2118 minationis
372 2075 553 2127 πόλεως,
584 2094 686 2143 quae
714 2082 756 2118 in
784 2078 1000 2117 multarum
1026 2078 1185 2116 urbium
1203 2081 1364 2117 nomine
1382 2080 1554 2131 obtinet,

119 2133 346 2172 formarunt
369 2148 535 2198 quoque
561 2130 731 2183 κώμεως
759 2135 799 2172 in
826 2133 904 2171 hac
927 2133 1223 2185 compositione.
1279 2132 1555 2187 Λεοιτοκώμη

117 2194 188 2226 aut
220 2183 498 2234 Λεοντόπολις
526 2195 584 2227 est
614 2189 656 2226 in
682 2188 860 2227 themate
887 2187 1074 2254 Lycandi
1102 2201 1170 2226 seu
1201 2188 1243 2225 in
1271 2187 1438 2227 Isauria.

228 2241 275 2280 Β.
297 2242 371 2280 ult.
412 2242 530 2297 [697,
555 2242 641 2296 18.]
677 2240 902 2295 τηροιάτου
926 2240 1162 2292 γενομένου.
1220 2242 1458 2281 Tironatum
1488 2243 1556 2283 hic

119 2310 204 2335 esse
236 2304 335 2348 puto
364 2311 446 2335 non
475 2304 622 2335 statum
654 2311 724 2336 seu
751 2296 1019 2336 conditionem
1038 2297 1207 2342 tironis,
1245 2296 1313 2334 sed
1350 2297 1555 2337 solennem

118 2365 374 2404 congressum
405 2350 569 2389 militiae
606 2351 718 2390 rudis
753 2359 791 2390 et
817 2365 946 2403 nuper
974 2352 1221 2403 conscriptae
1247 2350 1298 2388 ad
1326 2352 1555 2392 condictum

118 2403 279 2452 locum,
322 2412 366 2444 ut
401 2405 630 2443 tirocinium
684 2406 740 2444 ibi
783 2412 933 2458 ponant
970 2419 1105 2443 colam
1153 2411 1324 2457 stratego
1370 2406 1559 2448 thematis

118 2466 159 2499 et
189 2460 460 2499 dexteritatem
487 2473 598 2498 suam
627 2460 667 2498 in
692 2459 911 2498 tractandis
935 2461 1055 2498 armis
1087 2465 1240 2497 monst1
1242 2466 1323 2497 ent.

229 2513 605 2568 G.11.[698,4.]
633 2512 901 2567 ἱπποκράτας.
958 2514 1122 2553 Poterat
1157 2527 1317 2567 quoque
1353 2510 1558 2569 ἱπποκρά-

118 2625 258 2664 τορας.
315 2616 361 2654 ln
393 2614 632 2653 membranis
660 2622 743 2653 erat
770 2598 935 2667 ῖπποκρ.

205 2666 299 2719 404.
327 2671 379 2709 Δ.
401 2668 478 2707 ult.
499 2669 608 2722 [69c),
637 2684 649 2708 ι
660 2668 691 2722 .]
714 2669 789 2708 τοῦ
806 2666 980 2708 Στενοῦ.
1033 2667 1232 2722 *[Stenum
1246 2668 1376 2708 cervix
1392 2667 1556 2710 Euxini.

123 2719 334 2764 Constant.
362 2725 452 2764 Vit.
482 2714 603 2764 Basil.
632 2737 668 2763 c.
700 2723 765 2766 63.
820 2724 896 2764 Les
921 2724 1180 2764 nautonniers
1214 2723 1383 2764 Scenitae
1419 2723 1556 2778 appel-
