1884 3132
299 164 375 207 An
416 162 750 207 Appmmcffl
793 165 896 206 Lm.
933 165 966 204 ι.
1013 163 1086 205 DE
1125 158 1385 205 cmmou.
1470 141 1580 210 545

151 264 262 308 ‘aliud
289 268 489 322 seusigni,
517 282 586 308 seu
597 268 836 317 ornamenti,
866 281 934 306 seu
961 265 1110 306 tutelae
1127 264 1491 305 terriculamentive
1510 265 1582 304 ad-

151 336 287 363 versus
315 324 466 361 ictuum
493 325 574 362 vim
589 353 602 373 ,
631 324 673 362 in
690 323 844 362 hostem
864 322 1069 369 additum,
1101 323 1331 374 impositum
1358 326 1458 358 esset
1480 348 1492 370 ,
1513 320 1583 358 sed

149 387 260 417 mera
287 384 326 415 et
353 377 460 416 nuda
486 378 609 431 galea.
663 377 760 416 Vid.
790 377 888 416 ibid.
919 386 961 429 p‘.
983 375 1078 429 469.
1102 383 1236 428 antep.
1296 376 1355 413 lta
1381 369 1584 426 λιτὸςᾶρ-

141 442 220 478 ,τος
233 431 340 484 apud
355 433 524 486 Diogen.
546 434 679 471 Laert.
693 431 836 485 p.609.
850 433 891 472 5.
915 438 974 469 est
994 431 1099 469 idem
1128 437 1247 482 atque
1267 425 1412 480 ξηρὸς,
1430 430 1553 467 nudus
1570 459 1582 479 ‚

149 487 269 524 siccas
281 487 413 540 pani-5,
443 487 591 540 absque
602 487 685 526 ullo
705 488 886 539 opsonio.
917 485 983 523 Ad
996 485 1072 523 hoc
1094 485 1215 538 igitur
1233 483 1454 536 exemplum
1475 481 1584 522 λιτὸν

151 540 302 593 ubique
330 542 433 580 verti
451 555 609 595 piu-um.
637 541 741 579 Nam
782 547 931 579 vestem
955 553 1100 594 puram
1130 538 1385 592 appellabant
1415 539 1544 575 Latini
1568 568 1580 588 ‚

151 595 256 648 quae
286 598 529 634 ornamentis
557 603 722 635 careret.
779 594 1005 634 Trebellius
1023 592 1154 632 Pollio
1180 596 1221 631 in
1251 592 1418 631 Claudio
1436 606 1476 644 p.
1490 593 1584 646 590.

150 651 337 688 intendas
356 665 479 704 puras
510 650 648 699 habet,
695 649 736 688 id
774 657 832 688 est
867 662 1046 702 purpura
1071 662 1152 686 non
1180 654 1468 701 praetextataS,
1513 655 1582 685 aut

148 717 233 742 non
259 712 531 757 segmentatas.
585 704 698 743 Alias
725 705 909 743 humilem
939 712 979 742 et
1004 704 1189 755 exiguam
1210 701 1489 755 appellabant,
1507 716 1580 740 au-

151 765 262 797 ctore
288 757 481 798 Salmasio
510 758 560 798 ad
588 759 639 798 T.
671 760 704 797 1.
735 759 822 797 Ser.
853 759 958 797 Hist.
990 757 1097 810 Aug.
1128 772 1170 810 p.
1187 772 1254 811 9⁰·
1282 764 1321 795 et
1348 756 1444 795 631.
1501 758 1582 795 Ta-

152 815 255 852 citus
280 812 429 852 Annal.
452 814 527 852 111.
547 827 585 852 2.
624 816 738 866 signa
767 815 965 868 incompta
993 812 1139 861 habet,
1178 813 1218 850 id
1247 819 1305 850 est
1331 825 1509 864 purpura
1541 820 1582 850 et

150 881 275 917 auro,
303 867 367 907 vel
396 870 435 906 et
462 869 698 921 imaginibus
725 868 965 921 aquilarum,
996 868 1256 905 victoriarum
1294 873 1334 904 et
1353 868 1580 919 principum

150 929 280 961 exuta.
311 923 444 962 Latini
469 924 588 962 medii
605 924 692 962 aevi
717 924 912 977 simplices
931 930 970 961 et
996 922 1098 960 alias
1125 920 1378 974 appellabant
1395 947 1406 969 ,
1435 934 1579 974 nempe

149 983 329 1030 respectu
357 976 495 1016 habito
520 978 571 1016 ad
601 985 727 1017 vestes
748 987 912 1032 paratas
926 1007 939 1026 ‚
985 977 1027 1015 id
1055 983 1114 1015 est
1138 983 1289 1015 comtas
1306 1005 1318 1023 ,
1354 976 1402 1014 ad
1431 991 1578 1029 paran-

150 1031 249 1070 dum
265 1053 279 1081 5
310 1028 368 1077 ὥς
391 1029 496 1083 πρὸς
523 1031 719 1081 ἐπίδειξιν
750 1030 824 1072 καί
849 1026 969 1082 ὄγκον
995 1031 1118 1070 factas
1136 1060 1148 1081 ,
1185 1044 1284 1084 quas
1317 1031 1450 1070 medio
1481 1046 1580 1070 aevo

77 1083 81 1086 ’
147 1095 308 1125 omacas
338 1099 496 1139 quoque
526 1086 793 1140 appellabant.
851 1087 950 1125 Nam
968 1086 1075 1139 apud
1102 1085 1356 1124 Anastasium
1391 1094 1448 1124 est
1474 1089 1578 1125 sari-

148 1152 201 1180 ca
222 1141 388 1195 prasina
411 1151 575 1190 ornata,
605 1143 681 1180 nisi
710 1142 841 1194 potius
867 1151 1007 1180 ornata
1033 1154 1107 1194 pro
1125 1141 1444 1193 περιορνευμένη
1473 1143 1577 1180 acci·

151 1195 254 1248 pias.
310 1194 460 1248 Regula
487 1197 530 1235 S.
561 1196 731 1235 Caesarii
760 1196 811 1234 ad
839 1197 1023 1249 Virgines
1065 1209 1101 1234 c.
1126 1209 1224 1233 22.:
1269 1195 1450 1234 lectualia
1484 1198 1579 1234 sim-

143 1250 271 1304 plicia
295 1251 386 1288 sint.
445 1250 552 1289 Nam
594 1253 686 1289 satis
718 1251 939 1290 indecorum
977 1259 1034 1289 est
1050 1280 1061 1297 ‚
1117 1251 1153 1288 si
1197 1251 1238 1288 ἰη
1272 1250 1367 1289 lecto
1397 1251 1577 1303 religioso

151 1304 326 1356 stragula
346 1305 563 1344 saecularia
601 1315 670 1344 aut
694 1307 840 1360 tapetia
864 1307 974 1360 picta
1007 1304 1291 1359 resplendeant.
1351 1304 1579 1343 Chronicon

149 1357 378 1397 Cassinense
398 1358 468 1396 111.
489 1358 555 1412 74.
586 1360 821 1398 dalmaticas
842 1369 1021 1413 paratas,
1051 1366 1211 1397 ornatas
1239 1358 1288 1396 de
1307 1357 1521 1397 collaribus
1541 1367 1581 1398 et

150 1413 316 1451 manicis
342 1419 383 1450 et
408 1413 570 1464 tabulis,
598 1421 803 1461 memorat,
832 1423 870 1452 et
895 1415 1023 1462 alias,
1063 1413 1103 1451 id
1132 1420 1190 1451 est
1216 1413 1362 1451 diversi
1391 1415 1547 1465 generis
1566 1443 1578 1463 ,

151 1462 295 1514 λιτὰς,
324 1480 406 1506 non
432 1475 612 1520 paratas,
640 1469 843 1515 wzdecim5
866 1469 1015 1506 tunicas
1033 1477 1198 1521 paratas
1219 1468 1386 1521 quinque
1400 1497 1411 1513 ,
1439 1477 1478 1505 et
1502 1469 1580 1506 ali-

153 1535 199 1561 as
225 1521 355 1559 decem
389 1530 427 1560 et
457 1535 611 1560 novem.
670 1522 927 1575 [Scholiastes
954 1521 1200 1574 Thucydidis
1227 1522 1280 1558 ΙΙ.
1312 1535 1381 1574 97.
1413 1535 1452 1573 p.
1488 1522 1579 1560 162.

152 1575 223 1614 55.
264 1575 460 1628 explicans
494 1577 604 1615 illam
642 1577 775 1615 rhesin
814 1573 982 1629 ὑφαντὰ
1018 1574 1092 1613 καί
1126 1577 1239 1625 λεῖα,
1281 1584 1390 1614 texta
1426 1585 1464 1614 et
1498 1578 1578 1615 lae-

150 1629 247 1677 ·m'a,
279 1631 334 1668 si'c
360 1631 441 1669 ait:
474 1632 565 1669 λεῖα
592 1626 641 1670 τά
671 1627 765 1669 λιτὰ
785 1661 796 1678 ,
847 1628 951 1682 πρὸς
990 1627 1305 1679 α’ντιδιαστολὴν
1331 1630 1410 1668 τῶν
1441 1628 1579 1683 ὑφαν-

152 1683 238 1723 τῶν
264 1683 337 1723 καί
361 1684 695 1734 πεποικιλμένων.
750 1685 853 1723 Sunt
891 1699 984 1738 ergo
1013 1684 1070 1722 illi
1105 1680 1156 1722 τὰ
1183 1682 1278 1722 λιτὰ
1310 1691 1437 1722 vestes
1462 1687 1580 1724 unius

150 1737 209 1776 fili
249 1745 368 1791 atque
404 1737 547 1778 coloris
569 1770 580 1787 ‚
620 1753 745 1792 eoque
784 1740 927 1778 diversi
961 1753 984 1777 a
1018 1738 1192 1777 vestibus
1227 1738 1544 1778 multicoloribus
1567 1770 1579 1791 ‚

151 1792 255 1846 quae
280 1793 508 1846 Thucydidi
554 1790 605 1833 τά
634 1790 798 1846 ὑφαντὰ
827 1809 899 1847 per
928 1793 1196 1832 excellentiam
1228 1793 1439 1844 dicuntur3
1484 1809 1579 1833 nam

153 1848 334 1900 quamvis
362 1850 480 1893 unius
507 1848 563 1887 fili
591 1854 709 1900 atque
735 1848 878 1886 coloris
907 1855 1034 1887 vestes
1063 1862 1146 1886 non
1172 1848 1304 1886 minus
1331 1848 1409 1886 sint
1434 1855 1579 1899 textae,

152 1915 274 1953 quam
309 1902 518 1941 multilices
555 1909 594 1940 et
630 1901 924 1950 multicolores,
952 1910 1084 1941 tamen
1116 1902 1191 1940 hae
1218 1904 1260 1940 in
1287 1903 1415 1955 specie
1434 1917 1580 1942 nomen

154 1955 233 1994 hoc
270 1962 502 2007 merentur,
540 1957 635 2009 quia
659 1969 751 1995 cum
780 1963 864 1994 arte
892 1962 930 1994 et
957 1955 1162 2008 diligentia
1193 1963 1322 1995 textae
1348 1964 1453 1995 sunt.
1507 1958 1581 1995 Ex

155 2009 362 2063 Addend]
403 2045 408 2051 ,μ
547 2047 551 2048 ⁷
704 2046 705 2049 ,
929 2044 933 2051 ,Α
1048 2042 1051 2043 ⁷
1231 2044 1234 2045 γ

262 2064 311 2103 C.
332 2066 374 2105 5.
398 2064 512 2118 [47o‚
535 2063 590 2118 5.]
629 2062 710 2104 α’πὸ
742 2065 984 2115 διβλαττίων
1026 2057 1168 2104 ἇετῶν.
1222 2065 1389 2104 Reddidi
1418 2070 1581 2119 quor-um

146 2121 434 2174 praestantiora
466 2120 620 2174 quidem
638 2130 783 2158 assutas
811 2121 951 2158 habent
977 2121 1130 2174 aquilas
1150 2119 1353 2158 diblatteas
1365 2148 1383 2166 ‚
1411 2120 1479 2158 sed
1509 2121 1580 2159 de-

155 2173 322 2213 bueram
351 2187 514 2227 quorum
541 2176 829 2227 praestantiora
857 2175 1012 2229 quidem
1030 2175 1152 2226 sacta
1187 2183 1272 2212 sunt
1308 2188 1363 2212 ex
1395 2175 1580 2214 diblatteo

157 2228 243 2282 [seu
270 2228 331 2267 bis
357 2227 502 2281 tincto]
530 2229 603 2267 illo
632 2230 762 2282 panni
787 2244 947 2281 genere,
992 2228 1099 2282 quod
1135 2229 1184 2266 ab
1225 2230 1383 2266 intextis
1440 2231 1582 2283 aquilis

155 2296 293 2335 tgomen
321 2283 447 2321 habet.
504 2282 724 2321 Credebam
742 2297 883 2335 nempe
911 2291 1012 2329 tum,
1045 2283 1222 2334 aquilas,
1255 2283 1411 2334 imperii
1439 2284 1580 2322 Graeci

157 2338 314 2390 insigne
334 2367 345 2387 ,
384 2344 533 2376 assutas
559 2337 763 2376 tibialibus
792 2351 858 2375 seu
887 2338 1039 2375 braccis
1068 2338 1200 2375 fuisse.
1257 2337 1447 2375 Nondum
1474 2337 1581 2376 scili-

157 2398 221 2435 cet
257 2399 352 2430 tun‘c
391 2392 569 2431 videram
609 2391 789 2430 Caesaris
831 2392 997 2431 CPtani,
1021 2392 1232 2444 imaginem
1266 2391 1382 2429 Villam
1403 2421 1414 2437 ,
1462 2406 1583 2444 quam

158 2445 428 2486 Rhamnusius
467 2445 630 2485 laudato
668 2445 786 2498 paulo
827 2453 918 2484 ante
958 2445 1060 2484 libro
1088 2459 1160 2484 suo
1187 2446 1237 2483 de
1254 2444 1363 2484 Bello
1393 2446 1581 2496 Veneto,-

159 2497 248 2538 loeo
273 2503 430 2539 tertiam
445 2529 456 2551 ,
488 2502 704 2552 proposuit,
731 2507 855 2539 totam
882 2514 1099 2552 respersam
1133 2501 1290 2538 intextis
1317 2500 1472 2553 aquilae
1499 2502 1583 2540 sin-¹

159 2553 308 2605 gularis
333 2585 345 2602 ,
375 2569 455 2594 non
484 2555 656 2607 bicipitis
674 2584 685 2604 ,
715 2555 870 2607 figuris„
918 2554 986 2593 Ab
1024 2555 1086 2592 his
1114 2554 1254 2607 aquilis
1296 2554 1471 2608 figuratis
1509 2555 1582 2594 adss

158 2606 286 2647 haesit
310 2622 442 2661 panno
470 2624 628 2648 nomen.
684 2608 833 2647 Retulit
859 2608 962 2647 hanc
996 2610 1121 2660 ipsam
1154 2610 1363 2662 imaginem
1393 2623 1485 2647 cum
1515 2623 1579 2648 re-

160 2660 279 2713 liquis
305 2663 457 2703 duabus
483 2679 508 2702 a
537 2663 781 2703 Rhamnusio
821 2664 934 2701 editis
972 2663 1207 2715 imaginibus
1253 2664 1504 2716 imperatoris
1541 2672 1580 2703 et

162 2715 422 2768 Imperatricis
434 2718 685 2757 CPtanorum
705 2719 770 2756 Du
790 2718 920 2771 Cange
940 2717 1078 2757 tabula
1098 2719 1171 2757 VI.
1201 2717 1360 2757 illarum
1377 2718 1577 2771 undecim,

208 2786 465 2827 Constantinus
488 2792 662 2839 Porphyr.
703 2793 775 2827 Vol.
803 2793 846 2826 11.
1277 2793 1320 2826 35
