1884 3132
221 135 297 179 An
338 135 636 180 CONSTANT.
676 135 870 177 Pomm.
912 137 983 175 DE
1021 135 1198 176 cmm.
1240 136 1336 174 Lm.
1377 137 1411 173 ι.
1468 113 1570 187 39ι

148 237 227 277 111.
254 237 317 278 16.
340 253 352 276 :
396 239 582 276 Omnium
608 252 739 276 rerum
762 251 839 276 non
869 237 991 275 solum
1027 237 1076 274 de
1104 244 1274 290 suscepta
1299 249 1362 275 eos
1375 265 1386 281 ,
1421 237 1491 290 qui
1513 250 1579 273 eas

147 293 332 343 vadunt,
363 295 567 348 percipere
607 293 803 340 volumus,
853 292 924 330 sed
961 293 1079 330 eciam
1119 306 1146 328 α
1178 300 1214 329 te
1244 291 1400 329 notitias
1441 304 1576 328 earum

144 347 334 387 subtiliter
358 349 532 386 retineri.
587 347 682 386 Vid.
702 348 769 384 Du
797 346 928 398 Cange
955 361 998 384 v.
1017 346 1182 384 Notitz'a.

256 402 303 440 C.
327 401 524 456 12.[397‚
554 401 636 454 18.]
667 396 839 452 κόμητες
869 400 1025 453 φυλῶν.
1066 399 1259 438 Affectata
1286 399 1385 437 haee
1413 400 1577 438 Latino-

148 471 241 495 rum
267 457 557 496 vocabulorum
574 486 587 507 ‚
615 470 716 508 quae
743 455 838 493 alias
857 455 1017 493 retineri
1038 468 1061 492 a
1080 454 1238 493 Graecis
1255 454 1382 492 solent
1401 484 1410 499 ‚
1453 457 1577 492 Grae-

149 513 207 550 cis
233 511 576 565 aequivalentibus
605 510 876 562 interpretatio
902 510 1108 562 negotium
1135 509 1339 560 interpreti
1368 508 1475 546 facit.
1502 509 1577 546 Vi-

149 566 300 605 dentur
329 566 465 619 φυλαί
506 566 571 604 hic
596 564 672 603 loci
701 565 806 602 idem
833 571 952 616 atque
989 564 1141 602 scholae
1185 571 1337 601 notare.
1406 563 1574 603 Caetera

146 635 308 674 quoque
334 634 463 669 nove,
494 621 535 659 id
564 627 621 659 est
647 626 805 672 praeter
831 633 982 657 morem
1010 619 1115 656 dicta
1132 647 1143 665 ‚
1191 617 1479 656 διδασκαλικοὶ
1501 633 1575 670 pro

149 677 439 728 magzkm'am's,
470 676 564 728 quia
594 689 737 727 nempe
764 687 839 713 vox
869 668 1117 718 διδάσκαλος
1146 674 1232 711 voci
1264 674 1447 724 magister
1470 687 1574 724 quo-

142 729 356 769 dammodo
383 730 595 782 respondet
611 760 623 779 ‚
653 743 746 782 ergo
762 730 950 781 magister
967 742 1167 766 sacrorum
1201 726 1426 765 officim-um
1454 728 1574 767 etiam

142 791 234 838 apte
260 799 285 824 a
312 785 472 824 Graecis
504 781 752 829 διδάσκαλος
783 790 963 822 vocatur.
1021 783 1131 835 Ergo
1158 784 1242 820 eius
1261 781 1471 828 officiales,
1492 783 1572 820 La-

139 840 216 878 tini
241 838 500 892 'magistriani
536 846 575 878 et
612 839 879 892 magisteriani
919 837 1013 876 dicti
1035 867 1045 884 ‚
1086 845 1192 876 reete
1218 851 1377 889 quoque
1406 836 1572 876 Graecis

139 891 431 934 διδασκαλικοὶ
454 894 656 932 dicuntur.
714 893 791 932 Sed
819 907 900 931 non
929 906 1150 945 pugnamus
1189 906 1295 930 nunc
1322 891 1372 930 de
1411 891 1568 941 verbis,

136 956 229 1001 apte
267 949 449 1002 inepteve
486 949 654 988 conficta
698 955 736 987 et
772 948 996 1000 dispensata
1038 948 1185 985 suerint
1219 961 1356 985 necne.
1425 946 1571 999 Liquet

137 1005 418 1058 magistrianos
446 1004 643 1056 designari
665 1018 677 1053 3
706 1003 791 1042 vid.
808 1002 980 1042 Guther.
1011 1016 1052 1054 p.
1073 1001 1166 1041 603.
1185 1009 1223 1040 et
1244 1001 1448 1039 Pachomii
1476 1016 1568 1040 ora-

141 1058 200 1097 tio
227 1061 379 1098 Graece
406 1066 446 1098 et
472 1060 614 1098 Latine
638 1059 743 1097 edita
770 1059 812 1096 in
841 1057 947 1096 calce
975 1057 1186 1095 Loescheri
1211 1057 1422 1094 Stromatei
1466 1058 1573 1095 sacri

135 1127 181 1165 p.
205 1113 320 1163 166„
351 1114 423 1152 ubi
455 1109 757 1165 μαγιστριανὸς
785 1111 965 1164 officialis
992 1111 1193 1159 redditur,
1233 1113 1326 1150 item
1346 1111 1412 1149 Du
1432 1111 1569 1162 Gange

133 1175 307 1222 utroque
332 1169 549 1208 Glossario.
579 1168 867 1222 *[Magistriani
882 1198 892 1214 ‚
908 1168 977 1219 qui
1006 1167 1108 1204 inter
1121 1166 1248 1205 officia
1264 1165 1438 1218 palatina
1461 1161 1567 1204 milli-

132 1222 275 1262 tabant
298 1224 374 1262 sub
398 1224 655 1276 dispositione
683 1223 859 1275 magistri
886 1222 1122 1260 officiorum.
1167 1221 1368 1259 Alteserra
1397 1221 1564 1270 Quaest-

136 1291 231 1331 pag.
247 1278 317 1318 82.
376 1278 576 1316 Iulianum
598 1279 903 1332 magistrianum
933 1278 1035 1329 Imp.
1058 1291 1150 1315 cum
1178 1278 1297 1314 sacris
1314 1276 1365 1313 ad
1384 1275 1568 1326 metam,

134 1331 379 1386 Aethiopum
399 1347 549 1386 regem,
569 1335 685 1372 misit.
715 1332 952 1384 Theophan.
976 1347 1016 1384 p.
1036 1330 1174 1384 zoe-*J*
1211 1330 1350 1382 Aeque
1378 1330 1567 1377 insolens,

133 1387 255 1439 paulo
281 1395 416 1426 tamen
443 1390 572 1440 aptior
616 1396 655 1427 et
682 1386 838 1439 planior
866 1393 924 1424 est
954 1381 1198 1438 λευκοφόροι
1233 1399 1305 1437 pro
1332 1385 1565 1431 candidati,

133 1441 410 1493 λευχεᾲιονες.
463 1443 600 1492 Quare
626 1450 759 1480 autem
786 1441 989 1479 affectator
1017 1440 1084 1478 hic
1116 1454 1255 1478 vocem
1294 1439 1451 1477 Decani
1482 1453 1566 1477 non

135 1496 232 1535 item
259 1496 337 1534 alia
365 1496 543 1547 Graeca⁷
573 1504 619 1534 ut
638 1503 839 1544 caeteras,
870 1495 1099 1543 mutaverit,
1126 1494 1264 1532 miror.
1297 1494 1388 1531 Non
1416 1495 1567 1545 reperi-

132 1549 203 1589 bat
228 1551 369 1605 procul
393 1551 519 1589 dubio
546 1551 813 1589 commodam.

242 1606 296 1644 D.
320 1620 360 1645 2.
385 1604 503 1660 [398‚
530 1605 587 1659 1.]
617 1602 690 1657 τὴν
718 1601 858 1656 ᾆόγαν.
887 1603 1038 1656 Rogarn
1063 1602 1195 1640 dando
1216 1601 1460 1655 significabat
1479 1602 1563 1640 Im-

129 1666 291 1712 perator
311 1690 323 1711 ,
352 1667 392 1699 et
432 1660 581 1713 legatos
615 1659 715 1698 tales
754 1666 792 1697 et
819 1659 995 1710 ipsorum
1022 1658 1203 1695 homines
1234 1658 1330 1695 iuris
1373 1657 1434 1694 sui
1479 1671 1564 1695 esse

131 1722 172 1753 et
197 1715 393 1768 stipendia
419 1729 492 1754 sua
521 1716 695 1763 mereri3
725 1713 902 1766 adeoque
929 1720 1141 1765 utrumque
1168 1713 1377 1763 imperium
1406 1725 1562 1758 unum,

130 1776 172 1808 et
197 1770 316 1809 ambo
346 1770 609 1823 Imperatores
638 1768 806 1820 collegas
835 1781 931 1806 esse.
986 1767 1060 1805 Est
1088 1774 1221 1804 autem
1250 1780 1346 1818 roga
1365 1766 1435 1816 (sic
1462 1773 1561 1804 tunc

128 1837 204 1875 pro
236 1826 462 1877 erogatione
497 1825 694 1874 dicebant)
732 1823 890 1876 largitio
909 1852 919 1870 ‚
961 1822 1135 1868 donum,
1183 1821 1417 1858 donativum
1436 1849 1448 1869 ‚
1489 1820 1561 1857 sti-

129 1878 320 1930 pendium
337 1909 348 1927 ,
377 1893 496 1917 omne
522 1879 632 1932 quod
660 1893 729 1917 seu
759 1879 932 1930 gratuito
960 1890 1029 1914 seu
1057 1890 1103 1914 ex
1127 1875 1262 1913 debito
1291 1875 1457 1912 merenti
1488 1873 1561 1912 da-

128 1939 213 1972 tur.
267 1933 397 1972 Erant
423 1948 542 1986 rogae
570 1933 738 1986 duplicis
759 1934 939 1986 generis,
968 1931 1286 1969 comitatensium
1314 1936 1353 1967 et
1371 1927 1559 1967 militum.

128 1986 224 2026 Illae
243 2017 255 2038 ,
300 2002 508 2041 procerum
525 1988 748 2026 aulicorum
768 1995 863 2040 puta
876 2015 888 2036 ‚
917 1987 1021 2024 circa
1047 1986 1189 2023 festum
1214 1983 1411 2036 paschatis
1442 1989 1560 2034 quot-

127 2043 243 2080 annis
283 2044 444 2081 nomine
479 2043 683 2081 charitatis
723 2057 790 2081 seu
835 2042 930 2079 doni
959 2041 1143 2093 gratuiti,
1196 2038 1264 2077 sed
1295 2052 1338 2076 re
1366 2050 1461 2075 vera
1486 2051 1560 2089 pro

126 2097 309 2135 mercede
334 2104 501 2135 navatae
528 2112 672 2150 operae
690 2105 729 2136 et
756 2096 958 2135 ordinario
988 2094 1130 2134 salario
1147 2092 1438 2146 pendebantur.
1463 2091 1558 2130 Dis-
1596 2139 1603 2143 .

125 2150 384 2190 tributionem
415 2151 505 2190 talis
538 2166 656 2205 rogae
683 2152 883 2205 eleganter
910 2157 949 2188 et
976 2156 1112 2187 curate
1154 2147 1341 2186 describit
1356 2176 1367 2196 ‚
1399 2147 1467 2198 qui
1491 2147 1555 2183 in-

129 2206 268 2244 terfuit
294 2207 565 2258 Luitprandus
592 2208 641 2245 L.
660 2208 736 2245 Vl.
759 2207 909 2244 Histor.
942 2204 1040 2256 Cap.
1070 2205 1121 2242 V.
1175 2204 1372 2240 Memorat
1398 2214 1557 2252 quoque

130 2259 333 2299 Cedrenus
361 2275 400 2312 p.
426 2261 520 2313 793.
550 2261 601 2302 D.
620 2262 660 2300 5.
680 2291 692 2310 ‚
733 2259 876 2299 collata
916 2273 958 2310 p.
983 2258 1077 2307 544.
1098 2259 1152 2295 D.
1178 2258 1215 2296 5.
1232 2263 1270 2295 et
1289 2256 1382 2321 ⁶233.
1404 2256 1458 2292 D.
1489 2268 1522 2292 1.
1540 2284 1554 2305 ‚

131 2315 203 2352 ubi
230 2315 551 2354 distributionem
579 2330 766 2368 rogat-um
794 2315 937 2353 factam
966 2315 1021 2351 ait
1047 2308 1152 2350 xuni
1180 2308 1254 2362 τὴν
1282 2308 1402 2360 αγίαν
1425 2307 1553 2360 μεγά-

127 2369 203 2421 λην
232 2369 422 2421 πέμπτην
449 2399 461 2419 ,
489 2369 530 2407 id
559 2377 617 2408 est
649 2370 713 2408 die
740 2369 843 2407 Iovis
862 2398 872 2415 ‚
905 2382 1023 2420 quem
1060 2380 1134 2405 nos
1173 2365 1345 2404 viridem
1382 2363 1552 2402 solemus

128 2423 328 2475 appellare
341 2454 352 2471 ‚
382 2426 562 2476 proxime
588 2424 888 2476 praecedentem
916 2429 1009 2460 ante
1035 2422 1179 2460 festum
1207 2418 1426 2457 Paschatis.
1466 2418 1552 2456 Hae

127 2478 357 2529 proceribus
383 2478 539 2518 debitae
553 2477 787 2530 φιλοτιμίαι
813 2485 896 2515 tam
925 2475 1104 2528 religiose
1133 2473 1458 2522 observabantur,
1487 2479 1547 2520 ut,

130 2545 255 2583 quum
283 2533 455 2572 Isaacius
485 2534 710 2572 Comnenus
739 2545 804 2569 eas
830 2531 1023 2581 abrogare
1063 2529 1183 2568 vellet
1199 2558 1210 2578 ‚
1247 2527 1500 2580 postmodum
1528 2541 1552 2565 a

133 2585 221 2624 Deo
247 2590 408 2640 punitus
437 2588 649 2629 diceretur.
668 2586 825 2638 Scyhtz.
846 2600 887 2637 p.
902 2584 995 2622 812.
1019 2585 1062 2622 B.
1085 2598 1123 2622 2.
1167 2583 1227 2622 Ex
1245 2582 1383 2622 eodem
1400 2581 1548 2635 p.829.

133 2640 181 2678 B.
203 2639 246 2679 8.
275 2649 428 2681 constat
456 2645 571 2682 citius
595 2655 753 2695 quoque
781 2640 892 2677 datas
921 2639 1037 2677 fuisse
1063 2639 1134 2677 has
1155 2652 1268 2692 rogas
1284 2666 1296 2686 ‚
1325 2643 1364 2675 et
1390 2651 1430 2689 p.
1450 2635 1544 2676 835.

133 2693 180 2733 B.
197 2694 272 2750 {ine
298 2705 491 2736 memorat
519 2698 651 2736 datam
669 2697 798 2749 pridie
817 2694 903 2733 festi
926 2693 1195 2732 Orthodoxiae
1212 2724 1221 2740 ,
1253 2705 1322 2731 seu
1342 2692 1383 2730 in
1412 2690 1550 2731 mediis
