1884 3132
235 145 310 187 An
348 143 647 188 CONSTANT.
681 144 878 188 Ponpn.
916 144 988 186 DE
1031 143 1212 186 OEmm.
1252 138 1350 186 1113.
1390 147 1423 186 1.
1455 125 1588 201 -401

158 247 259 288 dixit
283 250 392 302 apud
419 250 639 303 Diogenem
665 250 800 304 Lae‘rt.
830 263 874 303 p.
888 248 981 289 306.
1008 248 1048 289 8.
1107 249 1273 288 Veteres
1308 256 1442 288 tamen
1477 263 1593 290 συνι-

161 302 250 343 δεῖν
275 304 478 344 malebant
506 319 629 358 quam
657 303 850 359 συνορᾷν.
910 304 1328 358 Conf.Theophan.p-.
1346 305 1498 359 269.D.
1518 320 1595 346 an·-

159 364 259 412 tep„
281 359 373 401 501.
390 360 439 399 C.
463 359 506 399 6.
522 390 533 407 ‚
567 358 718 399 Novell.
739 360 879 398 lustin.
903 374 946 412 p.
972 373 1031 398 12.
1050 373 1089 413 9.
1523 375 1525 377 ’

267 414 315 453 Β.
339 427 398 453 10.
418 413 530 469 [402,
549 413 641 468 20.]
670 411 753 452 α’πὸ
782 409 1001 464 στόματος,
1058 414 1168 452 Idem
1187 413 1295 479 quod
1323 422 1477 455 veteres
1506 409 1589 455 ἅπό

158 463 348 521 γλώσσης
363 493 387 518 ,ι
402 470 529 508 verbis
570 484 638 508 ore
661 467 859 523 prolat12³5
902 466 1102 519 δέχεσθαι
1132 466 1212 507 ἀπο
1254 462 1481 519 στόματος,
1512 473 1590 510 ali-

158 537 274 578 quem
313 524 485 579 alloquio
519 523 584 563 vel
623 524 814 578 colloquio
843 532 1085 579 praesentem
1124 527 1307 577 excipere
1325 554 1334 571 ‚
1378 528 1593 578 opponitur

160 577 219 631 τῷ
248 573 330 616 α’πὸ
356 579 522 632 γραφῆς
556 578 621 618 vel
654 575 898 642 μηνύσεως,
933 592 1018 616 cum
1053 579 1187 632 aliquo
1228 593 1306 632 pet·
1341 580 1488 619 litter-as
1522 589 1593 620 aut

161 633 439 681 inter-nundum
457 648 586 686 agere-
608 630 712 672 ’Auo
742 632 888 681 λέξεως
904 633 1002 672 dixit
1019 633 1056 672 Ν
1060 633 1271 686 icephorus
1282 634 1461 674 Breviar.
1483 637 1589 675 Hist.

243 715 256 726 .
282 686 344 727 16.
366 688 406 726 3.

155 701 240 780 ‚pag
271 741 316 780 C.
344 755 378 780 1.
402 741 516 796 [403,
539 741 598 795 1.]
627 738 724 796 περὶ
748 741 820 796 τῆς
848 736 988 794 ὑγείας
1013 741 1091 782 τοῦ
1115 742 1335 793 βασιλέως.
1352 743 1448 784 Vid.
1469 745 1587 785 Cont.

155 794 345 849 ,Theoph.
365 811 404 850 Ρ.
426 797 492 836 60.
513 797 564 836 T.
583 796 622 837 5.

170 886 175 892 ,
238 892 242 894 ,
271 851 320 890 C.
339 865 381 905 9·-
403 851 519 906 [405,
537 851 596 906 8.]
636 849 762 902 ὑμᾶς.
818 851 1085 906 Perti-equens
1123 857 1183 892 est
1210 852 1317 906 apud
1347 853 1520 894 Graecos
1553 864 1592 895 ct

159 905 324 945 Latinos
351 901 469 958 ἡμεῖς
480 914 520 946 et
545 921 615 946 uos
641 920 715 960 pro
731 921 801 960 ego
828 908 936 960 poni.
969 909 1121 946 Verum
1148 905 1283 958 ὑμεῖς,
1306 923 1390 956 vos,
1422 911 1463 948 in
1492 910 1591 950 allo-

154 961 316 1000 cutione
352 961 405 1000 ad
429 961 600 1001 alterum
639 975 810 1016 eumque
840 975 981 1010 unum,
1010 963 1243 1016 praesertim
1273 964 1338 1002 cui
1366 967 1593 1005 veneratio-

157 1029 253 1054 nem
278 1017 415 1056 testari
441 1018 618 1056 studium
647 1025 732 1056 erat
750 1046 763 1068 ‚
793 1017 1025 1057 insolentius
1057 1025 1129 1057 est.
1170 1018 1257 1057 Non
1281 1018 1426 1058 desunt
1457 1027 1592 1060 tamen

159 1071 339 1124 exempla
356 1101 367 1119 ‚
398 1073 441 1111 in
467 1072 615 1126 quibus
643 1073 761 1112 etiam
790 1086 976 1126 praesens
1003 1073 1115 1112 locus
1137 1080 1195 1112 est
1209 1101 1220 1122 ‚
1251 1087 1354 1126 quae
1381 1077 1484 1114 mori
1513 1076 1590 1115 ho-

156 1139 250 1165 rum
276 1125 526 1166 saeculorum
553 1129 631 1166 iam
659 1130 832 1181 antiquis
858 1127 937 1167 illis
953 1127 1184 1180 praelusum
1211 1128 1330 1167 fuisse
1355 1130 1588 1170 ostendunt.

161 1222 167 1228 ,
267 1180 317 1220 C.
345 1195 406 1220 10.
428 1181 542 1234 [405,
562 1182 618 1235 8.]
646 1183 897 1235 λυπηθῆναι.
953 1183 1108 1235 Irasci,
1153 1197 1393 1235 sla-censere,
1426 1184 1589 1238 offendi.

156 1233 262 1276 Nam
290 1232 401 1287 λύπη
433 1239 567 1289 novis*
590 1238 752 1277 Graecis
794 1237 1046 1290 qffi’nszbnem
1063 1266 1078 1287 ,
1112 1239 1345 1277 simultatem
1364 1269 1375 1285 ‚
1413 1241 1590 1280 malevo-

156 1290 317 1333 lentiam
334 1298 475 1341 notat3
506 1291 589 1331 vid.
619 1307 659 1345 p.
687 1291 781 1342 245.
806 1294 855 1331 C.
879 1306 915 1332 1.
935 1321 948 1342 ‚
975 1292 1243 1345 Theophanes
1270 1308 1312 1346 p.
1336 1292 1405 1345 84.
1429 1296 1480 1334 C.
1498 1296 1587 1345 ult„

157 1343 230 1386 85.
252 1346 299 1384 C.
322 1359 410 1394 10.,
429 1345 498 1386 86.
517 1348 559 1388 B.
597 1361 655 1386 10.
683 1362 695 1386 ε
737 1343 789 1386 τὰ
827 1347 925 1399 περὶ
959 1348 1231 1399 Πουλχερίας
1268 1345 1436 1401 λυπηροὶ
1481 1365 1588 1390 κατα

162 1399 408 1448 Φλαβιανοῦ
426 1428 438 1449 ,
466 1415 513 1439 ea
530 1430 542 1451 ‚
569 1416 670 1456 quae
696 1403 800 1440 circa
836 1403 1087 1440 Pzdcheriam
1125 1402 1374 1449 acciderant,
1412 1406 1589 1444 animum

160 1453 367 1493 Eudociae
397 1455 583 1494 adversus
606 1457 847 1494 Flavianum
881 1457 1181 1504 exacerbantia,·
1212 1458 1308 1495 item
1340 1471 1381 1509 p.
1428 1458 1518 1497 126.
1537 1460 1584 1497 C.

159 1522 199 1546 0.
218 1508 302 1558 fin.,
333 1508 423 1561 195.
442 1510 488 1547 B.
511 1524 553 1562 7.
577 1540 587 1556 ‚
620 1510 712 1549 208.
729 1511 774 1548 Β.
797 1525 859 1560 2.,
888 1509 982 1561 402.
1003 1510 1057 1548 A.
1083 1524 1141 1559 1.‚
1171 1510 1342 1552 Cedren.
1361 1525 1403 1563 p.
1423 1512 1518 1565 337.
1540 1514 1590 1552 C.

160 1562 200 1617 5.Ι
221 1570 296 1602 etc.
316 1577 328 1611 ς
357 1563 441 1601 vid.
471 1563 696 1603 Chilmead.
717 1564 768 1602 ad
787 1564 924 1603 Malal.
947 1565 998 1602 T.
1019 1565 1053 1602 1.
1074 1579 1115 1617 p.
1135 1563 1201 1603 50.
1261 1565 1483 1617 Usurpavit
1510 1568 1590 1607 iam

157 1617 447 1657 Demosthenes
474 1619 699 1658 λυπεῖσθαι
727 1633 774 1657 co
800 1633 918 1658 sensu
947 1633 988 1671 p.
1009 1619 1102 1672 373.
1120 1632 1161 1671 9.
1177 1618 1274 1657 edit.
1295 1620 1453 1659 Morell.

157 1712 182 1720 -
270 1672 317 1711 C.
342 1672 418 1711 ult.
443 1671 558 1726 [403,
584 1673 669 1727 11.]
718 1671 925 1726 ῥίπτοντες
961 1667 1137 1718 ἑαυτοὺς
1173 1672 1244 1711 ἐπὶ
1278 1673 1348 1725 τῆς
1384 1674 1472 1726 γῆς.
1534 1676 1589 1724 In

157 1735 306 1766 terram
330 1729 546 1781 provoluti,
582 1735 668 1767 toto
697 1742 863 1781 corpore
887 1744 898 1781 3
926 1729 1059 1767 minus
1086 1734 1192 1766 recte
1219 1728 1262 1767 in
1270 1728 1424 1769 Latinis
1450 1730 1587 1769 reddi-

157 1781 228 1834 di3
256 1782 342 1822 vid.
364 1783 415 1820 ad
434 1796 475 1835 p.
496 1782 590 1822 236.
613 1783 670 1823 A.
691 1782 765 1822 ult.
867 1829 870 1831 ,
1076 1831 1081 1834 .
1211 1830 1213 1832 q
1449 1831 1452 1834 ἢ
1532 1834 1534 1837 Ι

267 1837 321 1875 D.
339 1836 414 1875 ult.
435 1836 548 1890 [403,
578 1837 658 1891 17·]
688 1834 1009 1887 σουβαδίουβαν.
1064 1835 1294 1876 Subadiuva
1330 1845 1388 1876 est
1414 1838 1588 1879 vicarius

158 1891 350 1930 adiutoris
366 1891 431 1930 vel
447 1892 638 1941 adiuvae,
670 1900 716 1931 ut
734 1892 800 1931 hic
818 1900 875 1931 est
893 1893 1070 1944 magistri
1094 1906 1104 1941 3
1136 1892 1219 1930 vid.
1241 1882 1408 1934 Guthe1·.
1427 1908 1470 1945 p.
1487 1895 1585 1947 391.

242 1945 396 1987 235.C.
417 1946 457 1984 5.
482 1946 591 2000 [405,
620 1946 672 2001 1.]
702 1947 984 1986 APMATUS.
1021 1946 1219 1996 Reddidi,
1245 1954 1291 1985 ut
1319 1949 1359 1985 in
1387 1949 1589 1987 membra-

114 2003 123 2015 *
158 2000 221 2039 nis
263 2000 422 2047 inveni,
477 2001 679 2041 miscelam
719 2003 895 2041 Graecae
933 2002 1157 2054 scriptionis
1205 2008 1245 2040 et
1297 2004 1590 2042 terminationis

157 2069 252 2094 cum
278 2055 434 2094 Latina.
465 2055 499 2093 P
528 2071 602 2109 pro
630 2058 667 2096 R
694 2063 734 2096 et
759 2057 984 2096 terminatio
1011 2056 1081 2095 US
1110 2069 1184 2108 pro
1212 2055 1279 2094 OS
1309 2057 1460 2096 Graeca
1479 2065 1587 2107 sunt,

157 2109 312 2162 reliqua
341 2110 517 2159 Latina3
556 2110 621 2150 vel
659 2113 793 2165 potius
825 2111 1052 2150 terminatio
1082 2124 1125 2148 us
1153 2111 1317 2149 Graecis
1344 2123 1436 2150 cum
1464 2112 1588 2165 vulgo

156 2164 303 2203 Latino
329 2165 552 2204 communis
579 2173 651 2204 est.
683 2168 819 2205 Etiam
839 2165 1056 2220 grandibus
1083 2164 1224 2203 litteris
1250 2164 1312 2213 his
1339 2167 1458 2217 ipsis,
1487 2181 1588 2219 quas

158 2218 286 2268 vides,
314 2217 439 2257 lector
459 2247 471 2268 ,
500 2228 730 2259 exaraverat
756 2220 956 2267 librarius,
987 2219 1095 2273 quod
1123 2220 1268 2271 passim
1287 2220 1379 2258 fecit
1409 2221 1449 2259 in
1478 2221 1587 2260 voci-⁴

155 2273 232 2312 bus
273 2274 437 2312 Latinis.
491 2274 652 2313 Solebat
677 2282 811 2314 autem
851 2274 995 2327 vulgus
1028 2273 1241 2320 113ῒί111101,-
1286 2287 1355 2312 seu
1394 2276 1503 2328 quod
1529 2276 1586 2315 sic

156 2335 272 2367 vetus
299 2328 475 2381 vulgaris
502 2329 668 2368 Latinus
693 2343 822 2368 sermo
849 2343 873 2367 a
902 2328 1118 2368 majoribus
1143 2334 1326 2380 acceptus
1354 2329 1497 2377 ferret,
1515 2344 1587 2370 seu

157 2383 267 2434 quod
293 2384 539 2422 Graecorum
565 2384 809 2422 consuetudo
838 2383 879 2422 id
911 2383 1119 2422 invexisset
1132 2404 1146 2433 9
1174 2384 1417 2423 accusativos
1446 2384 1585 2436 plura-

160 2435 217 2475 les
232 2466 244 2486 ,
274 2451 374 2490 quos
401 2438 648 2490 grammatici
678 2439 719 2476 in
745 2452 788 2476 os
813 2438 1030 2477 terminant
1047 2466 1059 2483 ‚
1103 2437 1146 2475 in
1173 2451 1216 2475 us
1244 2437 1373 2486 finire.
1431 2439 1491 2478 Ut
1517 2437 1584 2478 hic

158 2501 331 2530 armatas
358 2506 432 2544 pro
461 2501 633 2531 armatos
658 2491 850 2531 habemus
869 2521 881 2543 ,
909 2493 966 2530 sic
992 2491 1087 2530 alibi
1114 2492 1241 2529 nostri
1258 2492 1402 2532 codicis
1429 2492 1585 2532 famula

160 2553 219 2583 ms
243 2560 366 2585 annus
393 2560 466 2599 pro
493 2548 536 2585 in
566 2547 703 2586 multos
726 2560 849 2585 annos
862 2561 878 2595 ,-
902 2547 999 2584 item
1027 2559 1118 2598 pag.
1139 2543 1232 2596 404.
1256 2546 1302 2588 C.
1319 2544 1582 2586 PARATUS

159 2611 233 2650 pro
254 2610 441 2653 paratae,
470 2615 612 2654 nempe
640 2600 858 2654 flagitamus
872 2630 883 2647 ‚
918 2599 982 2639 vel
1010 2601 1240 2638 arcessimus
1254 2629 1267 2651 ‚
1314 2601 1377 2639 vel
1405 2601 1485 2641 huc
1512 2602 1584 2641 ad-·

162 2661 247 2692 esse
272 2654 468 2694 volumus2
528 2655 652 2708 Apud
681 2657 948 2695 Muratorium
973 2656 1015 2693 in
1041 2654 1248 2694 Thesauro
1278 2651 1461 2709 Inscript.
1490 2671 1582 2710 pag.

170 2706 286 2760 1669.
305 2722 347 2747 n.
372 2724 412 2762 7.
429 2713 471 2748 in
497 2710 754 2763 inscriptione
779 2709 1010 2764 retrograde
1036 2717 1194 2749 exarata
1222 2716 1281 2749 est
1306 2711 1438 2752 ELIA
1464 2712 1585 2752 VIN-2

207 2780 469 2819 Constantinus
500 2785 676 2831 Porphyr.
707 2786 741 2820 V
742 2786 787 2821 ol.
812 2785 860 2821 ΙΙ.
1280 2787 1326 2820 26
