1884 3132
351 153 427 197 AD
465 151 808 196 Arrmmcnm
842 151 942 192 Lm.
983 151 1018 191 1
1079 150 1151 190 DE
1191 148 1452 192 01111111οΝ.
1517 130 1649 204 -499

181 259 345 299 dentur
373 258 635 299 almonariam
667 256 733 296 vel
761 255 1072 309 almosynariam
1099 255 1265 293 bursam
1298 267 1375 307 app
1378 253 1532 293 ellasse.
1572 253 1652 293 At-

196 321 364 362 tamen,
395 328 446 353 ne
474 313 573 367 quid
594 311 837 351 dissimulem
857 340 869 360 ‚
898 325 938 364 p.
961 309 1056 363 417.
1090 309 1144 348 Α.
1161 309 1282 348 modo
1310 309 1471 348 laudata
1500 308 1650 348 sacellii

198 368 444 408 chartulario
505 382 588 407 non
626 374 784 406 tantum
815 366 974 405 subesse
1003 365 1192 403 dicuntur
1220 363 1407 403 officiales
1434 365 1486 404 ad
1515 365 1650 419 religi-

198 438 318 464 onem
346 426 614 486 pertinentes,
654 429 700 460 ut
728 420 916 475 praesenti
956 420 1245 472 hospitalium,
1287 419 1502 471 senilium,
1531 421 1650 459 char-

198 478 334 518 tularii
363 479 725 527 monasteriorum,
764 476 834 515 sed
874 477 994 515 etiam
1022 474 1186 524 civiles,
1216 477 1360 513 notarii
1390 477 1513 528 regii,
1554 490 1650 530 pro-

197 535 390 574 tonotarii
417 533 620 587 legionum
648 538 718 570 aut
744 531 1075 584 provinciarum,
1103 544 1304 569 mensores
1327 529 1553 580 frumenti,
1585 539 1649 583 et,

200 588 311 643 quod
339 590 520 629 omnium
549 587 718 627 maxime
755 586 808 625 ab
834 586 977 625 ordine
1017 598 1131 624 sacro
1161 585 1380 636 abhorret,
1426 588 1651 639 praefectus

199 643 417 698 thymelae.
490 643 584 683 Non
622 655 768 696 parum
813 641 880 680 hic
925 641 1037 680 locus
1087 654 1219 679 meam
1258 643 1496 681 sententiam
1540 643 1653 683 labe-

202 699 338 738 factat.

311 755 360 793 B.
380 767 420 805 7.
464 751 591 806 [461,
627 749 691 804 3.]
741 748 763 788 ὅ
810 749 885 801 {212
887 746 1075 802 οστάτης.
1154 751 1306 789 Mirum
1346 751 1476 791 videri
1504 761 1650 806 queat,

191 822 328 863 ,quare
354 807 635 861 libripendes
624 821 667 845 111
687 805 839 846 bellum
859 812 899 844 et
926 812 1056 844 castra
1084 804 1194 844 ducti
1217 806 1379 846 fuerint.
1439 808 1527 847 Non
1555 824 1650 862 par-

192 878 280 910 vvus
307 871 443 903 tamen
469 875 610 902 eorum
651 861 708 900 ibi
736 875 898 915 quoque
936 874 1033 899 usus
1061 868 1162 900 erat.
1217 861 1403 914 Ipsorum
1430 864 1537 902 enim
1566 873 1652 904 erat

194 932 348 964 *aurum
386 925 675 972 argentumque
719 931 818 955 num
865 915 1037 969 probum
1066 916 1118 954 sit
1155 916 1388 969 explorare,
1418 918 1538 973 idque
1566 934 1650 960 una

203 988 297 1014 cum
323 975 489 1028 gemmis
505 1003 519 1023 ,
560 973 810 1025 margaritis,
852 979 963 1010 veste
995 978 1035 1010 et
1063 970 1306 1024 supellectile
1334 976 1476 1026 quavis
1506 977 1655 1027 pretio-

205 1043 250 1068 sa
277 1029 502 1068 aestimaiue
558 1028 601 1066 Si
628 1027 726 1080 quid
745 1040 840 1080 ergo
868 1026 1051 1065 host1bus
1080 1027 1325 1067 adimeretur
1352 1030 1393 1068 in
1421 1030 1570 1081 praeda
1590 1046 1654 1070 cu·

205 1085 240 1124 si
267 1085 356 1123 auri
376 1084 584 1137 313011ῐίνο
634 1089 705 1120 aut
733 1081 986 1136 supellectilis
1005 1082 1216 1134 p1etiosae,
1248 1085 1380 1135 operis
1399 1083 1588 1138 elegantis
1616 1095 1656 1126 et

205 1139 434 1188 artificiosi,
471 1137 674 1177 debebant
714 1137 774 1176 illi
817 1137 894 1176 hoc
938 1138 1147 1176 aestimare
1163 1166 1175 1188 ,
1202 1139 1449 1191 ponderare,
1461 1114 1526 1178 t>ut
1554 1142 1655 1194 quid

204 1194 374 1248 dignum
399 1168 450 1232 sit
477 1195 692 1232 insacrum
720 1194 956 1232 vestiarium
985 1192 1139 1242 inferri,
1170 1201 1210 1232 et
1236 1197 1376 1246 quanti
1405 1195 1652 1247 faciendum,

205 1257 278 1288 aut
302 1249 335 1289 si
378 1248 477 1302 quid
514 1248 591 1287 sub
630 1247 744 1286 hasta
782 1247 944 1311 publice
969 1248 1186 1286 secandum
1215 1257 1341 1299 esset,
1368 1252 1542 1303 pretium
1569 1252 1653 1292 eius

203 1305 297 1343 sciri
327 1310 472 1357 posset.
528 1302 641 1341 Alias
669 1304 711 1341 in
738 1305 878 1355 quavis
906 1302 1007 1341 urbe
1035 1304 1187 1342 maiore
1216 1306 1457 1344 constitutus
1484 1313 1571 1344 erat
1598 1306 1649 1345 li-

206 1358 396 1412 bripens,
424 1359 494 1411 qui
523 1364 702 1396 monetas
722 1357 961 1420 exploraret,
992 1372 1090 1396 num
1119 1358 1269 1410 Ρ101)30
1294 1366 1333 1398 et
1360 1362 1472 1399 cuius
1501 1361 1655 1413 ponde-

206 1415 287 1466 ris,
315 1414 485 1465 ideoque
525 1419 639 1451 natas
675 1413 966 1451 controversias
1008 1412 1227 1452 dirimeret.
1273 1415 1327 1452 V.
1358 1415 1577 1455 Panciroll.
1606 1416 1658 1455 de

207 1468 388 1521 magistr.
418 1468 611 1519 municip.
661 1481 699 1504 e.
729 1468 845 1505 XIV.
911 1467 1131 1519 Propterea
1174 1482 1335 1521 quoque
1360 1470 1401 1507 in
1429 1471 1656 1523 receptione

207 1526 402 1577 pecuniae
445 1521 767 1571 adhibebantur,
805 1529 850 1559 ut
897 1529 1052 1560 constat
1082 1537 1104 1561 e
1142 1523 1366 1562 Menandro
1394 1525 1652 1576 Protectore‚

208 1579 324 1617 cuius
350 1577 477 1617 verba
505 1591 548 1630 p.
571 1591 659 1616 120.
659 1576 876 1639 „Excerph
913 1577 1120 1641 Legation.
1167 1577 1379 1617 Hoeschel.
1405 1578 1506 1618 haee
1533 1587 1653 1619 sunt:

201 1632 553 1700 παραγινομένην]
579 1644 702 1670 τινων
729 1630 910 1682 Περσῶν
938 1644 997 1676 εις
1027 1628 1081 1670 τὸ
1112 1627 1261 1683 Δάρας
1281 1662 1293 1682 ,
1326 1627 1388 1680 οις
1414 1631 1460 1672 τὸ
1491 1630 1654 1673 τοιόιὸε

208 1687 256 1727 ἐν
275 1688 492 1741 φροντίσιν
507 1683 672 1738 ὑπῆρχε
692 1689 847 1752 (nempe
874 1687 1047 1747 receptio
1066 1700 1342 1737 nummorum,
1370 1702 1470 1741 quos
1483 1689 1655 1728 Romani

203 1741 345 1783 Persis
373 1742 584 1791 debebant)
614 1755 704 1779 aua
727 1740 862 1807 Ἴἰξιιόις
878 1741 962 1779 τῶν
990 1736 1222 1806 ἑρμηνέων
1229 1756 1298 1780 και
1326 1747 1413 1790 τοῖς
1440 1745 1522 1782 τῶν
1550 1747 1656 1783 πλα-

207 1797 389 1848 στίγγων
415 1794 682 1845 ἐπιστάταις,
713 1794 980 1861 ἀπεκατέστη
998 1800 1087 1841 τοῖς
1122 1809 1217 1846 περι
1245 1796 1316 1836 τὸν
1341 1795 1426 1848 Ζίχ
1452 1794 1504 1837 τὰ
1536 1793 1655 1852 ὄφει-

210 1849 367 1902 λόμενα
391 1847 594 1902 χρήματα
631 1853 712 1890 τῶν
747 1847 776 1898 ζ’
802 1850 1027 1898 ἐνιαυτῶν,
1069 1851 1164 1888 item
1193 1851 1379 1891 Zosimo
1394 1853 1468 1891 lV.
1504 1854 1572 1894 28.
1605 1868 1650 1920 Ρ.

211 1904 310 1957 412.
340 1906 403 1944 ed.
432 1905 603 1944 Cellar.:
634 1898 687 1956 ἦν
714 1903 819 1944 ἰδεῖν
846 1917 945 1951 τους
964 1902 1306 1963 ἀργυραμοιβούς
1332 1906 1405 1945 καί
1431 1905 1655 1958 ὀβολοστά-

211 1973 288 2006 τας
316 1959 390 1998 καί
416 1952 569 2006 αλλους
607 1959 670 1999 ἐπ’
711 1958 868 2011 α’γορᾶς
894 1974 943 1998 τα
992 1960 1073 1998 τῶν
1097 1956 1449 2026 ἐπιτηδευμάτων
1478 1960 1657 2031 αἰσχρό-

210 2028 314 2054 τατα
335 2011 582 2064 μετιόντας,
612 2013 939 2078 ἐπιφερομένους
976 2010 1028 2053 τὰ
1058 2014 1140 2053 τῶν
1166 2013 1310 2065 α’ρχων
1337 2012 1555 2067 σύμβολα,
1583 2015 1657 2058 καί

210 2073 296 2114 τοῖς
327 2066 495 2108 πλείονα
531 2067 695 2108 τελοῦσι
729 2064 931 2120 χρήματα
957 2071 1025 2121 (ita
1062 2069 1154 2122 leg.)
1184 2066 1257 2115 τὰς
1283 2069 1492 2121 ἐπαρχίας
1518 2087 1655 2126 παρα-

215 2119 426 2170 διδόντας.
496 2124 652 2162 Verum
695 2138 776 2162 non
805 2137 946 2163 aureos
972 2132 1258 2177 argenteosque
1284 2132 1441 2164 tantum
1469 2141 1655 2168 nummos

214 2185 255 2227 et
281 2192 375 2216 vasa
403 2178 642 2229 censebant,
680 2186 924 2231 quapropter
959 2180 1078 2218 etiam
1107 2180 1210 2218 infra
1250 2194 1291 2232 p.
1327 2180 1424 2243 427.
1449 2181 1495 2220 C.
1514 2197 1552 2236 7.
1583 2198 1653 2236 zy-

214 2240 391 2286 gostatae
418 2240 458 2271 et
482 2233 676 2272 aurifabri
713 2234 876 2286 palatini
900 2236 1223 2288 coniunguntur:
1256 2234 1325 2273 sed
1354 2236 1472 2274 etiam
1501 2251 1656 2290 purpu-

215 2300 282 2326 ras
310 2287 588 2337 aestimabant,
633 2290 769 2327 v·e1ine
806 2289 992 2337 luminis,
1035 2304 1087 2328 an
1115 2289 1237 2328 falsae
1267 2297 1306 2328 et
1332 2290 1567 2331 subditiciae
1593 2306 1655 2331 es-

214 2349 327 2390 sent,
358 2344 455 2381 item
482 2357 657 2395 gemmas
676 2350 716 2381 et
742 2342 819 2382 alia
849 2344 1035 2396 pretiosa.
1094 2344 1264 2437 1¹²3ngss
1289 2344 1365 2382 hac
1394 2345 1443 2384 de
1471 2359 1515 2384 re
1543 2346 1654 2387 locus

214 2404 275 2436 est
301 2398 410 2451 apud
453 2398 719 2436 Themistium
747 2406 851 2437 orat.
880 2399 998 2438 XXI.
1029 2413 1071 2464 Ρ.
1094 2398 1243 2452 247.Β
1245 2425 1257 2437 .
1278 2429 1291 2449 ,
1319 2413 1446 2466 quem
1479 2415 1562 2440 non
1588 2403 1654 2455 pi-

215 2451 324 2519 g’ebit
351 2452 590 2492 adscribere:
610 2445 637 2504 ἦ
666 2448 770 2503 πρὸς
786 2449 905 2514 Διὸς,
937 2452 977 2492 ει
999 2451 1077 2516 μέν
1105 2466 1168 2498 τις
1191 2452 1371 2518 χρυσίον
1395 2450 1652 2520 υπόχαλκον,

216 2521 244 2558 η
281 2519 503 2575 ⁷¹⁰?‘PUO‘22‘
520 2507 780 2571 ἐψευσμένην
795 2504 842 2545 τὸ
858 2499 1024 2553 ἇνθος’
1000 2501 1031 2559 η“
1046 2506 1167 2545 λίθον
1182 2503 1485 2557 ἐπιβουλευσας
1501 2508 1560 2556 εἰς
1575 2507 1654 2577 τὴν

218 2559 377 2626 ἀγορὰν
404 2561 509 2625 ὑμῖν
534 2557 766 2612 εισαγάγοι,
796 2557 1004 2613 ὄργιεϊσθὲ
1037 2574 1083 2600 τε
1109 2575 1179 2599 και
1209 2559 1286 2599 οὔκ
1311 2561 1530 2613 ἀνέξεσθε,
1562 2562 1654 2605 ἄλλ’

219 2611 277 2660 ὥς
301 2611 529 2669 κακοῦργόν
556 2630 650 2655 τινα
669 2617 742 2656 καί
767 2615 1022 2666 παλίμβολον
1046 2615 1275 2682 μαστιγοῦν
1300 2614 1571 2681 παραδώσετε
1596 2620 1656 2659 τηῗ

222 2670 474 2725 τεταγμένα),
512 2685 582 2710 και
635 2667 704 2710 διὰ
745 2669 867 2709 τοῦτο
908 2667 1127 2734 ἐξευρηται
1163 2667 1263 2721 ὑμῖν
1305 2668 1437 2710 πολλὰ
1470 2673 1550 2723 μὲν
1575 2660 1656 2713 wi'i

218 2725 400 2775 χρυσοῦ,
427 2710 558 2766 πολλὰ
584 2725 628 2766 δὲ
657 2720 894 2779 πορφύρας,
931 2721 1061 2764 πολλὰ
1090 2723 1136 2764 δὲ
1165 2722 1378 2766 v‘am‘rem
1402 2725 1655 2781 βασανιστή-
