1884 3132
163 167 239 211 An
276 163 800 209 CONSTANUPORPH.
840 161 911 200 DE
949 158 1128 200 calum.
1169 158 1265 198 Lm.
1306 159 1338 196 ι.
1402 135 1513 210 349

90 272 220 312 riandi
262 271 316 310 ob
352 270 599 317 vindemias,
639 268 726 320 (qui
763 266 882 304 etiam
909 263 1039 303 adhuc
1081 266 1121 302 in
1152 261 1333 301 Helvetia
1361 269 1400 300 et
1428 261 1515 300 aliis

86 328 252 368 vitiferis
284 325 512 379 regionibus
542 323 694 362 obtinet
710 323 737 372 ‚)
769 336 791 360 e
816 321 926 359 curia
954 327 1132 359 veterum
1163 319 1292 370 impp.
1315 318 1514 356 Romano-

90 397 183 422 rum
203 413 214 432 ,
243 382 293 420 de
321 394 492 434 quorum
520 375 894 418 vindemiationibus
933 389 1001 413 scu
1041 372 1257 412 secessibus
1297 372 1347 411 ad
1378 372 1516 411 vinde-

91 439 190 476 mias
217 437 299 475 vid.
331 434 559 474 Casaubon.
589 433 640 471 ad
669 430 783 470 illum
810 429 901 468 Iulii
931 428 1143 481 Capitolini
1181 427 1312 465 locum
1351 428 1393 465 in
1435 428 1517 466 vita

91 492 286 531 Antonini
318 491 379 529 Pii
397 505 432 528 c.
454 505 467 528 1
482 504 540 527 1.:
597 487 818 525 vindemias
839 486 993 539 privati
1015 484 1130 522 modo
1151 497 1234 520 cum
1258 483 1392 520 arnicis
1423 497 1516 534 age-

92 548 183 594 bat,
205 549 277 599 qui
304 546 413 584 locus
433 559 454 583 e
482 544 628 582 Nostro
658 541 810 593 egregie
846 538 1080 578 illustratur.
1138 537 1432 575 Commemorat
1462 537 1518 575 ibi

95 602 172 640 loci
201 600 458 640 Casaubonus
485 598 626 636 festum
653 597 734 634 τῶν
764 592 1032 644 οἰνωμάτων,
1071 593 1254 645 idemque
1286 599 1398 644 putat
1426 606 1518 630 cum

94 657 200 695 feriis
239 652 543 695 vindemialibus
580 652 713 690 fuisse.
781 650 918 687 Donec
960 661 1182 700 cognovero
1222 647 1406 685 idoneum
1435 648 1519 685 eius

93 710 276 750 vocabuli
313 716 539 755 auctorem,
584 712 804 758 suspectam
846 703 948 742 hanc
987 703 1305 741 observationem
1342 702 1517 741 habebo.

91 767 136 804 Si
162 764 318 804 nullum
345 763 467 802 alium
483 761 668 802 habuerit
684 758 968 807 Casaubonus,
999 772 1119 811 quam
1136 756 1376 810 Agathiam,
1407 759 1520 796 cuius

93 820 251 869 locum,
280 820 365 858 vitii
395 819 591 856 immerito
617 822 841 868 suspectum
869 813 1063 863 habitum,
1094 812 1308 851 vindicabo
1337 819 1375 850 et
1399 826 1519 865 expo-

93 886 187 914 nam
214 874 264 913 ad
295 888 384 927 pag.
401 874 494 926 547.
518 872 571 910 A.
591 900 603 920 ,
647 870 715 909 ubi
744 883 873 908 sermo
900 869 949 907 de
975 867 1228 907 Brumalibus
1250 897 1261 918 ,
1291 880 1366 905 nae
1399 867 1520 906 salsus

94 929 162 969 ille
189 929 276 967 fuit.
335 929 414 967 Per
438 929 600 977 triginta
629 925 711 964 dies
741 927 991 964 continuasse
1020 923 1092 962 has
1120 923 1235 961 ferias
1263 921 1520 974 intelligimus

93 999 116 1024 e
146 983 288 1023 Paullo
313 981 572 1023 WVarnefi-ido
600 980 644 1019 L.
666 981 739 1019 111.
767 994 828 1019 ια.
853 986 892 1018 et
920 980 1112 1031 Gregorio
1140 978 1364 1016 Turonens.
1380 978 1432 1016 V.
1450 979 1516 1017 31.

96 1047 136 1078 et
167 1041 317 1078 interea
358 1044 545 1077 consueta
585 1035 729 1074 iudicia
757 1042 795 1073 et
823 1035 980 1087 negotia
1018 1033 1146 1072 aulica
1173 1047 1352 1072 cessasse.
1409 1033 1521 1072 Illius

92 1094 192 1134 haec
219 1094 342 1134 verba
362 1100 454 1132 sunt
472 1108 483 1131 :
517 1091 666 1146 Sophia
694 1090 868 1143 Augusta
888 1091 1090 1127 immemor
1102 1090 1382 1143 promissionis,
1404 1103 1521 1143 quam

93 1149 289 1205 quondam
323 1150 365 1187 in
392 1148 586 1186 Tiberium
605 1146 806 1195 habuerat,
837 1144 893 1199 [id
922 1152 979 1183 est
997 1144 1158 1182 Tiberio
1187 1141 1351 1196 fecerat]
1382 1144 1521 1182 insidi-

94 1219 140 1243 as
174 1205 214 1242 ei
246 1204 410 1242 tentavit
445 1204 633 1255 ingerere.
690 1200 928 1239 Procedente
954 1201 1075 1252 igitur
1108 1213 1152 1237 eo
1184 1199 1243 1237 ad
1277 1200 1416 1237 villam
1428 1228 1439 1246 ‚
1482 1207 1525 1238 ut

93 1261 208 1298 iaz-ta
226 1259 470 1313 imperialem
497 1259 611 1295 ritum
631 1257 792 1308 triginta
823 1255 956 1293 diebus
978 1254 1036 1292 ad
1063 1253 1304 1292 vindemiam
1335 1253 1521 1292 iocunda-

94 1323 222 1360 retur,
267 1322 404 1352 vocato
439 1313 540 1351 clam
571 1311 788 1350 Iustiniano
817 1311 939 1348 voluit
969 1324 1054 1347 eum
1082 1311 1124 1347 in
1150 1323 1267 1361 regno
1298 1309 1520 1348 sublimare.

98 1369 289 1407 Horatius
315 1368 483 1406 Blancus
511 1366 562 1405 ad
591 1366 703 1405 illum
730 1364 861 1403 locum
890 1365 1158 1412 demonstrat,
1189 1378 1270 1402 non
1297 1370 1452 1402 tantum
1482 1365 1523 1402 in

95 1423 333 1472 vindemiis,
367 1421 435 1461 sed
475 1424 593 1460 etiam
634 1422 676 1458 in
711 1434 836 1458 messe
875 1420 990 1457 ferias
1029 1418 1195 1457 curiales
1221 1419 1368 1468 fuisse,
1398 1420 1524 1458 citans

98 1477 224 1531 legem
254 1476 355 1515 Cod.
385 1475 584 1514 Theodos.
616 1475 827 1513 secundam
854 1474 903 1512 de
909 1475 1057 1525 seriis,
1093 1488 1222 1512 omnes
1241 1473 1325 1511 dies
1352 1473 1521 1512 iubemus
1533 1474 1595 1510 Ed.
1612 1475 1650 1510 L.
1666 1481 1728 1508 110

98 1547 176 1573 esse
203 1531 386 1570 iuridicos
426 1538 501 1569 etc.
556 1530 709 1568 Verum
744 1529 863 1567 etiain
901 1530 943 1566 in
985 1542 1079 1566 vere
1106 1528 1204 1566 tales
1234 1534 1348 1566 erant
1376 1527 1496 1567 seriae
1510 1558 1521 1576 ‚

98 1582 307 1640 ῥουσάλια
325 1585 481 1635 dictae,
509 1591 597 1636 post
628 1585 769 1622 festum
790 1583 992 1621 Paschatis
1021 1582 1211 1621 celebrari
1243 1581 1396 1633 solitae,
1425 1597 1525 1636 quas

99 1656 124 1680 a
151 1642 249 1680 rosis
276 1653 422 1679 nomen
452 1640 644 1692 accepisse
671 1645 786 1692 putat
819 1638 885 1675 Du
917 1638 1048 1690 Gange
1078 1637 1207 1679 Gloss.
1238 1638 1307 1675 Gr.
1341 1637 1384 1675 h.
1416 1652 1459 1676 v.
1486 1645 1526 1677 et

100 1695 233 1735 Gloss.
265 1696 354 1734 Lat.
379 1709 422 1733 v.
437 1696 609 1734 Rosalia.
671 1693 802 1732 Possit
821 1700 954 1731 tamen
984 1692 1195 1745 appellatio
1215 1706 1374 1746 quoque
1395 1707 1418 1731 a
1434 1708 1526 1732 rnre

99 1752 254 1803 repeti,
284 1751 434 1788 rtcsalia
465 1764 538 1803 pro
566 1749 718 1787 ruralia
739 1778 750 1799 ,
775 1747 890 1801 quod·
911 1747 1116 1795 Balsamo,
1148 1748 1216 1799 qui
1246 1746 1353 1785 solus
1381 1747 1527 1788 harum

99 1806 289 1844 feriarum
305 1807 502 1854 meminit,
517 1818 726 1857 suggerere
752 1803 928 1851 videtur,
959 1802 1122 1855 quando·
1135 1804 1190 1841 ait
1210 1802 1260 1840 ad
1272 1802 1426 1841 concil.
1449 1803 1526 1842 VI.

102 1861 257 1899 Canon.
287 1860 377 1900 62:
408 1857 576 1910 τοιαύτη
604 1855 831 1911 πανήγυρίς
861 1857 946 1895 ἐστι
991 1857 1062 1896 καί
1097 1853 1150 1895 τοὶ
1190 1852 1387 1908 λεγόμενα
1425 1853 1527 1909 ῥου-

103 1911 255 1961 σάλια,
299 1911 351 1953 τὰ
389 1910 495 1963 μετὰ
533 1910 578 1952 ‘td
621 1908 736 1964 ἅγιον
776 1911 916 1963 πάσχα
959 1909 1038 1950 α’πὸ
1078 1912 1203 1962 κακῆς
1230 1909 1455 1963 συνηθείας
1483 1912 1528 1952 ἐν

98 1972 192 2015 ταῖς
219 1965 298 2017 ἔξω
333 1966 495 2019 χώραις
532 1963 740 2018 γινόμενα.
796 1968 847 2006 In
880 1967 1057 2021 praediis
1085 1967 1332 2014 suburbanis,
1364 1965 1408 2005 ἐν
1435 1969 1527 2014 ταῖς

101 2019 182 2071 ἔξω
209 2019 370 2075 χώραις
397 2024 473 2070 ait,
505 2023 546 2061 id
574 2031 632 2061 est
660 2024 759 2071 ruri,
790 2021 897 2060 unde
927 2023 1098 2068 ruralia,
1129 2023 1292 2059 rusalia.
1349 2022 1527 2060 Huccine

100 2079 293 2130 pertinet,
337 2085 456 2131 atque
482 2079 638 2116 idemne
666 2085 725 2116 est
752 2092 843 2115 cum
872 2077 947 2115 hoc
976 2076 1205 2115 vindemiali
1235 2076 1352 2128 epulo
1372 2077 1527 2115 illiner-

102 2147 178 2171 vae
205 2133 355 2171 dictum
382 2132 542 2185 epulum
560 2163 570 2179 ‚
602 2133 650 2171 de
678 2147 758 2186 quo
786 2140 899 2171 vetus
928 2131 1137 2170 Calendar.
1173 2131 1279 2184 apud
1307 2132 1374 2170 Du
1393 2132 1527 2186 Gange
1563 2151 1568 2153 ·

101 2201 142 2226 v.
156 2187 431 2241 Oblaqueatio.
490 2188 552 2225 M.
584 2187 800 2241 Septembri
812 2188 922 2226 dolia
938 2189 1124 2241 picantur
1142 2217 1152 2235 ‚
1180 2201 1304 2240 poma
1335 2187 1534 2239 leguntur,

101 2242 283 2281 arborum
310 2243 546 2297 oblaquiaeio
561 2272 571 2288 ,
602 2243 754 2295 epulum
774 2243 995 2281 Minervae.

184 2311 277 2350 217.
297 2297 342 2335 C.
362 2296 402 2347 4.
426 2297 536 2349 [573,
564 2296 644 2350 18]
674 2293 870 2347 λιβάδων.
925 2296 1128 2349 Significat
1156 2295 1289 2334 locum
1316 2297 1526 2348 irriguum,

104 2351 314 2390 arboribus
350 2351 582 2389 umbrosum
599 2381 611 2400 ,
658 2350 1023 2403 praeterfluentibus
1070 2353 1183 2403 aquis
1229 2351 1526 2401 humectatum,

106 2405 398 2444 deambulando
428 2414 467 2445 et
494 2420 614 2443 aurae
643 2406 806 2458 frigidae
834 2407 1051 2458 captandae
1078 2406 1243 2444 factum.
1302 2406 1411 2444 Infra
1426 2420 1527 2458 quo-

105 2474 183 2512 que
210 2461 402 2500 habemus
440 2460 633 2499 libadium
677 2468 769 2499 ante
795 2469 950 2513 portam
978 2475 1138 2499 auream
1168 2460 1527 2513 Constantinopoli·
1562 2482 1564 2484 v

107 2521 240 2553 tanam
255 2545 266 2564 ,
309 2516 416 2569 quod
453 2529 525 2567 ego
562 2515 723 2567 quidem
762 2523 859 2568 puto
898 2516 1003 2553 idem
1041 2515 1158 2554 fuisse
1194 2530 1286 2554 eum
1309 2517 1528 2570 philopatio

110 2567 291 2622 deinceps
320 2573 374 2609 sic
403 2570 508 2608 dicto
532 2599 543 2618 ,
585 2584 653 2608 seu
683 2569 798 2619 loco,
841 2571 912 2608 ubi
939 2585 1030 2609 cum
1058 2571 1302 2610 iucunditate
1336 2570 1527 2609 deambu-

110 2621 229 2662 latur.
286 2625 346 2664 Ut
371 2625 489 2663 hodie
516 2624 643 2662 solent
669 2632 759 2662 ante
786 2625 904 2664 urbes
932 2633 1086 2663 nostras
1121 2624 1214 2664 talia
1249 2625 1528 2664 deambulacra

111 2689 216 2726 esse,
258 2680 311 2717 sic
352 2680 469 2718 etiam
514 2686 663 2718 veteres
699 2679 910 2718 habebant.
966 2681 1148 2718 Meminit
1187 2680 1352 2720 Malalas
1387 2682 1437 2719 T.
1471 2681 1529 2720 11.

110 2743 200 2784 pag·
220 2730 287 2782 4¹⁷.
307 2733 511 2788 philopatii
538 2734 792 2773 Antiocheni.
822 2760 824 2762 -
