1884 3132
230 132 337 187 502
550 150 625 190 10.
655 149 759 190 me.
799 150 995 190 Rfflsxu
1029 149 1430 192 COMMENTAmr

227 251 499 304 basclmzaclsgi
513 282 523 298 ,
578 251 793 290 calceat-ius
808 282 818 299 ,
870 252 1119 306 crepidarius
1139 282 1151 303 ,
1189 267 1334 306 nempe
1361 259 1505 292 sutor.
1585 254 1703 294 Con-'

234 308 406 347 suevisse
427 315 580 346 veteres
609 321 770 360 quoque
789 308 992 346 Romanos
1022 315 1061 346 et
1080 309 1271 361 Graecos,
1300 322 1382 348 non
1411 315 1457 347 ut
1485 322 1595 348 nunc
1621 323 1694 349 nos

232 363 399 402 facimus
428 362 555 403 soleas
596 362 743 402 ferreas
772 363 959 402 iumentis
1001 362 1125 403 clavis
1158 364 1296 403 ferreis
1323 378 1596 417 suppangere,
1625 364 1703 403 sed·

235 433 373 457 ocreas
404 417 569 472 alligare
587 449 597 467 ,
639 418 927 457 demonstravit
975 419 1165 472 Iosephus
1194 419 1371 473 Scaliger
1399 419 1451 458 ad
1484 419 1587 458 illud
1617 419 1697 458 Ca-

238 474 330 514 tulli
350 490 361 514 ε

399 529 594 583 Supinum
626 529 806 567 animum
837 530 880 566 in
911 530 1035 581 gravi
1063 528 1339 584 derelinquere
1360 542 1499 578 coeno,

380 586 572 637 ferream
605 593 645 622 ut
669 585 814 623 soleam
842 586 977 622 tenaci
1011 586 1052 623 in
1087 588 1280 638 voragine
1300 586 1407 624 mula
1421 601 1434 622 .·

1244 649 1264 658 -u
1291 643 1312 659 'l

236 652 308 690 ubi
340 650 504 690 adducit
533 650 753 689 Arrianum
771 682 783 701 ,
820 651 890 703 qui
932 645 1159 703 χαλινάρια
1188 665 1261 690 του
1293 663 1388 690 ονου
1411 681 1422 702 ,
1453 645 1698 702 σαγμάτιαγ,

235 701 490 758 ὑποδήματα
525 707 731 759 coniungit
771 720 934 758 prorsus
978 712 1023 743 ut
1053 706 1213 745 Noster.
1275 707 1382 745 Scita
1411 713 1451 745 et
1479 720 1576 745 vera
1605 712 1699 744 sunt

241 776 346 815 quae
373 761 529 800 Isaacus
561 763 726 800 Vossius
755 761 805 799 ad
835 769 973 799 notam
1001 760 1188 814 Scaligeri
1212 762 1382 800 notavit.
1438 761 1596 800 Arabes
1625 760 1700 799 ho-

236 819 302 856 die
329 818 456 856 ocreis
484 817 662 856 calceare
691 831 783 855 suos
812 816 984 856 camelos
1010 823 1165 856 constat
1206 831 1251 856 ex
1279 818 1510 856 itinerariis.
1579 815 1697 854 Conf-

245 873 479 911 PVanslehii
518 873 566 911 V
559 887 685 925 oyage
710 873 811 911 dans
846 872 1046 925 l'Egypte
1081 887 1120 925 p.
1151 871 1247 926 296.
1279 879 1319 911 et
1350 886 1445 926 299.
1503 871 1568 910 Sic
1596 870 1701 910 sole-

238 929 339 968 bant
377 935 560 982 tempore
601 927 900 967 Muhammedis
922 956 933 977 ,
974 934 1020 966 ut
1049 941 1070 965 e
1109 929 1287 966 carmine
1332 927 1572 980 panegyrico
1603 939 1700 964 con-

241 991 349 1034 stat,
380 998 462 1036 quo
496 997 588 1022 eum
625 983 750 1030 Caab,
784 983 814 1022 f.
845 982 1020 1029 Zoheiri,
1064 983 1221 1030 cecinit,
1253 982 1360 1021 edito
1389 981 1521 1034 Lugd.
1555 982 1697 1020 Batav.

242 1039 350 1078 haud
368 1040 426 1078 ita
447 1040 603 1092 pridem
624 1053 647 1076 a
667 1040 722 1077 V.
745 1039 795 1077 R.
820 1039 949 1076 Lette.
971 1037 1064 1076 Vid.
1094 1037 1149 1076 ibi
1179 1052 1282 1077 vers.
1304 1052 1372 1092 27.
1403 1044 1442 1075 et
1469 1035 1701 1083 Scholiast.,

243 1095 356 1133 cuius
394 1095 520 1133 verba
560 1094 721 1133 doctiss.
770 1093 915 1132 Editor
962 1093 1004 1131 in
1033 1095 1138 1131 notis
1165 1108 1207 1147 p.
1248 1094 1336 1145 139.
1367 1092 1559 1146 prodidit.
1619 1091 1701 1130 Sed

242 1149 331 1189 lobi
361 1151 440 1188 iam
487 1157 668 1201 tempore
696 1150 751 1188 sic
779 1148 977 1186 faciebant
995 1178 1006 1199 ,
1048 1150 1162 1187 cuius
1192 1149 1231 1186 in
1263 1148 1366 1187 libro
1399 1149 1596 1200 insignem
1641 1145 1703 1185 lo-

244 1219 337 1243 cum
367 1219 413 1243 ex
442 1205 724 1244 observatione
766 1204 886 1242 huius
913 1204 1035 1242 moris
1061 1203 1152 1242 licet
1181 1204 1400 1242 restituere.
1461 1200 1703 1241 Adscribam

244 1274 349 1313 quae
377 1260 434 1299 illi
464 1259 704 1299 illustrando
733 1266 773 1298 et
802 1258 1059 1298 reformando
1087 1258 1238 1297 faciunt
1267 1273 1312 1297 ex
1341 1257 1560 1310 opusculo,
1592 1256 1704 1309 quod

244 1323 338 1354 ante
366 1316 678 1368 quadriennium
707 1316 788 1354 iam
816 1321 855 1353 et
880 1314 1020 1367 paravi
1039 1313 1205 1352 editioni
1236 1321 1275 1352 et
1304 1314 1484 1366 promisi,
1515 1313 1706 1365 repressit

243 1378 379 1410 tamen
409 1371 631 1421 hactenus,
665 1378 729 1420 et,
772 1377 819 1408 ut
860 1369 1048 1417 videtur,
1081 1371 1273 1422 reprimet
1302 1382 1367 1407 me
1393 1369 1489 1407 vivo
1517 1381 1601 1406 non
1629 1380 1705 1406 vo—

244 1426 377 1466 luntas
409 1440 521 1477 mea,
568 1426 637 1465 sed
666 1439 798 1464 mores
841 1424 961 1464 huius
991 1425 1138 1463 saeculi
1162 1455 1173 1475 ,
1221 1431 1262 1464 et
1292 1431 1422 1463 metus
1448 1422 1499 1461 ab
1527 1423 1601 1471 iis,
1635 1421 1708 1475 qui

246 1482 430 1521 affectata
446 1483 486 1520 in
515 1483 670 1521 animos
698 1488 736 1520 et
765 1481 973 1534 opiniones
991 1479 1205 1519 hominum
1230 1479 1445 1534 tyrannide
1457 1485 1618 1531 praeter
1635 1491 1708 1516 sua

245 1537 304 1577 nil
322 1544 476 1576 rectum
492 1545 668 1576 censent.
681 1536 916 1590 Legendum
937 1536 1070 1588 itaque
1090 1543 1148 1575 est
1170 1539 1277 1584 (nam
1295 1534 1410 1573 aliter
1418 1533 1542 1587 vulgo
1561 1532 1710 1582 editur)

246 1593 354 1646 apud
377 1593 519 1631 Iobum
534 1607 621 1646 cap.
645 1592 764 1631 XXI.
792 1605 853 1631 ιο.
874 1607 885 1632 :
944 1591 1011 1630 bos
1029 1593 1110 1630 eius
1136 1592 1366 1630 clitellarius
1388 1591 1420 1628 it
1445 1590 1555 1628 viam
1580 1601 1708 1636 suam,

245 1647 332 1693 ‘52⁷2'-
352 1648 423 1691 &³57
443 1657 481 1687 et
494 1662 572 1687 non
584 1649 795 1696 calceatur,
812 1647 877 1686 vel
892 1647 1083 1686 calceatus
1087 1648 1193 1699 ficit,
1215 1646 1257 1684 id
1274 1652 1332 1684 est
1352 1644 1505 1684 etiamsi
1524 1645 1608 1683 non‘
1625 1641 1710 1680 cal-

248 1711 399 1742 ceatus.
430 1704 719 1757 Mingrelianos
748 1702 878 1742 bobus
897 1703 978 1741 suis
1001 1716 1139 1741 ocreas
1159 1701 1337 1754 alligare,
1369 1707 1407 1738 et
1419 1698 1576 1737 Keisler
1602 1697 1710 1736 idem

247 1758 298 1798 de
331 1759 484 1797 colonis
525 1760 630 1798 circa
667 1758 875 1797 Pistoiiam
908 1758 947 1796 in
987 1771 1083 1810 agro
1117 1757 1333 1806 Patavino,
1365 1755 1563 1793 Itinerarii
1592 1753 1643 1791 T.
1672 1753 1706 1791 I.

246 1829 287 1868 p.
312 1813 408 1868 547.
468 1815 556 1867 Ipse
584 1815 731 1853 Noster
759 1815 799 1851 in
831 1814 908 1852 hoc
937 1813 1101 1852 Tactico
1135 1812 1291 1865 saepius
1320 1816 1515 1849 memorat
1541 1803 1594 1848 τοὶ
1633 1821 1710 1846 κα·

247 1867 465 1920 λιγώματα
495 1869 576 1909 τῶν
611 1867 884 1920 σαγμαρίων,
915 1875 961 1906 ut
990 1882 1032 1921 p.
1065 1882 1159 1921 277.
1179 1868 1232 1906 A.
1257 1881 1296 1921 7.
1325 1873 1364 1904 et
1392 1879 1514 1917 supra
1544 1878 1586 1917 p.
1617 1862 1708 1917 198.

250 1923 306 1963 A.
348 1938 407 1963 ιο.
446 1920 496 1963 τὰ
536 1922 782 1976 καλαβρικά.
836 1924 997 1974 Unum,
1027 1923 1134 1976 quod
1163 1922 1326 1971 addam,
1355 1921 1487 1959 adhuc
1516 1925 1708 1972 superest.

249 1979 516 2018 Probandum
546 1979 697 2018 scilicet
726 1979 913 2033 exemplis
942 1986 1000 2017 est
1028 1978 1155 2017 solere
1190 1990 1319 2016 novos
1349 1976 1524 2014 Graecos
1545 1974 1627 2012 duo
1645 1973 1709 2012 di-·

250 2048 390 2073 versae
414 2035 588 2074 notionis
615 2035 811 2074 vocabula
842 2048 1097 2087 componere,
1139 2046 1243 2086 quae
1278 2046 1301 2070 a
1325 2032 1472 2069 Latino
1495 2030 1711 2082 interprete

253 2090 403 2128 inserta
437 2089 580 2143 copula
603 2100 642 2129 et
668 2091 812 2130 vinciri
849 2089 1023 2141 debent3
1047 2096 1093 2127 ut
1118 2081 1589 2139 σαγματοπασμαγάδια
1616 2090 1710 2122 sunt

250 2142 446 2196 σάγματα
479 2152 519 2184 et
558 2143 848 2197 πασμαγάδια.
908 2145 1050 2183 Posset
1077 2142 1220 2182 talium
1247 2142 1434 2180 immanis
1461 2140 1539 2179 texi
1569 2152 1708 2178 recen-

252 2201 326 2238 sio.
386 2200 466 2238 Sed
502 2200 768 2253 defungemur
803 2201 941 2252 paucis
960 2199 1127 2252 aliquot,
1158 2198 1396 2251 praesertim
1421 2208 1547 2249 quum
1577 2205 1709 2245 neque

247 2254 456 2296 weteribus
483 2256 583 2295 tales
612 2256 918 2308 compositiones
947 2256 1110 2308 ignotae
1139 2253 1303 2301 fuerint,
1337 2259 1382 2290 ut
1406 2265 1452 2290 ex
1479 2247 1709 2302 Aristopha-

253 2323 305 2347 ne
337 2317 507 2348 constat.
568 2311 627 2349 Ita
656 2311 853 2350 Arrianus
883 2306 1174 2360 ἰσχαδοκάρυα
1205 2308 1387 2347 nominat
1396 2306 1506 2361 ficas·
1523 2314 1560 2343 et
1577 2317 1705 2350 nzoeeS,

254 2364 411 2403 dissert.
464 2365 597 2417 Epict.
629 2381 669 2419 p.
694 2365 788 2415 284.
812 2364 967 2418 penult.
993 2395 1003 2415 ,
1035 2359 1226 2412 οἰνόκρεα
1270 2360 1409 2400 Malal.
1440 2361 1488 2402 Τ.
1513 2359 1569 2398 ΙΙ.
1598 2372 1635 2411 p.
1663 2371 1706 2410 9.

254 2420 391 2457 vinum
422 2428 460 2458 et
479 2433 590 2459 caro.
665 2422 795 2459 Locus
840 2420 906 2458 ille
936 2417 1209 2458 memorabilis
1246 2425 1319 2456 est.
1376 2416 1446 2455 Ait
1478 2413 1707 2453 Constanti-

257 2486 356 2510 num
385 2475 440 2512 M.
471 2475 685 2514 instituisse
713 2490 838 2529 panes
869 2476 1070 2530 palatinos
1091 2503 1103 2524 ,
1135 2468 1328 2518 οὕστινας
1356 2463 1508 2522 ἄρτους
1538 2464 1708 2530 ἐκάλξσε

256 2528 507 2574 παλατίνους
549 2526 619 2568 διὰ
668 2527 714 2568 τὸ
747 2530 791 2568 ἐν
817 2530 1001 2584 παλατίῳ
1032 2525 1284 2582 ῥογεύεσθαι
1315 2521 1415 2570 τούς
1445 2518 1603 2567 αὕτούς
1633 2535 1707 2573 αρ-

259 2593 355 2625 τους
377 2611 388 2630 ,
419 2577 596 2622 ἑκάστου
627 2577 756 2635 ἄρτου
803 2582 1013 2636 ἀφορίσας
1041 2580 1226 2632 οἰνόκρεα
1259 2576 1332 2618 καί
1355 2574 1529 2628 βεστία,
1559 2574 1710 2629 ἀφορί-

260 2648 339 2680 σας
368 2632 576 2687 πρόσοδον
613 2634 721 2690 ὑπὲρ
755 2633 897 2677 αὐτῶν
925 2637 970 2677 ἐκ
997 2637 1079 2677 τῶν
1106 2634 1226 2676 ἰδάυν
1244 2664 1255 2685 ,
1286 2641 1325 2673 et
1353 2633 1567 2685 unicuique
1595 2632 1707 2684 pani,

260 2689 301 2727 id
331 2697 390 2727 est
429 2692 547 2742 capiti
594 2707 738 2744 panem
773 2693 1012 2745 accipienti,
1045 2692 1261 2744 seposuisse
1282 2717 1294 2736 ‚
1325 2688 1568 2740 assignasse,
1596 2686 1710 2725 velut

259 2744 549 2798 appendicem,
580 2748 719 2785 vinum
761 2755 800 2786 ct
827 2760 988 2785 carnem
1034 2753 1074 2785 et
1106 2752 1263 2793 veste53
1295 2742 1428 2781 fundis
1456 2749 1639 2795 sumptus
1667 2742 1711 2781 in
