1826 3126
215 158 290 199 An
332 155 630 200 CONSTANT.
670 155 869 197 ponpa.
911 157 983 195 DE
1023 154 1204 196 cmm.
1245 157 1344 196 Lm.
1384 158 1416 196 1.
1469 135 1538 191 55

98 259 206 314 quod
231 262 392 313 saepius
410 266 675 298 mutarentur.
733 258 837 297 Sanc
861 258 1020 296 Nicctas
1048 272 1090 311 p.
1120 256 1207 312 ¹74·
1241 258 1309 296 fin.
1341 258 1397 295 ait
1429 254 1540 295 ἐπαί-

96 317 241 355 devm-*v
277 311 436 360 αὐτοῦς
474 313 526 352 δι’
556 310 768 352 (ἰλλάκτων
795 309 984 360 δώδεκα,
1041 314 1154 366 quasi
1192 312 1300 352 dicas
1326 311 1541 350 duodecim

95 371 219 423 virgis
237 376 307 408 aut
326 371 532 422 virgarum
552 367 747 407 fasciculis
778 367 996 405 identidem
1015 369 1193 406 mutatis.
1249 367 1305 406 Et
1331 374 1450 405 notus
1471 366 1538 406 ille

94 425 226 464 Taciti
264 427 473 472 centurio,
518 423 622 462 Cedo
660 423 840 460 alteram.
898 422 1090 461 Liberum
1131 424 1253 476 igitur
1282 428 1367 461 esto
1393 422 1543 475 cuique*

97 478 173 518 hac
200 479 251 518 de
285 493 332 518 re
359 493 435 532 pro
467 478 621 517 iudicio
649 491 721 516 suo
755 477 915 515 sentire.
972 477 1051 516 Sed
1079 479 1173 516 satis
1202 477 1252 516 de
1279 490 1379 516 voce
1407 470 1539 515 ἅλλα-

92 546 209 584 κτσν,
237 547 341 587 qua,
374 540 420 572 ut
445 529 547 579 dixi,
584 538 786 585 exponunt
806 531 1065 570 Grammatici
1084 532 1224 570 Graeci
1256 546 1398 571 vocem
1426 545 1537 583 μαγ-

93 584 290 637 κλάβιον,
335 602 459 642 quam
483 586 665 640 plerique
693 601 716 625 a
743 601 878 624 manus
903 587 1020 625 clava
1051 586 1259 636 derivant3
1289 601 1331 625 v.
1355 586 1538 625 Goar‘ad·

92 641 236 682 Codin.
265 657 309 696 p.
331 642 399 696 75.
425 636 508 681 ult.
535 649 575 680 et
606 642 657 692 ad
670 641 843 680 Cedren.
870 656 911 694 p.
943 640 1060 691 622..
1092 641 1162 680 ubi
1190 642 1466 679 clami-alarios
1495 649 1534 681 et

93 698 369 741 eorm'eulan'os
395 696 492 736 olim
522 696 649 735 dictos
677 697 795 735 fuisse
830 698 909 743 ait,
953 703 992 735 et
1021 697 1088 735 Du
1124 696 1259 749 Gange
1290 695 1421 734 Gloss.
1456 697 1534 735 Gr.

90 750 134 790 h.
165 765 207 790 v.
273 751 316 807 *[
327 752 603 791 Continuatori
645 751 972 790 constantiniano
1011 750 1262 804 appellantur
1299 748 1533 802 ῥαβδοῦχοι

29 803 33 807 ’
88 803 299 856 βασιλικοὶ
332 807 364 846 Ι.
388 806 433 846 8.
488 808 689 846 Venatum
714 820 807 846 cum
830 806 1075 859 Imperatore
1100 806 1259 845 exibant
1288 805 1531 858 Maglabitae

89 867 130 900 et
157 857 196 899 οἱ
224 860 301 900 τοῦ
329 857 604 901 ἱππσστασίου
633 855 842 914 ἄρχοντες.
901 862 1107 900 Constant.
1131 863 1204 900 vit.
1229 860 1347 900 Basil.
1369 861 1530 899 Maced.

91 915 142 953 C.
176 916 234 954 11.
291 916 338 954 In
372 918 554 969 scriptor.
588 923 678 970 post
710 916 947 969 Theophan.
979 931 1019 970 p.
1051 917 1147 956 250.
1182 923 1427 954 memoratur
1454 915 1529 954 ali-

95 971 214 1023 quis,
262 967 475 1024 Τατζὰκης
498 970 551 1025 τῇ
587 970 663 1010 τοῦ
704 970 981 1022 ΙΙΙαγλαβίτου
1026 969 1119 1025 ἀξίᾳ
1150 967 1351 1023 τιμηθείς.
1407 970 1531 1008 Cous,

90 1026 340 1065 Constantin.
372 1026 423 1064 de
454 1026 605 1067 admin.
638 1027 779 1079 imper.
809 1040 850 1078 p.
883 1026 1016 1078 126.]*
1073 1028 1134 1066 Ex
1161 1025 1226 1064 his
1258 1025 1414 1064 duobus
1430 1024 1529 1064 locis

88 1079 324 1134 intelligitur
362 1095 445 1120 non
476 1081 578 1120 adeo
609 1081 708 1120 viles
742 1080 923 1119 homines
957 1082 1076 1121 fuisse
1110 1080 1361 1135 Maglabitas.
1421 1080 1529 1118 Nam

88 1135 290 1174 interdum
315 1150 475 1189 quoque
490 1135 610 1175 simul
634 1135 952 1188 Protospatharii
973 1144 1110 1183 erant,
1141 1143 1181 1175 et
1206 1130 1303 1184 ἇξία
1330 1133 1410 1173 τοῦ
1429 1135 1527 1173 Μα-

84 1187 283 1240 γλαβίῐου
308 1191 467 1229 dicitur.
525 1191 632 1230 Puto
665 1198 826 1238 tamen,
857 1193 898 1229 in
931 1191 993 1230 his
1023 1191 1119 1230 locis
1151 1205 1234 1229 non
1262 1203 1423 1228 omnem
1443 1191 1531 1227 Ma·-

86 1243 302 1297 glabitam‚
332 1245 403 1284 sed
427 1252 584 1285 tantum
610 1246 853 1299 praefectum
874 1260 1013 1285 eorum
1042 1247 1119 1285 τοῦ
1151 1241 1431 1296 Μαγλαβάου
1457 1258 1525 1283 no-

85 1299 195 1343 mine
222 1299 434 1354 designari.
492 1302 652 1340 Dicitur
685 1302 791 1340 enim
823 1301 880 1340 ibi
909 1301 1072 1354 quidam
1102 1299 1451 1353 Protospatharius
1475 1302 1525 1338 si-

86 1353 170 1392 mul
201 1361 241 1394 et
273 1355 515 1395 Manclabita
545 1356 596 1395 ad
628 1358 849 1409 principem
880 1356 1032 1395 Iberiae
1059 1357 1201 1394 missus
1234 1355 1353 1393 fixisse
1368 1383 1379 1401 ‚
1411 1361 1457 1392 ut
1485 1357 1522 1393 ei

85 1415 236 1461 vestem
275 1412 454 1464 Magistri
483 1411 677 1464 perferret
690 1442 701 1459 ‚
747 1418 786 1450 et
815 1425 863 1450 ea
890 1411 1080 1464 dignitate
1122 1413 1252 1463 ipsum
1290 1409 1511 1448 investiret.

86 1463 201 1514 Quae
229 1478 293 1505 res
321 1479 403 1504 non
433 1465 585 1505 homini
614 1467 796 1519 gregario
823 1468 1031 1505 commissa
1055 1466 1175 1504 fuisse
1198 1465 1372 1503 videtur.
1430 1465 1525 1503 Mit-

83 1517 270 1561 tebantur
298 1534 458 1573 quoque
487 1535 580 1559 cum
615 1521 747 1573 gladio
778 1521 829 1559 ad
858 1521 1086 1574 plectendos
1120 1522 1248 1572 capite
1287 1526 1444 1567 sonte-53
1474 1525 1519 1557 ut

85 1584 109 1610 e
140 1573 274 1612 Leone
306 1576 577 1614 Grammatico
613 1589 654 1627 p.
678 1574 774 1626 466.
810 1575 864 1614 A.
892 1581 1019 1628 patet.
1072 1575 1292 1613 Fuerintne
1318 1572 1518 1619 eunuchi,

85 1639 169 1665 non
199 1627 341 1681 liquet.
396 1629 501 1668 Fere
532 1629 721 1668 videntur
755 1643 799 1667 ex
834 1643 882 1668 eo
915 1629 1086 1668 eunuchi
1118 1629 1260 1674 fuisse,
1301 1626 1412 1680 quod
1442 1625 1517 1664 ali-

83 1683 238 1734 quoties
266 1685 427 1722 invenio
454 1684 693 1723 Articlinam
718 1685 951 1729 memorari,
993 1691 1039 1722 ut
1060 1683 1367 1736 Maglabitarum
1397 1695 1515 1734 prae-

83 1736 244 1775 fectum.
302 1738 395 1777 Non
413 1746 549 1778 tamen
566 1738 673 1778 valet
695 1740 975 1792 consequentia
989 1769 1000 1783 ,
1031 1738 1236 1776 eunuchus
1256 1738 1288 1775 si
1315 1737 1520 1789 suibprae-

81 1790 230 1839 sectus,
259 1799 391 1832 totum
415 1808 575 1847 quoque
600 1795 790 1833 scrinium
816 1793 915 1832 tales
945 1793 1080 1832 fuisse.
1136 1792 1179 1847 *[
1190 1793 1235 1830 In
1263 1791 1354 1830 aula
1372 1791 1519 1830 Roma-

81 1858 134 1884 na
157 1846 390 1887 dicebantur
419 1851 648 1888 nmiomntes
674 1849 738 1887 vel
768 1849 975 1896 stimulati,
1006 1849 1075 1902 qui
1109 1855 1307 1886 mmmmm
1323 1847 1516 1900 populum

80 1900 131 1953 de
156 1903 241 1941 υἷα.
297 1904 402 1942 ord.
434 1905 604 1943 Roman.
630 1918 672 1956 p.
708 1902 840 1957 198.]*
899 1903 1175 1941 Habuerintne
1213 1900 1312 1939 olim
1350 1902 1579 1953 reginaeEOE
1592 1905 1686 1941 L.18

82 1954 274 1996 foeminas
298 1955 565 2010 ῥαβδούχους
582 1989 592 2003 ,
623 1962 803 2011 quaestio
828 1965 888 1997 est
916 1958 995 1996 huc
1025 1971 1107 1995 non
1130 1957 1359 2009 pertinens,
1380 1969 1511 2008 neque

29 2060 32 2062 Ι
84 2013 217 2064 magni
249 2015 453 2052 momenti.
514 2014 671 2068 Collige
701 2021 836 2052 tamen
864 2027 930 2052 eas
967 2012 1153 2051 habuisse
1182 2025 1228 2049 ex
1267 2010 1446 2064 Polybio
1461 2025 1504 2064 p.

85 2066 182 2118 716.
201 2066 245 2106 6.
268 2068 330 2106 ed.
364 2068 551 2107 Wechel.

191 2120 231 2160 5.
249 2122 297 2160 Β.
315 2136 359 2160 τι.
390 2121 452 2177 [7,
474 2122 560 2177 ι9.]
604 2118 632 2175 ἧ
659 2119 860 2175 ἑταιρεία.
911 2123 1011 2161 Erat
1040 2121 1227 2160 Hetaeria
1255 2119 1422 2159 militiae
1441 2118 1512 2159 vei

108 2176 266 2214 raesidii
294 2191 417 2230 genus
449 2178 500 2216 ad
531 2180 632 2217 sacri
660 2180 838 2231 eorporis
867 2184 907 2216 et
936 2177 1072 2230 palatii
1096 2175 1316 2215 custodiam
1333 2205 1343 2222 ‚
1374 2189 1420 2213 ex
1439 2189 1506 2214 so-

79 2188 132 2269 E's
161 2229 413 2283 alienigenis,
442 2239 488 2271 ut
514 2233 668 2281 Persis,
700 2234 908 2279 Chazaris,
941 2234 1129 2276 Francis,
1161 2229 1300 2284 Anglis
1329 2230 1509 2269 conscri-

79 2292 210 2338 ptum.
269 2285 379 2324 Olim
407 2288 585 2339 gentl‘leS‚
616 2289 747 2327 schola
772 2288 990 2340 gentilium,
1020 2287 1177 2324 milia
1195 2285 1399 2340 palatina,
1412 2286 1507 2336 soe‘

79 2340 235 2388 der-ati,
275 2341 590 2394 appellabantur.
645 2344 740 2381 Vid.
774 2342 910 2381 vales.
941 2342 992 2380 ad
1018 2341 1219 2379 Ammian.
1252 2339 1433 2378 Marcell.
1456 2353 1505 2392 Ρ(

80 2393 176 2432 3¹52.
234 2393 439 2450 *[Rabani
477 2397 736 2451 Martyrolog.
775 2397 832 2435 Τ.
855 2397 930 2435 Vl.
965 2397 1110 2434 Canisii
1143 2409 1190 2448 p.-
1218 2393 1311 2447 742.
1367 2391 1395 2446 ἦ
1427 2393 1510 2434 τοῦ

82 2445 304 2502 Καίσαρος
341 2446 523 2502 ἑταιρία,
567 2454 701 2492 cohors
714 2452 1014 2504 foederatorum
1054 2450 1233 2488 Caesar-122
1259 2455 1507 2488 memoratur

79 2502 244 2542 contin.
262 2504 518 2558 Theophanis
546 2521 586 2560 p.
621 2506 758 2560 228.]*
816 2507 953 2544 Posset
972 2504 1107 2544 exhoc
1124 2504 1236 2552 loeo,
1267 2504 1298 2543 si
1324 2518 1370 2543 ea
1390 2504 1508 2542 com«

76 2555 202 2596 befisii
227 2561 360 2598 versio
383 2560 683 2607 admitteretur,
714 2561 925 2607 concludi,
957 2560 1191 2607 Caesarem,
1238 2559 1270 2598 si
1299 2566 1399 2598 esset
1428 2558 1509 2597 ali«

77 2613 191 2664 quiS‚
231 2621 300 2652 aut
329 2616 523 2653 minorem
552 2617 834 2669 Imperatorem
852 2645 864 2661 ,
908 2613 972 2652 vel
1002 2615 1163 2666 Imperii
1189 2613 1371 2652 futurum
1403 2613 1499 2651 hac-

78 2665 212 2706 redem
226 2663 245 2715 ,’
266 2669 507 2721 peculiarem
535 2671 608 2709 sibi
640 2671 822 2710 habu-isse
840 2669 1043 2708 cohortem
1071 2667 1235 2708 militiae
1251 2669 1505 2721 peregrinae.

80 2719 218 2774 Neque
238 2723 284 2762 id
319 2724 579 2777 improbabile
609 2733 694 2778 est3
720 2726 906 2764 videntur
923 2725 1054 2777 potius
1073 2723 1169 2772 tales
1193 2737 1238 2762 ex
1258 2722 1344 2762 aliis
1363 2722 1502 2762 multis
