1884 3132
266 101 378 158 566
573 116 647 158 10.
691 114 797 159 1Ac.
838 118 1033 158 Rssisxn
1074 117 1451 158 coMMEN'mRu

267 227 454 263 miserum
484 236 625 278 equum
656 221 767 260 dedit
807 229 847 261 et
891 223 988 261 novi
1018 222 1162 261 Graeci
1184 252 1195 272 ,
1225 222 1257 261 si
1285 222 1388 261 bene
1415 223 1605 275 memini,
1634 230 1717 263 tan-

264 287 352 318 tum
382 293 456 332 pro
485 292 589 331 equo
630 280 806 316 carrario
846 285 1058 331 usurpant.
1089 277 1182 316 Vid.
1217 278 1284 316 Du
1312 277 1450 330 Cangii
1481 277 1609 318 Gloss‘.
1640 279 1715 318 Gr.

264 334 310 373 h.
342 349 382 373 v.
416 341 455 373 et
483 335 573 372 Lat.
605 347 646 372 v.
674 334 966 372 Par-averedus.
1026 332 1104 372 Vel
1132 334 1265 386 potius
1293 333 1503 387 parhippia
1532 341 1572 372 et
1598 348 1717 387 para-

265 389 402 429 veredi
434 396 528 428 sunt
557 391 650 441 equi
679 388 799 428 medii
831 390 934 427 inter
963 389 1196 436 dextrarios,
1229 387 1523 437 nobilissimos,
1555 396 1595 427 et
1621 403 1718 428 ron-

265 447 403 494 cinos,
435 444 664 483 vilissimos.
722 444 942 483 Dextrarii
969 444 1210 497 respondent
1245 445 1521 498 promosellae.
1555 444 1629 483 His
1656 446 1720 483 in-

265 500 501 555 equitabant
529 501 571 538 in
601 513 765 554 pugna3
814 500 1058 552 cataphracti
1087 501 1194 538 enim
1222 507 1350 538 erant.
1409 500 1518 539 Ante
1545 514 1721 553 pugnam

266 563 305 595 et
334 556 413 595 alio
441 563 647 609 tempore,
690 555 853 608 quando
901 570 1047 608 corpus
1081 569 1241 594 movere
1269 554 1420 594 vellent
1447 555 1690 609 equitatione
1707 585 1720 606 ,

266 612 494 650 insidebant
523 611 778 665 paraveredis
823 610 887 649 vel
937 609 1175 664 palafredis,
1213 610 1457 663 parbippiis,
1487 611 1557 664 qui
1587 611 1642 649 sic
1659 610 1723 649 di-

272 669 327 706 cti
374 667 564 705 videntur
609 667 758 717 fuisse,
798 667 907 719 quod
937 681 959 705 a
984 666 1107 705 latere
1154 666 1444 705 dextrariorum
1475 666 1721 705 incederent.

265 723 436 762 Rom-ini
472 722 645 775 denique
685 729 800 760 erant
837 723 1039 775 sagmarii.
1098 723 1296 760 Brunetus
1327 723 1368 759 in
1395 721 1603 761 Thesauro
1632 721 1721 760 MS.

268 778 376 831 apud
407 779 471 816 Du
497 778 693 830 Gangium
723 792 763 816 v.
793 777 1038 816 Dextrariz:
1079 778 1113 815 il
1131 793 1168 828 y
1207 791 1232 815 a
1261 777 1444 816 claevaux
1462 778 1513 816 de
1532 778 1727 832 plusieurs

269 835 462 871 manibres
484 864 494 879 ‚
534 835 560 871 ῐι
581 848 623 871 ce
652 848 725 888 que
756 833 790 870 li
807 848 877 871 uns
896 843 982 871 sont
1004 832 1185 871 Dent-ier
1211 842 1330 884 grant
1358 846 1466 886 pout·
1495 834 1532 872 le
1554 832 1722 880 cumben,

267 889 303 926 Ii
326 898 457 927 autres
481 898 568 927 sont
599 890 789 943 palefroy
815 902 922 942 pom·
948 889 1189 926 chemin-her
1221 890 1248 925 ὰ
1278 888 1402 926 ἰίιίεε
1434 888 1485 926 de
1515 902 1585 926 son
1610 902 1721 935 cors,

267 944 303 982 li
334 953 460 982 autres
486 953 573 982 sont
615 945 746 982 rone-is
775 958 881 998 pom·
923 958 1085 982 somnies
1115 951 1270 998 portet.
1331 943 1414 994 Qui
1443 942 1604 982 duobus
1632 941 1725 981 tali—

268 999 346 1038 bus
375 1001 487 1052 equis
517 1001 558 1037 in
586 1013 721 1051 pugna
768 1005 950 1037 uteretur
967 1028 978 1049 ‚
1019 1014 1065 1037 ex
1094 1012 1178 1036 uno
1208 997 1425 1050 defatigato
1442 1027 1453 1046 ‚
1483 998 1724 1052 parhippio,

270 1054 312 1092 in
341 1053 513 1093 alterum
533 1083 544 1103 ‚
579 1054 847 1104 dextrarium,
877 1053 1124 1092 transsiliens
1158 1054 1309 1092 Latinis
1335 1053 1532 1103 deszdtor,
1564 1053 1728 1092 Graecis

270 1108 460 1162 ζευγίτης
504 1109 708 1147 audiebat.
769 1108 1019 1162 Hesychius:
1067 1106 1275 1159 ζευγίτης,
1306 1106 1558 1162 μεταβάτης.
1618 1108 1727 1152 Red-

270 1163 400 1202 denda
441 1164 539 1203 haec
570 1179 643 1203 vox
682 1171 742 1202 est
769 1164 956 1202 Diodoro
987 1164 1122 1202 Siculo
1152 1163 1266 1202 XIX.
1315 1163 1403 1202 106.
1428 1178 1470 1216 p.
1497 1165 1593 1219 399.
1627 1162 1694 1215 45.
1713 1194 1726 1215 ,

271 1218 343 1258 ubi
376 1219 495 1272 vulgo
537 1219 641 1258 male
670 1218 898 1271 ζευγίππας
919 1219 1078 1272 legitur.
1137 1219 1234 1257 Fuit
1270 1224 1405 1257 tamen
1435 1233 1561 1272 quum
1589 1219 1728 1259 crede-

271 1289 375 1324 rem,
406 1275 684 1328 paraveredzw
724 1289 805 1312 non
842 1289 982 1313 vocem
1022 1274 1237 1328 hybridam
1276 1288 1298 1311 e
1326 1275 1480 1313 Graeca
1517 1282 1556 1314 et
1585 1275 1730 1313 Latina

271 1333 551 1382 compositam,
583 1330 652 1368 sed
681 1336 927 1369 contractam
957 1344 1040 1369 esse
1069 1345 1114 1368 ex
1139 1338 1304 1383 paratus
1334 1329 1523 1380 ver-edm,
1553 1331 1646 1384 quia
1673 1336 1729 1369 ta·

270 1383 327 1424 les
363 1385 496 1424 veredi
527 1399 667 1424 cursus
695 1385 845 1438 publici
886 1400 1044 1438 semper
1071 1385 1270 1424 debebant
1298 1384 1349 1423 ad
1379 1384 1528 1425 celeres
1568 1387 1731 1424 nuntios

274 1440 536 1493 perferendos
564 1442 604 1479 in
628 1440 903 1479 mansionibus
927 1442 1058 1494 parati
1089 1454 1186 1479 csse.

386 1497 436 1534 D.
459 1495 499 1535 5.
532 1495 652 1549 [476,
675 1495 731 1549 4.]
759 1493 833 1543 τὰς
862 1495 1119 1549 σφραγῖδας.
1190 1495 1231 1534 Si
1270 1494 1310 1533 id
1345 1494 1534 1534 voluisset
1561 1501 1730 1543 auctor,

274 1551 384 1603 quod
414 1552 455 1590 in
484 1552 639 1590 Latinis
687 1551 807 1601 dedi,
847 1553 978 1604 potius
1007 1550 1080 1597 τὰς
1107 1547 1307 1601 κομβίνας
1340 1550 1402 1589 vel
1430 1547 1505 1601 τήν
1531 1549 1733 1600 κομβιίἀν

276 1607 452 1645 dixisset.
506 1607 617 1659 Ergo
646 1608 792 1645 rectius
821 1614 917 1659 puto
945 1607 995 1646 de
1022 1609 1153 1645 inusto
1181 1606 1359 1644 cauterio
1387 1605 1519 1644 locum
1547 1604 1655 1644 hunc
1676 1605 1730 1644 in-

275 1661 491 1715 telligere3
537 1662 716 1715 adeoque
760 1662 933 1701 debebat
971 1663 1144 1715 optimas
1188 1676 1257 1700 scu
1305 1675 1423 1715 agaso
1469 1667 1663 1700 exsectam
1710 1675 1733 1700 e

275 1716 495 1756 femoribus
514 1719 604 1770 equi
619 1718 724 1771 rupti
746 1717 900 1757 bullam
921 1720 1087 1771 regiam,
1109 1732 1178 1756 seu
1202 1718 1330 1755 inusta
1342 1730 1454 1755 arma
1473 1715 1581 1770 regia
1596 1716 1734 1756 comiti

274 1772 421 1811 stabuli
446 1773 648 1822 exhibere,
676 1773 825 1827 quibus
841 1773 960 1812 fldem
993 1773 1136 1823 faciat,
1166 1786 1300 1811 secum
1345 1771 1492 1811 animal
1515 1772 1731 1824 crepuisse.

387 1828 442 1866 D.
465 1836 597 1881 antep.
630 1828 746 1883 [476,
769 1827 830 1882 6.]
861 1826 1115 1882 σύντροφον.
1176 1827 1421 1883 Syntroplms
1449 1834 1528 1877 est,
1557 1827 1734 1880 quicum,

276 1883 319 1921 in
350 1884 462 1922 cuius
505 1884 770 1923 contubernio
800 1891 839 1922 et
867 1882 993 1922 oculis
1025 1890 1238 1922 creverunt
1267 1883 1405 1922 veredi
1437 1890 1477 1922 et
1509 1882 1732 1935 sagmarii,

277 1952 420 1991 agaso,
470 1938 610 1977 mulio.
687 1939 806 1978 Tales
838 1939 1008 1992 Hispani
1036 1939 1293 1977 azemhlarios
1335 1939 1476 1977 dicunt
1524 1944 1594 1976 aut
1621 1938 1733 1976 dice-

276 2004 378 2043 bant
404 2005 517 2043 olim.
575 2007 665 2045 Vox
694 2005 793 2044 haec
838 2013 897 2045 est
924 2004 1121 2044 Arabicae
1161 2005 1340 2058 originis.
1370 2001 1470 2059 δεμ)
1501 2005 1639 2051 zemil,
1695 2010 1736 2043 et

277 2085 371 2109 cum
404 2072 633 2124 praeposito
675 2072 845 2111 articulo
879 2062 1011 2129 ἁμῇ-Π
1041 2071 1224 2121 azzemil‚
1254 2078 1313 2109 est
1352 2073 1592 2124 sagmarium
1613 2100 1623 2117 ‚
1672 2071 1735 2108 iu-

278 2133 461 2165 mentum
488 2129 718 2166 onerarium
763 2128 829 2166 vel
876 2133 1085 2166 onustum.
1144 2126 1250 2164 Hinc
1281 2127 1558 2164 azzemilarim
1572 2132 1612 2164 et
1637 2137 1731 2177 pro-

277 2196 332 2220 na
360 2181 645 2234 depravatione
673 2183 971 2232 azzemblarius,
1003 2184 1074 2235 qui
1102 2182 1295 2234 sagmaria
1321 2189 1449 2220 curat.
1475 2182 1530 2219 V.
1547 2181 1613 2218 Du
1629 2179 1734 2218 Can-

280 2239 391 2290 gium
420 2237 462 2275 h.
491 2251 552 2286 v.‚
577 2237 646 2276 ubi
678 2252 700 2276 e
728 2239 867 2277 charta
880 2238 1054 2290 quadam
1089 2237 1303 2289 Hispanica
1321 2235 1416 2275 haec
1446 2238 1569 2275 citat:
1605 2236 1734 2272 sanci-

278 2307 362 2331 mus
385 2322 396 2338 ‚
425 2293 533 2347 quod
560 2294 597 2331 .ςί
626 2295 712 2347 quis
734 2294 993 2332 azemblam'zas·
1036 2291 1315 2346 [syntrophus]
1347 2302 1385 2330 et
1432 2293 1498 2330 sui
1529 2290 1733 2328 coadiuto-

280 2361 342 2386 res
377 2346 621 2400 [optimates]
653 2357 691 2387 et
728 2351 904 2402 portarii
929 2349 1131 2403 [oppidani
1156 2378 1167 2397 ‚
1210 2345 1488 2399 municipales]
1527 2346 1653 2383 nostri
1689 2346 1732 2383 in

280 2403 472 2456 capiendo
511 2404 706 2441 animalia
739 2405 847 2443 nobis
885 2414 923 2443 et
956 2406 1086 2442 mriae
1118 2412 1272 2442 nostrae
1311 2402 1524 2440 necessaria
1567 2400 1739 2437 mmtiati

263 2458 440 2508 suerint,
473 2458 691 2512 deliquisse.
719 2459 800 2508 Qui
829 2460 894 2498 hic
923 2466 1196 2498 memorantur
1228 2459 1414 2512 portarii,
1443 2461 1536 2494 sunt
1563 2454 1735 2492 munici-

282 2512 404 2563 pales,
434 2513 587 2552 incolae
602 2513 859 2565 oppidorum3
892 2529 932 2553 v.
961 2515 1027 2552 Du
1041 2514 1174 2566 Gange
1202 2528 1243 2552 v.
1277 2510 1552 2560 Porta‚tribus
1580 2509 1642 2547 vel
1670 2523 1733 2548 re-

282 2568 347 2617 gio
364 2568 482 2606 urbis.
516 2568 637 2620 Apud
652 2568 791 2622 Belgas
811 2570 851 2608 id
880 2570 1012 2608 adhuc
1031 2577 1223 2622 superest,
1256 2567 1324 2619 qui
1355 2567 1489 2604 vicum
1514 2564 1626 2603 urbis
1645 2579 1737 2604 eene

283 2621 438 2670 Buyrc,
479 2631 518 2660 et
547 2624 675 2662 civem
711 2624 775 2663 vel
803 2623 1088 2678 municipalem
1130 2621 1516 2663 Amstelodamenses
1541 2634 1610 2659 een
1630 2619 1736 2660 Por-

286 2683 347 2714 ter
373 2677 591 2727 appellant.

368 2729 462 2783 275.
483 2733 536 2770 A.
560 2732 601 2771 8.
639 2732 755 2787 [476‚
786 2733 872 2787 15.]
910 2732 1050 2772 δώσει.
1084 2731 1294 2773 Subintell.
1325 2733 1507 2782 σημεῖον.
