1884 3132
204 181 280 223 An
312 179 830 223 CONSTANT.‘PORP11.
868 175 940 221 m:
968 179 1150 223 ceam.
1190 183 1289 223 Lm.
1321 183 1373 221 u.
1460 159 1576 236 659

129 282 314 323 sordibus
351 285 603 323 inservirent.
665 282 774 321 Haec
816 282 1004 336 deinceps
1033 290 1265 322 manserunt
1294 283 1479 336 quidem,
1508 285 1579 324 sed

130 337 383 378 solummodo
397 346 442 377 ut
456 344 735 377 ornamentum
753 367 764 387 ‚
778 348 872 376 usus
887 345 1019 375 autem
1045 352 1183 376 eorum
1202 341 1359 377 transiit
1378 339 1429 377 ad
1447 342 1577 378 mani-

129 393 259 447 pulos,
282 408 383 447 quos
403 392 587 431 manibus
603 392 804 445 gerebant.
843 392 948 430 Hinc
968 391 1162 446 intelligas
1178 392 1311 432 locum
1325 393 1578 447 Theopbyla·

130 447 182 487 cti
201 449 252 487 ad
267 449 368 487 Aeta
380 447 665 502 Apostolorum
683 462 693 485 :
718 443 768 486 τιὶ
789 446 866 495 μὲν
888 443 1097 497 σουδάρια
1115 446 1186 486 ἐπί
1199 448 1384 500 κεφαλῆς
1404 448 1576 498 ἐπιβάλ-

130 505 261 553 λεται,
284 503 476 556 (sac-iulia
488 503 673 554 deinceps
688 501 937 547 dicebantur,
962 499 1083 539 hodie
1102 503 1460 552 tulbaniaudiunt3
1490 504 1575 543 vid.

131 557 182 596 ad
197 557 345 610 p.288.
363 559 409 596 B.
424 557 534 608 ult-3)
555 553 607 595 τὰ
624 555 671 595 δὲ
691 554 924 605 σιμικίνθια
940 553 986 594 ἐν
1012 558 1103 601 ταῖς
1117 557 1243 607 χερσί
1266 556 1580 608 κατέχουσιν-οῖ

130 608 189 663 μή
209 610 433 662 δυνάμενοι
472 610 632 664 (quibus
659 625 740 649 non
770 610 875 660 lieet)
894 605 1059 662 ω’ράρια
1074 611 1248 663 φορέσαι
1262 643 1275 661 ‚
1297 612 1336 650 id
1356 619 1413 651 cst
1431 612 1537 652 loros
1560 644 1572 662 ,

130 666 302 719 pretiosa
319 665 499 716 collaria,
519 660 719 704 οἷοιέἰσιν
735 662 774 703 οἱ
793 664 1023 717 φοροῦντες
1038 661 1241 711 ὑπατικὰς
1257 665 1422 714 στολάς,
1442 669 1577 722 quales

134 717 371 771 (δυνάμενοι
400 718 563 771 &prima
596 723 757 773 φορεῖν,
774 720 973 771 Jc'zcultate
1005 720 1141 757 oraria
1160 721 1327 772 get-endi
1353 723 1576 775 gaudentes)

75 794 77 797 ·
131 784 219 820 sunt
253 776 319 814 illi
335 805 345 821 ‚
383 777 454 830 qui
475 776 594 814 stelas
615 804 627 824 ‚
650 776 811 813 amiotus
841 774 1059 812 consulares
1096 783 1133 812 et
1157 775 1263 813 tabia
1307 786 1463 828 gerunt.

240 829 308 868 Ab
333 830 394 868 his
425 832 546 883 igitur
574 828 842 881 singularibus
882 828 976 868 loris
1002 828 1066 867 vel
1092 829 1239 868 trabeis
1267 831 1476 870 consulum
1497 863 1507 878 ‚
1550 847 1577 872 a

129 885 267 924 dextro
299 884 448 923 femore
474 885 525 923 ad
554 885 757 923 sinistrum
796 883 1010 922 humerum
1038 883 1386 934 descendentibus,
1415 901 1575 939 proces-

131 950 221 981 sum
253 939 329 978 fuit
356 939 513 978 saeculo
539 940 590 981 V.
635 946 725 992 post
752 938 801 978 C.
838 953 880 977 n.
926 938 976 976 ad
1020 937 1107 976 lora
1134 941 1292 992 gemina
1323 955 1391 979 scu
1421 944 1573 981 taenias

130 995 220 1048 plus
249 995 432 1033 minusve
460 994 585 1044 latas,
624 995 783 1047 pretiosi
810 994 964 1046 operis,
1009 1007 1107 1032 auro
1134 1001 1172 1033 et
1199 995 1325 1033 serico
1355 998 1476 1048 pietas
1507 1004 1567 1043 et,

130 1062 206 1103 pro
254 1051 410 1088 ratione
451 1050 624 1102 gerentis
646 1079 655 1096 ‚
712 1049 878 1102 gemmis
918 1055 957 1086 et
985 1050 1209 1102 margaritis
1238 1058 1423 1101 ornatas,
1472 1065 1575 1104 quae

131 1104 281 1143 scilicet
308 1111 415 1142 retro
445 1103 593 1143 collum
620 1102 732 1142 velut
755 1110 916 1156 torques
944 1102 1168 1153 ambirent,
1203 1104 1254 1142 ab
1283 1107 1412 1144 antica
1437 1114 1573 1146 antem

131 1173 252 1213 super
278 1166 437 1211 pectore
476 1173 559 1198 sese
588 1159 858 1198 decussarent.
932 1159 1093 1210 ‘Inspice
1121 1173 1331 1198 nummum
1356 1161 1572 1200 Theodosii

133 1214 307 1253 lunioris
328 1213 436 1267 apud
463 1214 530 1252 Du
559 1213 754 1266 Cangium
778 1215 819 1252 in
849 1213 1029 1252 Familiis
1058 1214 1285 1266 Byzantinis
1314 1230 1355 1268 p.
1375 1214 1442 1254 65.
1474 1215 1573 1255 ulti-

131 1282 274 1318 mum,
319 1270 388 1322 qui
419 1270 572 1321 primus
610 1275 669 1306 est
694 1282 856 1317 eorum,
884 1268 922 1306 in
952 1268 1096 1320 quibus
1126 1271 1302 1307 orarium
1332 1277 1401 1308 aut
1429 1271 1572 1309 stolam

133 1323 382 1362 decussatum
410 1324 558 1361 inveni.
617 1323 877 1361 Luculentius
916 1330 1079 1375 apparet
1108 1323 1175 1362 illa
1206 1323 1307 1362 stola
1337 1326 1377 1362 in
1403 1339 1571 1364 nummo

132 1376 431 1427 Valentiniani,
468 1378 598 1431 primo
638 1392 728 1430 pag.
745 1377 813 1431 67.
862 1376 1036 1423 ibidem,
1078 1384 1117 1415 et
1155 1392 1196 1429 p.
1222 1393 1289 1431 77.
1323 1380 1363 1416 in
1405 1394 1572 1419 nummo

133 1432 280 1471 Leonis
326 1439 496 1485 quarto,
545 1447 586 1484 p.
613 1446 700 1470 102.
745 1433 786 1469 in
815 1433 988 1469 nummis
1018 1431 1171 1470 Tiberii
1210 1440 1319 1471 sexto
1339 1463 1350 1483 ,
1399 1442 1572 1485 octavo,

134 1501 244 1526 nono
275 1494 314 1526 et
341 1487 495 1526 decimo
515 1516 525 1532 ‚
558 1501 599 1538 p.
629 1500 716 1539 ¹09·
743 1487 784 1524 in
815 1488 988 1524 nummis
1007 1486 1166 1525 Phocae
1194 1494 1302 1525 sexto
1335 1495 1373 1526 et
1387 1491 1571 1541 septimo,

133 1555 178 1594 p.
203 1555 294 1580 112.
332 1543 374 1580 in
415 1542 589 1579 nummis
638 1539 811 1579 Heraclii
855 1540 1013 1578 duobus
1049 1540 1212 1579 ultimis.
1284 1541 1353 1580 Ab
1382 1542 1450 1581 illo
1479 1544 1573 1582 inde

133 1603 314 1649 tempore
343 1598 407 1635 vix
435 1597 608 1648 reperias
636 1595 722 1634 lora
749 1602 833 1634 tam
862 1595 1071 1648 simplicia,
1101 1591 1322 1647 μονόλωρα
1349 1596 1470 1647 dicta,
1502 1598 1571 1638 sed

134 1651 370 1705 plerumque
410 1649 569 1701 δι’λωρα
614 1658 686 1688 aut
723 1645 948 1701 πολύλωρα
969 1680 979 1696 ,
1023 1649 1208 1697 collaria,
1238 1658 1284 1689 ut
1323 1652 1376 1690 ita
1406 1653 1535 1691 dicam
1558 1683 1569 1701 ‚

136 1707 304 1759 geminis
330 1714 400 1744 aut
426 1707 550 1744 ternis
578 1705 782 1758 quaternis
809 1703 905 1743 loris
933 1707 1109 1743 consutis
1125 1705 1316 1744 confecta.
1373 1707 1575 1746 Processit

136 1775 183 1799 ea
210 1775 273 1799 res
300 1760 410 1810 illuc,
436 1768 481 1799 ut
508 1767 615 1798 totae
642 1767 770 1799 vestes
797 1760 954 1810 fierent,
983 1774 1085 1812 quae
1114 1762 1232 1798 meris
1260 1760 1355 1799 loris
1384 1770 1573 1801 consutae·

135 1815 360 1855 videantur.
428 1815 643 1868 Dispositio
688 1816 876 1853 striarum
908 1815 949 1853 in
975 1815 1036 1853 his
1064 1813 1159 1853 loris
1187 1815 1419 1866 differebat3
1450 1818 1571 1855 modo

135 1872 244 1909 enim
271 1871 391 1909 striae
417 1870 607 1908 adversus
634 1883 718 1908 sese
746 1870 785 1907 in
810 1871 936 1908 vicem
967 1869 1180 1922 vergebant
1225 1878 1263 1908 et
1308 1871 1471 1910 coibant
1499 1886 1574 1910 an-

137 1924 240 1977 gulis
270 1926 418 1971 acutis,
449 1925 568 1963 modo
583 1923 963 1978 perpendiculariter
991 1925 1175 1962 deorsum
1208 1933 1245 1963 et
1276 1925 1464 1977 parallele
1479 1940 1575 1978 pro-

137 1979 345 2017 cedebant.
414 1979 594 2018 Vestiam
642 1979 783 2018 talium
830 1979 1091 2018 multilorium
1120 1980 1309 2032 imagines
1352 1981 1486 2019 videre
1514 1988 1574 2019 est

138 2033 245 2086 apud
276 2033 343 2072 Du
372 2034 563 2086 Cangium
604 2035 646 2072 in
675 2034 849 2072 nummis
877 2035 1166 2087 Imperatorum
1195 2049 1414 2086 paucorum
1446 2036 1575 2073 Hera-

139 2088 217 2127 clio
241 2088 528 2141 antiquiorum,
550 2088 815 2142 plurimorum
832 2103 879 2127 eo
898 2091 1179 2141 posteriorum3
1199 2089 1280 2129 vid.
1299 2104 1340 2141 p.
1363 2103 1430 2142 92.
1457 2104 1574 2128 versu

138 2144 258 2182 tertio
297 2156 507 2181 nummum
533 2144 695 2182 tertium
711 2174 721 2191 ‚
760 2151 799 2183 et
826 2158 942 2182 versu
962 2146 1102 2196 quinto
1130 2145 1292 2182 tertium
1321 2145 1469 2196 pariter
1488 2173 1498 2192 ,
1529 2159 1568 2196 p.

147 2197 236 2249 104.
266 2196 338 2236 lin.
378 2195 418 2248 4.
460 2197 675 2245 ultimum,
722 2213 762 2252 p.
789 2199 873 2237 ¹16.
914 2198 1038 2237 hahes
1077 2213 1193 2236 versu
1235 2200 1273 2237 5.
1307 2200 1573 2236 lustinianum

140 2252 445 2291 Rhinotmetum
483 2254 525 2290 in
553 2254 697 2291 vestitu
719 2283 729 2299 ‚
775 2255 843 2305 qui
866 2283 876 2299 ,
907 2254 981 2292 nisi
1012 2254 1207 2292 manicam
1234 2253 1423 2303 haberet,
1454 2267 1574 2304 penes

140 2321 207 2345 me
234 2306 413 2357 chlamys
440 2306 590 2345 loratus
618 2314 731 2346 esset.
789 2307 873 2346 Sub
906 2322 951 2346 ea
980 2308 1108 2346 lorum
1137 2321 1206 2345 seu
1235 2307 1404 2345 tablium
1432 2307 1575 2346 oblon-

143 2375 238 2414 gum
261 2390 272 2410 ‚
304 2360 428 2399 stolae
456 2361 842 2400 sacerdotalisimile
866 2392 876 2406 ‚
908 2362 1102 2414 dependet
1128 2363 1230 2400 inter
1257 2362 1508 2414 chlamydem
1536 2369 1577 2401 et

142 2415 359 2455 cbitonem.
428 2415 589 2453 Primus
617 2415 693 2454 hic‘
724 2429 910 2454 nummus
940 2423 996 2455 est
1025 2430 1159 2454 eorum
1180 2445 1192 2465 ,
1223 2418 1289 2468 qui
1318 2415 1575 2469 lorumsini·

144 2477 226 2509 stra
253 2477 513 2510 sustentatum
561 2469 730 2508 exhibet.
800 2469 937 2508 Solent
963 2484 1105 2522 nempe
1134 2471 1396 2522 Imperatores
1425 2468 1576 2510 CPtani

144 2525 264 2564 medii
288 2527 376 2564 aevi
405 2526 451 2574 in*
474 2526 647 2563 nummis
676 2531 715 2562 et
741 2523 828 2562 aliis
856 2524 1093 2576 imaginibus
1122 2526 1293 2576 conspici
1320 2523 1502 2564 laciniam
1523 2525 1576 2564 la-

145 2585 256 2628 tam,
284 2579 396 2618 velut
416 2579 544 2618 lorum
576 2579 748 2617 adextro
776 2578 924 2616 femore
952 2580 1113 2617 veniens
1129 2607 1140 2627 ‚
1173 2579 1296 2617 ventri
1325 2586 1576 2631 praetentum

146 2633 300 2672 sinistra
342 2648 462 2672 manu
502 2641 678 2686 gestare,
721 2640 759 2671 et
796 2632 847 2670 ab
882 2647 927 2670 ea
954 2633 1179 2684 dependens
1222 2632 1383 2672 habere.
1435 2633 1576 2674 Talem

148 2687 314 2725 sormam
342 2687 434 2726 licet
461 2690 691 2740 conspicere
719 2688 759 2726 in
789 2688 957 2739 imagine
987 2688 1192 2726 Michaelis
1218 2687 1439 2742 Palaeologi
1469 2690 1577 2742 apud

147 2740 216 2780 Du
245 2742 438 2795 Gangium
466 2742 614 2782 Famil.
644 2743 736 2797 Byz.
763 2756 804 2795 p.
833 2742 925 2781 233.
958 2749 998 2780 et
1026 2742 1181 2782 dissert.
1214 2742 1263 2782 de
1290 2745 1462 2783 nummis
1491 2754 1575 2782 me-
