<?xml version="1.0" encoding="UTF-8"?>
<!DOCTYPE html PUBLIC "-//W3C//DTD XHTML 1.0 Transitional//EN"
    "http://www.w3.org/TR/xhtml1/DTD/xhtml1-transitional.dtd">
<html xmlns="http://www.w3.org/1999/xhtml" xml:lang="en" lang="en">
 <head>
  <title>
</title>
<meta http-equiv="Content-Type" content="text/html;charset=utf-8" />
  <meta name='ocr-system' content='tesseract 3.04.00' />
  <meta name='ocr-capabilities' content='ocr_page ocr_carea ocr_par ocr_line ocrx_word'/>
</head>
<body>
  <div class='ocr_page' id='page_1' title='image "./corpusscriptorum08niebuoft/corpusscriptorum08niebuoft_0439.png"; bbox 0 0 1884 3132; ppageno 0'>
   <div class='ocr_carea' id='block_1_1' title="bbox 215 116 1568 184">
    <p class='ocr_par' dir='ltr' id='par_1_1' title="bbox 215 116 1568 184">
     <span class='ocr_line' id='line_1_1' title="bbox 215 116 1568 184; baseline -0.001 -10"><span class='ocrx_word' id='word_1_1' title='bbox 215 132 290 174; x_wconf 76' lang='lat' dir='ltr'><strong>An</strong></span> <span class='ocrx_word' id='word_1_2' title='bbox 328 132 623 175; x_wconf 80' lang='lat' dir='ltr'><strong>CONSTANT.</strong></span> <span class='ocrx_word' id='word_1_3' title='bbox 663 132 858 175; x_wconf 69' lang='lat' dir='ltr'><strong>Pomm.</strong></span> <span class='ocrx_word' id='word_1_4' title='bbox 900 135 971 175; x_wconf 80' lang='lat' dir='ltr'><strong>m:</strong></span> <span class='ocrx_word' id='word_1_5' title='bbox 1011 133 1192 181; x_wconf 73' lang='lat' dir='ltr'><strong>cmm.</strong></span> <span class='ocrx_word' id='word_1_6' title='bbox 1235 135 1335 175; x_wconf 77' lang='lat' dir='ltr'><strong>Lm.</strong></span> <span class='ocrx_word' id='word_1_7' title='bbox 1375 137 1408 175; x_wconf 86' lang='lat'><strong>1.</strong></span> <span class='ocrx_word' id='word_1_8' title='bbox 1460 116 1568 184; x_wconf 74' lang='lat'><strong>431</strong></span> 
     </span>
    </p>
   </div>
   <div class='ocr_carea' id='block_1_2' title="bbox 108 234 1785 1556">
    <p class='ocr_par' dir='ltr' id='par_1_2' title="bbox 108 234 1785 1556">
     <span class='ocr_line' id='line_1_2' title="bbox 136 234 1576 291; baseline 0.001 -17"><span class='ocrx_word' id='word_1_9' title='bbox 136 235 289 289; x_wconf 87' lang='lat' dir='ltr'><strong>phanes</strong></span> <span class='ocrx_word' id='word_1_10' title='bbox 312 237 461 289; x_wconf 67' lang='lat' dir='ltr'><strong>p.400.</strong></span> <span class='ocrx_word' id='word_1_11' title='bbox 478 235 612 288; x_wconf 70' lang='lat' dir='ltr'><strong>C.4.:</strong></span> <span class='ocrx_word' id='word_1_12' title='bbox 642 236 850 289; x_wconf 72' lang='grc' dir='ltr'><strong>προῆλθεν</strong></span> <span class='ocrx_word' id='word_1_13' title='bbox 875 234 900 289; x_wconf 85' lang='grc' dir='ltr'><em>ἧ</em></span> <span class='ocrx_word' id='word_1_14' title='bbox 927 236 1158 287; x_wconf 77' lang='grc' dir='ltr'><strong><em>βασιλίσσα</em></strong></span> <span class='ocrx_word' id='word_1_15' title='bbox 1187 234 1259 277; x_wconf 72' lang='grc' dir='ltr'><strong>ἐπὶ</strong></span> <span class='ocrx_word' id='word_1_16' title='bbox 1280 237 1447 290; x_wconf 82' lang='grc' dir='ltr'><em>χρυσοῦ</em></span> <span class='ocrx_word' id='word_1_17' title='bbox 1473 235 1576 291; x_wconf 72' lang='grc' dir='ltr'><strong>6χῆ-</strong></span> 
     </span>
     <span class='ocr_line' id='line_1_3' title="bbox 134 289 1579 345; baseline 0.003 -16"><span class='ocrx_word' id='word_1_18' title='bbox 134 303 270 341; x_wconf 84' lang='grc' dir='ltr'><em>ματος</em></span> <span class='ocrx_word' id='word_1_19' title='bbox 295 292 581 343; x_wconf 78' lang='grc' dir='ltr'><strong>ἐποχουμένη,</strong></span> <span class='ocrx_word' id='word_1_20' title='bbox 608 289 833 344; x_wconf 79' lang='grc' dir='ltr'><strong><em>τέσσαρσιν</em></strong></span> <span class='ocrx_word' id='word_1_21' title='bbox 860 291 1002 338; x_wconf 82' lang='grc' dir='ltr'><strong><em>ἵπποις</em></strong></span> <span class='ocrx_word' id='word_1_22' title='bbox 1027 293 1189 338; x_wconf 81' lang='grc' dir='ltr'><strong><em>λευκοῖς</em></strong></span> <span class='ocrx_word' id='word_1_23' title='bbox 1235 292 1468 345; x_wconf 75' lang='grc' dir='ltr'><em>συρομένου</em></span> <span class='ocrx_word' id='word_1_24' title='bbox 1504 292 1579 334; x_wconf 78' lang='grc' dir='ltr'><strong>καὶ</strong></span> 
     </span>
     <span class='ocr_line' id='line_1_4' title="bbox 134 341 1577 401; baseline 0.003 -18"><span class='ocrx_word' id='word_1_25' title='bbox 134 341 219 383; x_wconf 73' lang='grc' dir='ltr'><strong>ὑπὸ</strong></span> <span class='ocrx_word' id='word_1_26' title='bbox 253 344 468 396; x_wconf 77' lang='grc' dir='ltr'><strong><em>τεσσάρων</em></strong></span> <span class='ocrx_word' id='word_1_27' title='bbox 495 345 724 399; x_wconf 70' lang='grc' dir='ltr'><strong><em>πατρικίων</em></strong></span> <span class='ocrx_word' id='word_1_28' title='bbox 755 346 1056 398; x_wconf 76' lang='grc' dir='ltr'><em>κρατουμένου.</em></span> <span class='ocrx_word' id='word_1_29' title='bbox 1095 347 1205 400; x_wconf 81' lang='lat' dir='ltr'><strong>Ergo</strong></span> <span class='ocrx_word' id='word_1_30' title='bbox 1228 349 1269 386; x_wconf 89' lang='lat' dir='ltr'><strong>in</strong></span> <span class='ocrx_word' id='word_1_31' title='bbox 1297 347 1462 401; x_wconf 78' lang='lat' dir='ltr'><strong>singulis</strong></span> <span class='ocrx_word' id='word_1_32' title='bbox 1483 362 1577 388; x_wconf 87' lang='lat' dir='ltr'><strong>cnr-</strong></span> 
     </span>
     <span class='ocr_line' id='line_1_5' title="bbox 136 400 1571 456; baseline 0.003 -18"><span class='ocrx_word' id='word_1_33' title='bbox 136 414 207 439; x_wconf 87' lang='lat' dir='ltr'><strong>rus</strong></span> <span class='ocrx_word' id='word_1_34' title='bbox 231 400 422 440; x_wconf 86' lang='lat' dir='ltr'><strong>lateribus</strong></span> <span class='ocrx_word' id='word_1_35' title='bbox 450 408 564 440; x_wconf 86' lang='lat' dir='ltr'><strong>erant</strong></span> <span class='ocrx_word' id='word_1_36' title='bbox 596 401 692 439; x_wconf 89' lang='lat' dir='ltr'><strong>bina</strong></span> <span class='ocrx_word' id='word_1_37' title='bbox 714 415 850 454; x_wconf 90' lang='lat' dir='ltr'><strong>poma.</strong></span> <span class='ocrx_word' id='word_1_38' title='bbox 908 402 991 451; x_wconf 88' lang='lat' dir='ltr'><strong>Qui</strong></span> <span class='ocrx_word' id='word_1_39' title='bbox 1020 404 1155 440; x_wconf 87' lang='lat' dir='ltr'><strong>animo</strong></span> <span class='ocrx_word' id='word_1_40' title='bbox 1180 402 1254 441; x_wconf 90' lang='lat' dir='ltr'><strong>sibi</strong></span> <span class='ocrx_word' id='word_1_41' title='bbox 1276 403 1425 456; x_wconf 81' lang='lat' dir='ltr'><strong>fingere</strong></span> <span class='ocrx_word' id='word_1_42' title='bbox 1448 404 1571 455; x_wconf 89' lang='lat' dir='ltr'><strong>velit,</strong></span> 
     </span>
     <span class='ocr_line' id='line_1_6' title="bbox 135 455 1575 509; baseline 0.003 -15"><span class='ocrx_word' id='word_1_43' title='bbox 135 470 217 508; x_wconf 92' lang='lat' dir='ltr'><strong>quo</strong></span> <span class='ocrx_word' id='word_1_44' title='bbox 252 455 340 495; x_wconf 92' lang='lat' dir='ltr'><strong>loco</strong></span> <span class='ocrx_word' id='word_1_45' title='bbox 362 457 488 509; x_wconf 89' lang='lat' dir='ltr'><strong>posita</strong></span> <span class='ocrx_word' id='word_1_46' title='bbox 511 456 661 494; x_wconf 84' lang='lat' dir='ltr'><strong>fuerint</strong></span> <span class='ocrx_word' id='word_1_47' title='bbox 689 457 765 494; x_wconf 84' lang='lat' dir='ltr'><strong>ista</strong></span> <span class='ocrx_word' id='word_1_48' title='bbox 789 469 931 508; x_wconf 88' lang='lat' dir='ltr'><strong>poma,</strong></span> <span class='ocrx_word' id='word_1_49' title='bbox 966 458 1148 508; x_wconf 88' lang='lat' dir='ltr'><strong>inspiciat</strong></span> <span class='ocrx_word' id='word_1_50' title='bbox 1179 457 1358 496; x_wconf 86' lang='lat' dir='ltr'><strong>tabulam</strong></span> <span class='ocrx_word' id='word_1_51' title='bbox 1389 459 1432 498; x_wconf 82' lang='lat'><strong>3.</strong></span> <span class='ocrx_word' id='word_1_52' title='bbox 1467 466 1508 498; x_wconf 87' lang='lat' dir='ltr'><strong>et</strong></span> <span class='ocrx_word' id='word_1_53' title='bbox 1533 459 1575 499; x_wconf 86' lang='lat'><strong>5.</strong></span> 
     </span>
     <span class='ocr_line' id='line_1_7' title="bbox 135 510 1572 567; baseline 0.003 -18"><span class='ocrx_word' id='word_1_54' title='bbox 135 524 252 549; x_wconf 84' lang='lat' dir='ltr'><strong>arcus</strong></span> <span class='ocrx_word' id='word_1_55' title='bbox 275 511 542 550; x_wconf 82' lang='lat' dir='ltr'><strong>Theodosiani</strong></span> <span class='ocrx_word' id='word_1_56' title='bbox 569 510 677 564; x_wconf 89' lang='lat' dir='ltr'><strong>apud</strong></span> <span class='ocrx_word' id='word_1_57' title='bbox 708 511 946 551; x_wconf 85' lang='lat' dir='ltr'><strong>Bandurum</strong></span> <span class='ocrx_word' id='word_1_58' title='bbox 969 541 981 561; x_wconf 97' lang='lat'><strong>,</strong></span> <span class='ocrx_word' id='word_1_59' title='bbox 1006 513 1076 549; x_wconf 88' lang='lat' dir='ltr'><strong>ubi</strong></span> <span class='ocrx_word' id='word_1_60' title='bbox 1100 514 1296 565; x_wconf 82' lang='lat' dir='ltr'>principes</span> <span class='ocrx_word' id='word_1_61' title='bbox 1330 514 1572 567; x_wconf 77' lang='lat' dir='ltr'><strong>Scytharum</strong></span> 
     </span>
     <span class='ocr_line' id='line_1_8' title="bbox 136 566 1574 622; baseline 0.004 -19"><span class='ocrx_word' id='word_1_62' title='bbox 136 566 321 606; x_wconf 85' lang='lat' dir='ltr'><strong>curribus</strong></span> <span class='ocrx_word' id='word_1_63' title='bbox 339 567 440 605; x_wconf 80' lang='lat' dir='ltr'>vecti</span> <span class='ocrx_word' id='word_1_64' title='bbox 464 568 787 619; x_wconf 86' lang='lat' dir='ltr'><strong>conspiciuntur,</strong></span> <span class='ocrx_word' id='word_1_65' title='bbox 816 566 856 604; x_wconf 90' lang='lat' dir='ltr'><strong>in</strong></span> <span class='ocrx_word' id='word_1_66' title='bbox 885 580 985 619; x_wconf 87' lang='lat' dir='ltr'><strong>qnos</strong></span> <span class='ocrx_word' id='word_1_67' title='bbox 1014 567 1324 606; x_wconf 85' lang='lat' dir='ltr'><strong>inscendebatur</strong></span> <span class='ocrx_word' id='word_1_68' title='bbox 1351 583 1422 622; x_wconf 85' lang='lat' dir='ltr'><strong>per</strong></span> <span class='ocrx_word' id='word_1_69' title='bbox 1463 570 1574 609; x_wconf 86' lang='lat' dir='ltr'><strong>sene-</strong></span> 
     </span>
     <span class='ocr_line' id='line_1_9' title="bbox 134 620 1572 674; baseline 0.003 -14"><span class='ocrx_word' id='word_1_70' title='bbox 134 627 237 660; x_wconf 83' lang='lat' dir='ltr'><strong>stras</strong></span> <span class='ocrx_word' id='word_1_71' title='bbox 266 635 290 661; x_wconf 86' lang='lat' dir='ltr'><strong>e</strong></span> <span class='ocrx_word' id='word_1_72' title='bbox 331 621 474 674; x_wconf 85' lang='lat' dir='ltr'><strong>quovis</strong></span> <span class='ocrx_word' id='word_1_73' title='bbox 503 635 644 660; x_wconf 89' lang='lat' dir='ltr'><strong>currus</strong></span> <span class='ocrx_word' id='word_1_74' title='bbox 683 620 807 659; x_wconf 85' lang='lat' dir='ltr'><strong>latere</strong></span> <span class='ocrx_word' id='word_1_75' title='bbox 854 621 1043 672; x_wconf 82' lang='lat' dir='ltr'><strong>singulas.</strong></span> <span class='ocrx_word' id='word_1_76' title='bbox 1112 622 1272 661; x_wconf 88' lang='lat' dir='ltr'><strong>Talium</strong></span> <span class='ocrx_word' id='word_1_77' title='bbox 1307 623 1572 664; x_wconf 75' lang='lat' dir='ltr'><strong>fenestrarum</strong></span> 
     </span>
     <span class='ocr_line' id='line_1_10' title="bbox 134 675 1573 732; baseline 0.003 -17"><span class='ocrx_word' id='word_1_78' title='bbox 134 675 302 729; x_wconf 83' lang='lat' dir='ltr'><strong>singulis</strong></span> <span class='ocrx_word' id='word_1_79' title='bbox 317 676 471 729; x_wconf 84' lang='lat' dir='ltr'><strong>angulis</strong></span> <span class='ocrx_word' id='word_1_80' title='bbox 494 675 651 729; x_wconf 84' lang='lat' dir='ltr'><strong>singula</strong></span> <span class='ocrx_word' id='word_1_81' title='bbox 668 690 786 729; x_wconf 88' lang='lat' dir='ltr'><strong>poma</strong></span> <span class='ocrx_word' id='word_1_82' title='bbox 800 676 998 715; x_wconf 83' lang='lat' dir='ltr'><strong>metallica</strong></span> <span class='ocrx_word' id='word_1_83' title='bbox 1020 678 1325 729; x_wconf 85' lang='lat' dir='ltr'><strong>apponebantur</strong></span> <span class='ocrx_word' id='word_1_84' title='bbox 1349 679 1573 732; x_wconf 86' lang='lat' dir='ltr'><strong>apprehen-</strong></span> 
     </span>
     <span class='ocr_line' id='line_1_11' title="bbox 134 731 1571 787; baseline 0.003 -18"><span class='ocrx_word' id='word_1_85' title='bbox 134 731 266 770; x_wconf 88' lang='lat' dir='ltr'><strong>denda</strong></span> <span class='ocrx_word' id='word_1_86' title='bbox 284 731 620 770; x_wconf 82' lang='lat' dir='ltr'><strong>inscendentibus.</strong></span> <span class='ocrx_word' id='word_1_87' title='bbox 679 732 881 782; x_wconf 78' lang='lat' dir='ltr'><strong>Quoniam</strong></span> <span class='ocrx_word' id='word_1_88' title='bbox 909 746 1005 770; x_wconf 78' lang='lat' dir='ltr'><strong>vero</strong></span> <span class='ocrx_word' id='word_1_89' title='bbox 1028 732 1127 771; x_wconf 88' lang='lat' dir='ltr'><strong>tales</strong></span> <span class='ocrx_word' id='word_1_90' title='bbox 1150 747 1294 772; x_wconf 90' lang='lat' dir='ltr'><strong>currus</strong></span> <span class='ocrx_word' id='word_1_91' title='bbox 1320 733 1390 772; x_wconf 86' lang='lat' dir='ltr'><strong>alti</strong></span> <span class='ocrx_word' id='word_1_92' title='bbox 1412 744 1571 787; x_wconf 88' lang='lat' dir='ltr'><strong>essent,</strong></span> 
     </span>
     <span class='ocr_line' id='line_1_12' title="bbox 133 784 1572 840; baseline 0.004 -16"><span class='ocrx_word' id='word_1_93' title='bbox 133 793 174 824; x_wconf 81' lang='lat' dir='ltr'><strong>et</strong></span> <span class='ocrx_word' id='word_1_94' title='bbox 203 799 285 825; x_wconf 89' lang='lat' dir='ltr'><strong>non</strong></span> <span class='ocrx_word' id='word_1_95' title='bbox 316 786 508 825; x_wconf 80' lang='lat' dir='ltr'><strong>haherent</strong></span> <span class='ocrx_word' id='word_1_96' title='bbox 522 784 727 837; x_wconf 73' lang='grc' dir='ltr'><strong><em>βασμίὸια</em></strong></span> <span class='ocrx_word' id='word_1_97' title='bbox 743 817 756 836; x_wconf 84' lang='grc'>,</span> <span class='ocrx_word' id='word_1_98' title='bbox 785 794 830 825; x_wconf 87' lang='lat' dir='ltr'><strong>ut</strong></span> <span class='ocrx_word' id='word_1_99' title='bbox 860 789 929 840; x_wconf 91' lang='lat' dir='ltr'><strong>qui</strong></span> <span class='ocrx_word' id='word_1_100' title='bbox 950 787 1163 827; x_wconf 84' lang='lat' dir='ltr'><strong>ascendere</strong></span> <span class='ocrx_word' id='word_1_101' title='bbox 1177 787 1351 839; x_wconf 85' lang='lat' dir='ltr'><strong>vellent,</strong></span> <span class='ocrx_word' id='word_1_102' title='bbox 1378 790 1572 830; x_wconf 77' lang='lat' dir='ltr'><strong>deberent</strong></span> 
     </span>
     <span class='ocr_line' id='line_1_13' title="bbox 132 841 1570 897; baseline 0.003 -17"><span class='ocrx_word' id='word_1_103' title='bbox 132 849 266 880; x_wconf 86' lang='lat' dir='ltr'><strong>vastos</strong></span> <span class='ocrx_word' id='word_1_104' title='bbox 301 853 456 895; x_wconf 81' lang='lat' dir='ltr'>gressus</span> <span class='ocrx_word' id='word_1_105' title='bbox 499 841 627 880; x_wconf 88' lang='lat' dir='ltr'><strong>facere</strong></span> <span class='ocrx_word' id='word_1_106' title='bbox 679 848 720 880; x_wconf 88' lang='lat' dir='ltr'><strong>et</strong></span> <span class='ocrx_word' id='word_1_107' title='bbox 769 856 888 881; x_wconf 85' lang='lat' dir='ltr'><strong>crura</strong></span> <span class='ocrx_word' id='word_1_108' title='bbox 922 843 963 881; x_wconf 90' lang='lat' dir='ltr'><strong>in</strong></span> <span class='ocrx_word' id='word_1_109' title='bbox 999 842 1176 895; x_wconf 86' lang='lat' dir='ltr'><strong>amplum</strong></span> <span class='ocrx_word' id='word_1_110' title='bbox 1214 843 1430 897; x_wconf 78' lang='lat' dir='ltr'><strong>diducere,</strong></span> <span class='ocrx_word' id='word_1_111' title='bbox 1473 845 1570 885; x_wconf 79' lang='lat' dir='ltr'><strong>hine</strong></span> 
     </span>
     <span class='ocr_line' id='line_1_14' title="bbox 131 894 1570 954; baseline 0.003 -19"><span class='ocrx_word' id='word_1_112' title='bbox 131 894 334 935; x_wconf 86' lang='lat' dir='ltr'><strong>habebant</strong></span> <span class='ocrx_word' id='word_1_113' title='bbox 361 896 556 935; x_wconf 84' lang='lat' dir='ltr'>foeminae</span> <span class='ocrx_word' id='word_1_114' title='bbox 583 895 736 935; x_wconf 86' lang='lat' dir='ltr'><strong>nobiles</strong></span> <span class='ocrx_word' id='word_1_115' title='bbox 763 911 854 937; x_wconf 89' lang='lat' dir='ltr'><strong>suas</strong></span> <span class='ocrx_word' id='word_1_116' title='bbox 877 899 1097 952; x_wconf 87' lang='lat' dir='ltr'><strong>parasitas,</strong></span> <span class='ocrx_word' id='word_1_117' title='bbox 1124 913 1227 952; x_wconf 83' lang='lat' dir='ltr'><strong>quae</strong></span> <span class='ocrx_word' id='word_1_118' title='bbox 1255 899 1419 939; x_wconf 89' lang='lat' dir='ltr'><strong>dorsum</strong></span> <span class='ocrx_word' id='word_1_119' title='bbox 1451 916 1570 954; x_wconf 86' lang='lat' dir='ltr'><strong>prae·</strong></span> 
     </span>
     <span class='ocr_line' id='line_1_15' title="bbox 132 949 1571 1006; baseline 0.004 -17"><span class='ocrx_word' id='word_1_120' title='bbox 132 949 273 990; x_wconf 82' lang='lat' dir='ltr'><strong>herent</strong></span> <span class='ocrx_word' id='word_1_121' title='bbox 296 951 531 991; x_wconf 84' lang='lat' dir='ltr'><strong>calcandum</strong></span> <span class='ocrx_word' id='word_1_122' title='bbox 565 953 605 990; x_wconf 92' lang='lat' dir='ltr'><strong>in</strong></span> <span class='ocrx_word' id='word_1_123' title='bbox 643 959 791 990; x_wconf 84' lang='lat' dir='ltr'><strong>terram</strong></span> <span class='ocrx_word' id='word_1_124' title='bbox 830 968 980 1006; x_wconf 86' lang='lat' dir='ltr'><strong>pronae</strong></span> <span class='ocrx_word' id='word_1_125' title='bbox 1008 961 1240 1006; x_wconf 82' lang='lat' dir='ltr'><strong>porrectae,</strong></span> <span class='ocrx_word' id='word_1_126' title='bbox 1278 962 1317 993; x_wconf 87' lang='lat' dir='ltr'><strong>et</strong></span> <span class='ocrx_word' id='word_1_127' title='bbox 1347 957 1440 994; x_wconf 73' lang='lat' dir='ltr'><strong>nixu</strong></span> <span class='ocrx_word' id='word_1_128' title='bbox 1462 957 1571 995; x_wconf 86' lang='lat' dir='ltr'><strong>sacto</strong></span> 
     </span>
     <span class='ocr_line' id='line_1_16' title="bbox 133 1006 1571 1058; baseline 0.004 -14"><span class='ocrx_word' id='word_1_129' title='bbox 133 1007 175 1044; x_wconf 90' lang='lat' dir='ltr'><strong>in</strong></span> <span class='ocrx_word' id='word_1_130' title='bbox 198 1006 323 1046; x_wconf 85' lang='lat' dir='ltr'><strong>altum</strong></span> <span class='ocrx_word' id='word_1_131' title='bbox 348 1006 534 1046; x_wconf 83' lang='lat' dir='ltr'><strong>tollerent</strong></span> <span class='ocrx_word' id='word_1_132' title='bbox 560 1007 634 1046; x_wconf 89' lang='lat' dir='ltr'><strong>sibi</strong></span> <span class='ocrx_word' id='word_1_133' title='bbox 659 1008 896 1047; x_wconf 81' lang='lat' dir='ltr'><strong>insistentes.</strong></span> <span class='ocrx_word' id='word_1_134' title='bbox 957 1008 1078 1058; x_wconf 85' lang='lat' dir='ltr'><strong>Quod</strong></span> <span class='ocrx_word' id='word_1_135' title='bbox 1110 1023 1191 1048; x_wconf 89' lang='lat' dir='ltr'><strong>non</strong></span> <span class='ocrx_word' id='word_1_136' title='bbox 1210 1017 1367 1048; x_wconf 84' lang='lat' dir='ltr'><strong>tantum</strong></span> <span class='ocrx_word' id='word_1_137' title='bbox 1389 1019 1571 1051; x_wconf 76' lang='lat' dir='ltr'><strong>vetustae</strong></span> 
     </span>
     <span class='ocr_line' id='line_1_17' title="bbox 132 1062 1567 1118; baseline 0.004 -18"><span class='ocrx_word' id='word_1_138' title='bbox 132 1062 160 1105; x_wconf 88' lang='lat' dir='ltr'>S</span> <span class='ocrx_word' id='word_1_139' title='bbox 191 1063 272 1101; x_wconf 82' lang='lat' dir='ltr'><strong>riae</strong></span> <span class='ocrx_word' id='word_1_140' title='bbox 298 1063 443 1115; x_wconf 76' lang='lat' dir='ltr'><strong>reginis</strong></span> <span class='ocrx_word' id='word_1_141' title='bbox 474 1062 645 1110; x_wconf 76' lang='lat' dir='ltr'><strong>sactum,</strong></span> <span class='ocrx_word' id='word_1_142' title='bbox 678 1069 723 1100; x_wconf 93' lang='lat' dir='ltr'><strong>ut</strong></span> <span class='ocrx_word' id='word_1_143' title='bbox 759 1077 780 1102; x_wconf 92' lang='lat' dir='ltr'><strong>e</strong></span> <span class='ocrx_word' id='word_1_144' title='bbox 823 1064 1027 1103; x_wconf 76' lang='lat' dir='ltr'><strong>Plutarchi</strong></span> <span class='ocrx_word' id='word_1_145' title='bbox 1058 1063 1163 1103; x_wconf 89' lang='lat' dir='ltr'><strong>libro</strong></span> <span class='ocrx_word' id='word_1_146' title='bbox 1196 1064 1246 1103; x_wconf 88' lang='lat' dir='ltr'><strong>de</strong></span> <span class='ocrx_word' id='word_1_147' title='bbox 1274 1068 1483 1118; x_wconf 74' lang='lat' dir='ltr'><strong>parasitis,</strong></span> <span class='ocrx_word' id='word_1_148' title='bbox 1523 1070 1567 1106; x_wconf 85' lang='lat' dir='ltr'><strong>ni</strong></span> 
     </span>
     <span class='ocr_line' id='line_1_18' title="bbox 133 1077 1564 1173; baseline 0.003 -18"><span class='ocrx_word' id='word_1_149' title='bbox 133 1077 278 1168; x_wconf 45' lang='lat' dir='ltr'><strong>failor,</strong></span> <span class='ocrx_word' id='word_1_150' title='bbox 299 1124 479 1164; x_wconf 78' lang='lat' dir='ltr'><strong>constat,</strong></span> <span class='ocrx_word' id='word_1_151' title='bbox 522 1131 664 1156; x_wconf 80' lang='lat' dir='ltr'><strong>verum</strong></span> <span class='ocrx_word' id='word_1_152' title='bbox 686 1118 806 1156; x_wconf 87' lang='lat' dir='ltr'><strong>etiam</strong></span> <span class='ocrx_word' id='word_1_153' title='bbox 837 1119 968 1158; x_wconf 87' lang='lat' dir='ltr'><strong>medio</strong></span> <span class='ocrx_word' id='word_1_154' title='bbox 996 1118 1128 1158; x_wconf 83' lang='lat' dir='ltr'><strong>adhuc</strong></span> <span class='ocrx_word' id='word_1_155' title='bbox 1155 1134 1254 1159; x_wconf 90' lang='lat' dir='ltr'><strong>aevo</strong></span> <span class='ocrx_word' id='word_1_156' title='bbox 1286 1122 1328 1159; x_wconf 90' lang='lat' dir='ltr'><strong>in</strong></span> <span class='ocrx_word' id='word_1_157' title='bbox 1354 1132 1430 1160; x_wconf 86' lang='lat' dir='ltr'><strong>usu</strong></span> <span class='ocrx_word' id='word_1_158' title='bbox 1453 1130 1564 1173; x_wconf 85' lang='lat' dir='ltr'><strong>erat3</strong></span> 
     </span>
     <span class='ocr_line' id='line_1_19' title="bbox 133 1172 1569 1225; baseline 0.003 -14"><span class='ocrx_word' id='word_1_159' title='bbox 133 1179 174 1211; x_wconf 87' lang='lat' dir='ltr'><strong>et</strong></span> <span class='ocrx_word' id='word_1_160' title='bbox 201 1173 308 1211; x_wconf 84' lang='lat' dir='ltr'><strong>viros</strong></span> <span class='ocrx_word' id='word_1_161' title='bbox 343 1185 503 1225; x_wconf 79' lang='lat' dir='ltr'><strong>quoque</strong></span> <span class='ocrx_word' id='word_1_162' title='bbox 536 1172 577 1211; x_wconf 91' lang='lat' dir='ltr'><strong>id</strong></span> <span class='ocrx_word' id='word_1_163' title='bbox 621 1172 756 1211; x_wconf 83' lang='lat' dir='ltr'><strong>fecisse</strong></span> <span class='ocrx_word' id='word_1_164' title='bbox 789 1181 942 1214; x_wconf 80' lang='lat' dir='ltr'><strong>constat</strong></span> <span class='ocrx_word' id='word_1_165' title='bbox 970 1189 993 1213; x_wconf 90' lang='lat' dir='ltr'><strong>e</strong></span> <span class='ocrx_word' id='word_1_166' title='bbox 1028 1174 1168 1214; x_wconf 88' lang='lat' dir='ltr'><strong>Niceta</strong></span> <span class='ocrx_word' id='word_1_167' title='bbox 1200 1175 1423 1225; x_wconf 82' lang='lat' dir='ltr'><strong>Choniata‚</strong></span> <span class='ocrx_word' id='word_1_168' title='bbox 1453 1179 1569 1216; x_wconf 86' lang='lat' dir='ltr'><strong>cuius</strong></span> 
     </span>
     <span class='ocr_line' id='line_1_20' title="bbox 133 1223 1574 1282; baseline 0.004 -17"><span class='ocrx_word' id='word_1_169' title='bbox 133 1226 231 1266; x_wconf 83' lang='lat' dir='ltr'><strong>haec</strong></span> <span class='ocrx_word' id='word_1_170' title='bbox 257 1235 350 1266; x_wconf 89' lang='lat' dir='ltr'><strong>sunt</strong></span> <span class='ocrx_word' id='word_1_171' title='bbox 373 1229 494 1267; x_wconf 84' lang='lat' dir='ltr'><strong>verba</strong></span> <span class='ocrx_word' id='word_1_172' title='bbox 517 1242 528 1265; x_wconf 74' lang='grc' dir='ltr'><em>τ</em></span> <span class='ocrx_word' id='word_1_173' title='bbox 560 1223 610 1266; x_wconf 78' lang='grc' dir='ltr'><strong>οὖ</strong></span> <span class='ocrx_word' id='word_1_174' title='bbox 637 1228 808 1278; x_wconf 73' lang='grc' dir='ltr'><em>βραχεῖς</em></span> <span class='ocrx_word' id='word_1_175' title='bbox 848 1228 894 1268; x_wconf 83' lang='grc' dir='ltr'><strong>δὲ</strong></span> <span class='ocrx_word' id='word_1_176' title='bbox 918 1229 992 1268; x_wconf 78' lang='grc' dir='ltr'><em>καί</em></span> <span class='ocrx_word' id='word_1_177' title='bbox 1016 1230 1101 1268; x_wconf 77' lang='grc' dir='ltr'><strong>τῶν</strong></span> <span class='ocrx_word' id='word_1_178' title='bbox 1126 1230 1225 1269; x_wconf 52' lang='grc' dir='ltr'><strong>καθ)</strong></span> <span class='ocrx_word' id='word_1_179' title='bbox 1253 1225 1359 1280; x_wconf 82' lang='grc' dir='ltr'><em>αἷμα</em></span> <span class='ocrx_word' id='word_1_180' title='bbox 1400 1233 1574 1282; x_wconf 83' lang='grc' dir='ltr'><strong>βασιλεῖ</strong></span> 
     </span>
     <span class='ocr_line' id='line_1_21' title="bbox 130 1276 1565 1338; baseline 0.003 -18"><span class='ocrx_word' id='word_1_181' title='bbox 130 1278 368 1333; x_wconf 75' lang='grc' dir='ltr'><em>ἐγγιζόντων</em></span> <span class='ocrx_word' id='word_1_182' title='bbox 408 1283 480 1321; x_wconf 74' lang='grc' dir='ltr'><strong>καί</strong></span> <span class='ocrx_word' id='word_1_183' title='bbox 521 1276 581 1328; x_wconf 81' lang='grc' dir='ltr'><strong>οἷς</strong></span> <span class='ocrx_word' id='word_1_184' title='bbox 619 1280 671 1321; x_wconf 76' lang='grc' dir='ltr'><strong>τά</strong></span> <span class='ocrx_word' id='word_1_185' title='bbox 710 1280 961 1337; x_wconf 71' lang='grc' dir='ltr'><em>ὑπερήφανα</em></span> <span class='ocrx_word' id='word_1_186' title='bbox 998 1283 1079 1323; x_wconf 72' lang='grc' dir='ltr'><strong>τῶν</strong></span> <span class='ocrx_word' id='word_1_187' title='bbox 1107 1281 1320 1338; x_wconf 69' lang='grc' dir='ltr'><strong>ὄφφικίων</strong></span> <span class='ocrx_word' id='word_1_188' title='bbox 1347 1286 1565 1338; x_wconf 73' lang='grc' dir='ltr'><em>ἀνέκειτο,</em></span> 
     </span>
     <span class='ocr_line' id='line_1_22' title="bbox 118 1331 1567 1392; baseline 0.005 -18"><span class='ocrx_word' id='word_1_189' title='bbox 118 1332 234 1382; x_wconf 71' lang='grc' dir='ltr'><strong>,τούς</strong></span> <span class='ocrx_word' id='word_1_190' title='bbox 261 1331 401 1386; x_wconf 77' lang='grc' dir='ltr'><em>ὤμους</em></span> <span class='ocrx_word' id='word_1_191' title='bbox 441 1333 499 1383; x_wconf 73' lang='grc' dir='ltr'><strong>ὥς</strong></span> <span class='ocrx_word' id='word_1_192' title='bbox 535 1336 740 1387; x_wconf 72' lang='grc' dir='ltr'><strong>θρανίδας</strong></span> <span class='ocrx_word' id='word_1_193' title='bbox 776 1336 1106 1390; x_wconf 70' lang='grc' dir='ltr'><em>ὑποβάλλοντες,</em></span> <span class='ocrx_word' id='word_1_194' title='bbox 1143 1339 1215 1379; x_wconf 68' lang='grc' dir='ltr'><strong>ἐπὶ</strong></span> <span class='ocrx_word' id='word_1_195' title='bbox 1249 1340 1331 1380; x_wconf 77' lang='grc' dir='ltr'><strong>τῶν</strong></span> <span class='ocrx_word' id='word_1_196' title='bbox 1360 1343 1567 1392; x_wconf 72' lang='grc' dir='ltr'><strong>λαμπρῶν</strong></span> 
     </span>
     <span class='ocr_line' id='line_1_23' title="bbox 132 1387 1566 1448; baseline 0.006 -20"><span class='ocrx_word' id='word_1_197' title='bbox 132 1389 206 1429; x_wconf 74' lang='grc' dir='ltr'><strong>καὶ</strong></span> <span class='ocrx_word' id='word_1_198' title='bbox 246 1387 465 1442; x_wconf 74' lang='grc' dir='ltr'><em>μετεώρων</em></span> <span class='ocrx_word' id='word_1_199' title='bbox 507 1387 654 1430; x_wconf 62' lang='lat' dir='ltr'><strong>&amp;ainana</strong></span> <span class='ocrx_word' id='word_1_200' title='bbox 692 1389 766 1443; x_wconf 72' lang='grc' dir='ltr'><strong>τήν</strong></span> <span class='ocrx_word' id='word_1_201' title='bbox 807 1392 1005 1443; x_wconf 68' lang='grc' dir='ltr'><strong>βασιλίδα</strong></span> <span class='ocrx_word' id='word_1_202' title='bbox 1050 1394 1269 1448; x_wconf 63' lang='grc' dir='ltr'><em>ἀνέφερον.</em></span> <span class='ocrx_word' id='word_1_203' title='bbox 1328 1395 1406 1435; x_wconf 92' lang='lat' dir='ltr'><strong>Vel</strong></span> <span class='ocrx_word' id='word_1_204' title='bbox 1445 1399 1566 1435; x_wconf 81' lang='lat' dir='ltr'><strong>etiam</strong></span> 
     </span>
     <span class='ocr_line' id='line_1_24' title="bbox 108 1445 1566 1504; baseline 0.005 -21"><span class='ocrx_word' id='word_1_205' title='bbox 108 1452 247 1484; x_wconf 80' lang='lat' dir='ltr'><strong>·erant</strong></span> <span class='ocrx_word' id='word_1_206' title='bbox 272 1446 314 1484; x_wconf 93' lang='lat' dir='ltr'><strong>in</strong></span> <span class='ocrx_word' id='word_1_207' title='bbox 346 1445 508 1499; x_wconf 79' lang='lat' dir='ltr'><strong>singulis</strong></span> <span class='ocrx_word' id='word_1_208' title='bbox 536 1445 752 1485; x_wconf 85' lang='lat' dir='ltr'><strong>carruchae</strong></span> <span class='ocrx_word' id='word_1_209' title='bbox 786 1449 940 1501; x_wconf 83' lang='lat' dir='ltr'><strong>angulis</strong></span> <span class='ocrx_word' id='word_1_210' title='bbox 978 1449 1135 1501; x_wconf 83' lang='lat' dir='ltr'><strong>singula</strong></span> <span class='ocrx_word' id='word_1_211' title='bbox 1168 1463 1318 1501; x_wconf 87' lang='lat' dir='ltr'><strong>poma,</strong></span> <span class='ocrx_word' id='word_1_212' title='bbox 1364 1465 1387 1490; x_wconf 87' lang='lat' dir='ltr'><strong>e</strong></span> <span class='ocrx_word' id='word_1_213' title='bbox 1418 1452 1566 1504; x_wconf 84' lang='lat' dir='ltr'><strong>quibus</strong></span> 
     </span>
     <span class='ocr_line' id='line_1_25' title="bbox 132 1500 1785 1556; baseline 0.004 -18"><span class='ocrx_word' id='word_1_214' title='bbox 132 1500 319 1554; x_wconf 77' lang='lat' dir='ltr'><strong>surgebat</strong></span> <span class='ocrx_word' id='word_1_215' title='bbox 335 1503 541 1540; x_wconf 90' lang='lat' dir='ltr'><strong>uraniscus</strong></span> <span class='ocrx_word' id='word_1_216' title='bbox 567 1501 844 1554; x_wconf 81' lang='lat' dir='ltr'><strong>pyramidalis,</strong></span> <span class='ocrx_word' id='word_1_217' title='bbox 874 1503 949 1542; x_wconf 88' lang='lat' dir='ltr'><strong>sub</strong></span> <span class='ocrx_word' id='word_1_218' title='bbox 969 1518 1050 1556; x_wconf 88' lang='lat' dir='ltr'><strong>quo</strong></span> <span class='ocrx_word' id='word_1_219' title='bbox 1082 1504 1246 1543; x_wconf 83' lang='lat' dir='ltr'><strong>sedebat</strong></span> <span class='ocrx_word' id='word_1_220' title='bbox 1267 1519 1386 1544; x_wconf 89' lang='lat' dir='ltr'><strong>curru</strong></span> <span class='ocrx_word' id='word_1_221' title='bbox 1412 1506 1566 1546; x_wconf 81' lang='lat' dir='ltr'><strong>vehcn-</strong></span> <span class='ocrx_word' id='word_1_222' title='bbox 1590 1506 1785 1544; x_wconf 77' lang='lat' dir='ltr'><strong>E‹1.1..136</strong></span> 
     </span>
    </p>
   </div>
   <div class='ocr_carea' id='block_1_3' title="bbox 128 1552 1567 1899">
    <p class='ocr_par' dir='ltr' id='par_1_3' title="bbox 128 1552 1567 1899">
     <span class='ocr_line' id='line_1_26' title="bbox 131 1552 1567 1621; baseline 0.006 -18"><span class='ocrx_word' id='word_1_223' title='bbox 131 1565 236 1617; x_wconf 86' lang='lat' dir='ltr'><strong>dus;</strong></span> <span class='ocrx_word' id='word_1_224' title='bbox 264 1565 316 1605; x_wconf 92' lang='lat' dir='ltr'><strong>ad</strong></span> <span class='ocrx_word' id='word_1_225' title='bbox 342 1565 458 1605; x_wconf 89' lang='lat' dir='ltr'><strong>illum</strong></span> <span class='ocrx_word' id='word_1_226' title='bbox 488 1567 569 1606; x_wconf 85' lang='lat' dir='ltr'><strong>fere</strong></span> <span class='ocrx_word' id='word_1_227' title='bbox 594 1566 758 1606; x_wconf 89' lang='lat' dir='ltr'><strong>modum</strong></span> <span class='ocrx_word' id='word_1_228' title='bbox 777 1598 789 1619; x_wconf 88' lang='lat'><strong>,</strong></span> <span class='ocrx_word' id='word_1_229' title='bbox 814 1583 894 1621; x_wconf 86' lang='lat' dir='ltr'><strong>quo</strong></span> <span class='ocrx_word' id='word_1_230' title='bbox 919 1569 963 1608; x_wconf 82' lang='lat' dir='ltr'><strong>fit</strong></span> <span class='ocrx_word' id='word_1_231' title='bbox 1008 1552 1136 1619; x_wconf 40' lang='grc' dir='ltr'><strong>μ,</strong></span> <span class='ocrx_word' id='word_1_232' title='bbox 1170 1570 1399 1609; x_wconf 78' lang='lat' dir='ltr'><strong>Almahmel</strong></span> <span class='ocrx_word' id='word_1_233' title='bbox 1418 1585 1487 1610; x_wconf 89' lang='lat' dir='ltr'><strong>scu</strong></span> <span class='ocrx_word' id='word_1_234' title='bbox 1506 1572 1567 1611; x_wconf 90' lang='lat' dir='ltr'><strong>le-</strong></span> 
     </span>
     <span class='ocr_line' id='line_1_27' title="bbox 129 1620 1564 1680; baseline 0.006 -21"><span class='ocrx_word' id='word_1_235' title='bbox 129 1621 232 1659; x_wconf 86' lang='lat' dir='ltr'><strong>ctica</strong></span> <span class='ocrx_word' id='word_1_236' title='bbox 246 1651 257 1669; x_wconf 96' lang='lat'><strong>,</strong></span> <span class='ocrx_word' id='word_1_237' title='bbox 286 1635 366 1674; x_wconf 87' lang='lat' dir='ltr'><strong>qua</strong></span> <span class='ocrx_word' id='word_1_238' title='bbox 390 1622 603 1676; x_wconf 85' lang='lat' dir='ltr'><strong>quotannis</strong></span> <span class='ocrx_word' id='word_1_239' title='bbox 624 1620 662 1660; x_wconf 91' lang='lat' dir='ltr'><strong>al</strong></span> <span class='ocrx_word' id='word_1_240' title='bbox 683 1623 802 1668; x_wconf 80' lang='lat' dir='ltr'><strong>Cairo</strong></span> <span class='ocrx_word' id='word_1_241' title='bbox 829 1625 1008 1662; x_wconf 88' lang='lat' dir='ltr'><strong>Maccam</strong></span> <span class='ocrx_word' id='word_1_242' title='bbox 1028 1624 1241 1663; x_wconf 87' lang='lat' dir='ltr'><strong>devehitur</strong></span> <span class='ocrx_word' id='word_1_243' title='bbox 1256 1626 1403 1679; x_wconf 85' lang='lat' dir='ltr'><strong>endyta</strong></span> <span class='ocrx_word' id='word_1_244' title='bbox 1422 1627 1564 1680; x_wconf 88' lang='lat' dir='ltr'><strong>templi</strong></span> 
     </span>
     <span class='ocr_line' id='line_1_28' title="bbox 129 1674 1564 1732; baseline 0.006 -18"><span class='ocrx_word' id='word_1_245' title='bbox 129 1674 339 1729; x_wconf 87' lang='lat' dir='ltr'><strong>Maccani,</strong></span> <span class='ocrx_word' id='word_1_246' title='bbox 359 1684 398 1716; x_wconf 84' lang='lat' dir='ltr'><strong>et</strong></span> <span class='ocrx_word' id='word_1_247' title='bbox 424 1692 544 1731; x_wconf 88' lang='lat' dir='ltr'><strong>quam</strong></span> <span class='ocrx_word' id='word_1_248' title='bbox 572 1677 751 1717; x_wconf 85' lang='lat' dir='ltr'><strong>lecticam</strong></span> <span class='ocrx_word' id='word_1_249' title='bbox 790 1679 998 1718; x_wconf 83' lang='lat' dir='ltr'><strong>Wansleb.</strong></span> <span class='ocrx_word' id='word_1_250' title='bbox 1033 1694 1074 1731; x_wconf 90' lang='lat' dir='ltr'><strong>p.</strong></span> <span class='ocrx_word' id='word_1_251' title='bbox 1111 1680 1204 1732; x_wconf 76' lang='grc'>547.</span> <span class='ocrx_word' id='word_1_252' title='bbox 1229 1680 1279 1718; x_wconf 89' lang='lat' dir='ltr'><strong>de</strong></span> <span class='ocrx_word' id='word_1_253' title='bbox 1300 1695 1342 1719; x_wconf 91' lang='lat' dir='ltr'><strong>sa</strong></span> <span class='ocrx_word' id='word_1_254' title='bbox 1378 1681 1564 1723; x_wconf 88' lang='lat' dir='ltr'><strong>Relation</strong></span> 
     </span>
     <span class='ocr_line' id='line_1_29' title="bbox 129 1729 1562 1786; baseline 0.004 -16"><span class='ocrx_word' id='word_1_255' title='bbox 129 1729 325 1785; x_wconf 83' lang='lat' dir='ltr'><strong>d’Egypte</strong></span> <span class='ocrx_word' id='word_1_256' title='bbox 353 1734 409 1772; x_wconf 91' lang='lat' dir='ltr'><strong>sic</strong></span> <span class='ocrx_word' id='word_1_257' title='bbox 431 1732 619 1772; x_wconf 85' lang='lat' dir='ltr'><strong>describit</strong></span> <span class='ocrx_word' id='word_1_258' title='bbox 635 1747 647 1771; x_wconf 69' lang='grc' dir='ltr'><em>ε</em></span> <span class='ocrx_word' id='word_1_259' title='bbox 681 1734 733 1773; x_wconf 83' lang='lat' dir='ltr'><strong>Ce</strong></span> <span class='ocrx_word' id='word_1_260' title='bbox 758 1733 938 1773; x_wconf 68' lang='lat' dir='ltr'><strong>Malmzel</strong></span> <span class='ocrx_word' id='word_1_261' title='bbox 961 1734 1153 1786; x_wconf 75' lang='lat' dir='ltr'><strong>e&#39;toiefizit</strong></span> <span class='ocrx_word' id='word_1_262' title='bbox 1173 1749 1222 1773; x_wconf 83' lang='lat' dir='ltr'><strong>en</strong></span> <span class='ocrx_word' id='word_1_263' title='bbox 1237 1736 1380 1786; x_wconf 49' lang='lat' dir='ltr'><strong>‚sbrme</strong></span> <span class='ocrx_word' id='word_1_264' title='bbox 1414 1737 1465 1775; x_wconf 84' lang='lat' dir='ltr'><strong>de</strong></span> <span class='ocrx_word' id='word_1_265' title='bbox 1498 1739 1562 1780; x_wconf 79' lang='lat' dir='ltr'><strong>lit.</strong></span> 
     </span>
     <span class='ocr_line' id='line_1_30' title="bbox 130 1787 1562 1845; baseline 0.005 -20"><span class='ocrx_word' id='word_1_266' title='bbox 130 1804 152 1815; x_wconf 80' lang='lat'><em>—</em></span> <span class='ocrx_word' id='word_1_267' title='bbox 169 1808 192 1815; x_wconf 96' lang='lat'><em>-</em></span> <span class='ocrx_word' id='word_1_268' title='bbox 230 1787 278 1826; x_wconf 87' lang='lat' dir='ltr'><strong>Il</strong></span> <span class='ocrx_word' id='word_1_269' title='bbox 289 1801 327 1838; x_wconf 81' lang='lat' dir='ltr'><em>y</em></span> <span class='ocrx_word' id='word_1_270' title='bbox 383 1789 495 1827; x_wconf 77' lang='lat' dir='ltr'><strong>avoit</strong></span> <span class='ocrx_word' id='word_1_271' title='bbox 533 1802 619 1827; x_wconf 70' lang='lat' dir='ltr'><strong>alt-z·</strong></span> <span class='ocrx_word' id='word_1_272' title='bbox 650 1798 786 1843; x_wconf 80' lang='lat' dir='ltr'><strong>quatre</strong></span> <span class='ocrx_word' id='word_1_273' title='bbox 814 1791 920 1828; x_wconf 78' lang='lat' dir='ltr'><strong>coins</strong></span> <span class='ocrx_word' id='word_1_274' title='bbox 946 1798 1084 1845; x_wconf 78' lang='lat' dir='ltr'><strong>quatre</strong></span> <span class='ocrx_word' id='word_1_275' title='bbox 1101 1802 1249 1842; x_wconf 77' lang='lat' dir='ltr'><strong>grosses</strong></span> <span class='ocrx_word' id='word_1_276' title='bbox 1267 1804 1444 1844; x_wconf 82' lang='lat' dir='ltr'><strong>pommes</strong></span> <span class='ocrx_word' id='word_1_277' title='bbox 1468 1806 1562 1832; x_wconf 83' lang='lat' dir='ltr'><strong>cou-</strong></span> 
     </span>
     <span class='ocr_line' id='line_1_31' title="bbox 128 1842 1567 1899; baseline 0.006 -21"><span class='ocrx_word' id='word_1_278' title='bbox 128 1850 254 1880; x_wconf 71' lang='lat' dir='ltr'><strong>wrtes</strong></span> <span class='ocrx_word' id='word_1_279' title='bbox 291 1842 419 1882; x_wconf 85' lang='lat' dir='ltr'><strong>d&#39;une</strong></span> <span class='ocrx_word' id='word_1_280' title='bbox 447 1842 558 1896; x_wconf 73' lang='lat' dir='ltr'><strong>e&#39;tcffi</strong></span> <span class='ocrx_word' id='word_1_281' title='bbox 583 1844 655 1882; x_wconf 53' lang='lat' dir='ltr'><strong>tres</strong></span> <span class='ocrx_word' id='word_1_282' title='bbox 687 1843 792 1883; x_wconf 67' lang='lat' dir='ltr'><strong>ric-lte</strong></span> <span class='ocrx_word' id='word_1_283' title='bbox 810 1874 820 1892; x_wconf 88' lang='lat'><strong>,</strong></span> <span class='ocrx_word' id='word_1_284' title='bbox 854 1854 893 1883; x_wconf 85' lang='lat' dir='ltr'><strong>et</strong></span> <span class='ocrx_word' id='word_1_285' title='bbox 909 1845 963 1883; x_wconf 82' lang='lat' dir='ltr'><strong>du</strong></span> <span class='ocrx_word' id='word_1_286' title='bbox 995 1845 1128 1883; x_wconf 80' lang='lat' dir='ltr'><strong>milieu</strong></span> <span class='ocrx_word' id='word_1_287' title='bbox 1156 1844 1207 1883; x_wconf 83' lang='lat' dir='ltr'><strong>de</strong></span> <span class='ocrx_word' id='word_1_288' title='bbox 1238 1859 1299 1883; x_wconf 82' lang='lat' dir='ltr'><strong>ces</strong></span> <span class='ocrx_word' id='word_1_289' title='bbox 1323 1859 1502 1899; x_wconf 77' lang='lat' dir='ltr'><strong>pommes</strong></span> <span class='ocrx_word' id='word_1_290' title='bbox 1530 1845 1567 1887; x_wconf 84' lang='lat' dir='ltr'><strong>il</strong></span> 
     </span>
    </p>
   </div>
   <div class='ocr_carea' id='block_1_4' title="bbox 55 1894 1563 1953">
    <p class='ocr_par' dir='ltr' id='par_1_4' title="bbox 55 1894 1563 1953">
     <span class='ocr_line' id='line_1_32' title="bbox 55 1894 1563 1953; baseline 0.005 -19"><span class='ocrx_word' id='word_1_291' title='bbox 55 1946 58 1947; x_wconf 19' lang='lat'><em>⁷</em></span> <span class='ocrx_word' id='word_1_292' title='bbox 128 1894 304 1935; x_wconf 56' lang='lat' dir='ltr'><strong>s&#39;e&#39;leboic</strong></span> <span class='ocrx_word' id='word_1_293' title='bbox 341 1911 389 1936; x_wconf 85' lang='lat' dir='ltr'><strong>en</strong></span> <span class='ocrx_word' id='word_1_294' title='bbox 413 1899 641 1953; x_wconf 65' lang='lat' dir='ltr'><strong>pyramide.</strong></span> <span class='ocrx_word' id='word_1_295' title='bbox 681 1898 833 1952; x_wconf 77' lang='grc' dir='ltr'><em>ΙΙΙῆλον</em></span> <span class='ocrx_word' id='word_1_296' title='bbox 860 1903 918 1938; x_wconf 87' lang='lat' dir='ltr'><strong>est</strong></span> <span class='ocrx_word' id='word_1_297' title='bbox 942 1914 1061 1938; x_wconf 89' lang='lat' dir='ltr'><strong>omne</strong></span> <span class='ocrx_word' id='word_1_298' title='bbox 1088 1898 1322 1952; x_wconf 83' lang='lat' dir='ltr'><strong>globosum,</strong></span> <span class='ocrx_word' id='word_1_299' title='bbox 1347 1900 1399 1939; x_wconf 87' lang='lat' dir='ltr'><strong>ad</strong></span> <span class='ocrx_word' id='word_1_300' title='bbox 1434 1902 1563 1942; x_wconf 85' lang='lat' dir='ltr'><strong>instar</strong></span> 
     </span>
    </p>
   </div>
   <div class='ocr_carea' id='block_1_5' title="bbox 127 1949 1563 2778">
    <p class='ocr_par' dir='ltr' id='par_1_5' title="bbox 127 1949 1563 2666">
     <span class='ocr_line' id='line_1_33' title="bbox 130 1949 1563 2008; baseline 0.006 -20"><span class='ocrx_word' id='word_1_301' title='bbox 130 1949 227 1989; x_wconf 84' lang='lat' dir='ltr'><strong>mali</strong></span> <span class='ocrx_word' id='word_1_302' title='bbox 249 1952 507 2004; x_wconf 79' lang='lat' dir='ltr'><strong>tuberosum,</strong></span> <span class='ocrx_word' id='word_1_303' title='bbox 537 1954 728 1992; x_wconf 90' lang='lat' dir='ltr'><strong>eminens.</strong></span> <span class='ocrx_word' id='word_1_304' title='bbox 785 1954 848 1993; x_wconf 80' lang='lat' dir='ltr'><strong>lta</strong></span> <span class='ocrx_word' id='word_1_305' title='bbox 884 1955 992 2007; x_wconf 91' lang='lat' dir='ltr'><strong>quod</strong></span> <span class='ocrx_word' id='word_1_306' title='bbox 1026 1962 1178 1994; x_wconf 79' lang='lat' dir='ltr'><strong>veteres</strong></span> <span class='ocrx_word' id='word_1_307' title='bbox 1211 1957 1254 1993; x_wconf 89' lang='lat' dir='ltr'><strong>in</strong></span> <span class='ocrx_word' id='word_1_308' title='bbox 1293 1953 1405 2008; x_wconf 85' lang='lat' dir='ltr'><strong>galea</strong></span> <span class='ocrx_word' id='word_1_309' title='bbox 1433 1956 1563 1996; x_wconf 73' lang='grc' dir='ltr'><em>κῶνον</em></span> 
     </span>
     <span class='ocr_line' id='line_1_34' title="bbox 131 2004 1562 2063; baseline 0.006 -20"><span class='ocrx_word' id='word_1_310' title='bbox 131 2004 406 2058; x_wconf 85' lang='lat' dir='ltr'><strong>appellabant,</strong></span> <span class='ocrx_word' id='word_1_311' title='bbox 429 2010 546 2048; x_wconf 87' lang='lat' dir='ltr'><strong>novis</strong></span> <span class='ocrx_word' id='word_1_312' title='bbox 570 2015 628 2047; x_wconf 87' lang='lat' dir='ltr'><strong>est</strong></span> <span class='ocrx_word' id='word_1_313' title='bbox 643 2008 777 2060; x_wconf 78' lang='grc' dir='ltr'><em>μῆλον</em></span> <span class='ocrx_word' id='word_1_314' title='bbox 795 2037 807 2058; x_wconf 86' lang='grc'>,</span> <span class='ocrx_word' id='word_1_315' title='bbox 834 2016 879 2048; x_wconf 89' lang='lat' dir='ltr'><strong>ut</strong></span> <span class='ocrx_word' id='word_1_316' title='bbox 905 2024 927 2048; x_wconf 91' lang='lat' dir='ltr'><strong>e</strong></span> <span class='ocrx_word' id='word_1_317' title='bbox 949 2009 1046 2048; x_wconf 86' lang='lat' dir='ltr'><strong>locis</strong></span> <span class='ocrx_word' id='word_1_318' title='bbox 1071 2010 1217 2048; x_wconf 88' lang='lat' dir='ltr'><strong>Leonis</strong></span> <span class='ocrx_word' id='word_1_319' title='bbox 1239 2017 1358 2063; x_wconf 89' lang='lat' dir='ltr'><strong>atque</strong></span> <span class='ocrx_word' id='word_1_320' title='bbox 1380 2011 1562 2052; x_wconf 86' lang='lat' dir='ltr'><strong>Mauritii</strong></span> 
     </span>
     <span class='ocr_line' id='line_1_35' title="bbox 128 2062 1562 2119; baseline 0.006 -21"><span class='ocrx_word' id='word_1_321' title='bbox 128 2067 285 2099; x_wconf 88' lang='lat' dir='ltr'><strong>constat</strong></span> <span class='ocrx_word' id='word_1_322' title='bbox 300 2062 367 2100; x_wconf 91' lang='lat' dir='ltr'><strong>Du</strong></span> <span class='ocrx_word' id='word_1_323' title='bbox 380 2062 528 2117; x_wconf 85' lang='lat' dir='ltr'><strong>Cangio</strong></span> <span class='ocrx_word' id='word_1_324' title='bbox 553 2064 682 2102; x_wconf 86' lang='lat' dir='ltr'><strong>citatis</strong></span> <span class='ocrx_word' id='word_1_325' title='bbox 707 2065 746 2102; x_wconf 92' lang='lat' dir='ltr'><strong>in</strong></span> <span class='ocrx_word' id='word_1_326' title='bbox 760 2063 890 2103; x_wconf 85' lang='lat' dir='ltr'><strong>Gloss.</strong></span> <span class='ocrx_word' id='word_1_327' title='bbox 906 2066 978 2104; x_wconf 88' lang='lat' dir='ltr'><strong>Gr.</strong></span> <span class='ocrx_word' id='word_1_328' title='bbox 1003 2064 1046 2103; x_wconf 90' lang='lat' dir='ltr'><strong>h.</strong></span> <span class='ocrx_word' id='word_1_329' title='bbox 1069 2078 1111 2102; x_wconf 87' lang='lat' dir='ltr'><strong>v.</strong></span> <span class='ocrx_word' id='word_1_330' title='bbox 1156 2065 1345 2113; x_wconf 84' lang='lat' dir='ltr'><strong>Catenae,</strong></span> <span class='ocrx_word' id='word_1_331' title='bbox 1368 2078 1391 2103; x_wconf 89' lang='lat' dir='ltr'><strong>e</strong></span> <span class='ocrx_word' id='word_1_332' title='bbox 1414 2067 1562 2119; x_wconf 84' lang='lat' dir='ltr'><strong>qmbus</strong></span> 
     </span>
     <span class='ocr_line' id='line_1_36' title="bbox 127 2114 1563 2171; baseline 0.005 -18"><span class='ocrx_word' id='word_1_333' title='bbox 127 2114 390 2168; x_wconf 87' lang='lat' dir='ltr'><strong>polycandela</strong></span> <span class='ocrx_word' id='word_1_334' title='bbox 412 2119 454 2156; x_wconf 89' lang='lat' dir='ltr'><strong>in</strong></span> <span class='ocrx_word' id='word_1_335' title='bbox 485 2118 657 2157; x_wconf 85' lang='lat' dir='ltr'><strong>ecclesiis</strong></span> <span class='ocrx_word' id='word_1_336' title='bbox 685 2118 987 2171; x_wconf 83' lang='lat' dir='ltr'><strong>dependebant,</strong></span> <span class='ocrx_word' id='word_1_337' title='bbox 1021 2119 1212 2158; x_wconf 86' lang='lat' dir='ltr'><strong>dicuntur</strong></span> <span class='ocrx_word' id='word_1_338' title='bbox 1229 2119 1428 2159; x_wconf 88' lang='lat' dir='ltr'><strong>Chronico</strong></span> <span class='ocrx_word' id='word_1_339' title='bbox 1462 2121 1563 2161; x_wconf 87' lang='lat' dir='ltr'><strong>Cas-</strong></span> 
     </span>
     <span class='ocr_line' id='line_1_37' title="bbox 127 2169 1559 2227; baseline 0.006 -20"><span class='ocrx_word' id='word_1_340' title='bbox 127 2169 277 2209; x_wconf 82' lang='lat' dir='ltr'><strong>sinensi</strong></span> <span class='ocrx_word' id='word_1_341' title='bbox 304 2171 381 2210; x_wconf 90' lang='lat'><em>111.</em></span> <span class='ocrx_word' id='word_1_342' title='bbox 397 2172 463 2210; x_wconf 82' lang='lat'><strong>55.</strong></span> <span class='ocrx_word' id='word_1_343' title='bbox 502 2174 641 2221; x_wconf 61' lang='lat' dir='ltr'><strong>mallis,</strong></span> <span class='ocrx_word' id='word_1_344' title='bbox 674 2173 714 2212; x_wconf 93' lang='lat' dir='ltr'><strong>id</strong></span> <span class='ocrx_word' id='word_1_345' title='bbox 739 2181 798 2212; x_wconf 90' lang='lat' dir='ltr'><strong>est</strong></span> <span class='ocrx_word' id='word_1_346' title='bbox 830 2174 986 2225; x_wconf 89' lang='lat' dir='ltr'><strong>bulbis,</strong></span> <span class='ocrx_word' id='word_1_347' title='bbox 1021 2173 1148 2227; x_wconf 84' lang='lat' dir='ltr'><strong>globis</strong></span> <span class='ocrx_word' id='word_1_348' title='bbox 1175 2175 1306 2214; x_wconf 89' lang='lat' dir='ltr'><strong>aeneis</strong></span> <span class='ocrx_word' id='word_1_349' title='bbox 1332 2175 1559 2227; x_wconf 87' lang='lat' dir='ltr'><strong>deauratis,</strong></span> 
     </span>
     <span class='ocr_line' id='line_1_38' title="bbox 127 2223 1561 2282; baseline 0.006 -20"><span class='ocrx_word' id='word_1_350' title='bbox 127 2224 316 2278; x_wconf 86' lang='lat' dir='ltr'><strong>distingui</strong></span> <span class='ocrx_word' id='word_1_351' title='bbox 343 2223 606 2266; x_wconf 81' lang='lat' dir='ltr'><strong>consuevisse.</strong></span> <span class='ocrx_word' id='word_1_352' title='bbox 633 2228 743 2266; x_wconf 90' lang='lat' dir='ltr'><strong>Idem</strong></span> <span class='ocrx_word' id='word_1_353' title='bbox 762 2229 986 2268; x_wconf 87' lang='lat' dir='ltr'><strong>Chronieon</strong></span> <span class='ocrx_word' id='word_1_354' title='bbox 1011 2229 1086 2267; x_wconf 86' lang='lat'><em>111.</em></span> <span class='ocrx_word' id='word_1_355' title='bbox 1107 2231 1173 2282; x_wconf 86' lang='lat'><strong>57.</strong></span> <span class='ocrx_word' id='word_1_356' title='bbox 1193 2243 1204 2268; x_wconf 77' lang='grc' dir='ltr'><em>τ</em></span> <span class='ocrx_word' id='word_1_357' title='bbox 1227 2230 1464 2268; x_wconf 77' lang='lat' dir='ltr'><strong>candelabra</strong></span> <span class='ocrx_word' id='word_1_358' title='bbox 1489 2245 1561 2270; x_wconf 74' lang='lat' dir='ltr'><strong>ar·-</strong></span> 
     </span>
     <span class='ocr_line' id='line_1_39' title="bbox 127 2283 1559 2339; baseline 0.006 -22"><span class='ocrx_word' id='word_1_359' title='bbox 127 2288 263 2332; x_wconf 80' lang='lat' dir='ltr'><strong>gentea</strong></span> <span class='ocrx_word' id='word_1_360' title='bbox 292 2295 377 2319; x_wconf 81' lang='lat' dir='ltr'><strong>cum</strong></span> <span class='ocrx_word' id='word_1_361' title='bbox 410 2283 526 2320; x_wconf 79' lang='lat' dir='ltr'><strong>malis</strong></span> <span class='ocrx_word' id='word_1_362' title='bbox 551 2284 804 2334; x_wconf 76' lang='lat' dir='ltr'><strong>crystallinis.</strong></span> <span class='ocrx_word' id='word_1_363' title='bbox 860 2284 963 2324; x_wconf 87' lang='lat' dir='ltr'><strong>Sunt</strong></span> <span class='ocrx_word' id='word_1_364' title='bbox 994 2284 1049 2322; x_wconf 86' lang='lat' dir='ltr'><strong>ibi</strong></span> <span class='ocrx_word' id='word_1_365' title='bbox 1079 2284 1184 2323; x_wconf 85' lang='lat' dir='ltr'><strong>mala</strong></span> <span class='ocrx_word' id='word_1_366' title='bbox 1212 2283 1319 2337; x_wconf 83' lang='lat' dir='ltr'><strong>globi</strong></span> <span class='ocrx_word' id='word_1_367' title='bbox 1339 2299 1431 2323; x_wconf 89' lang='lat' dir='ltr'><strong>cum</strong></span> <span class='ocrx_word' id='word_1_368' title='bbox 1460 2297 1559 2339; x_wconf 88' lang='lat' dir='ltr'><strong>sup-</strong></span> 
     </span>
     <span class='ocr_line' id='line_1_40' title="bbox 130 2335 1559 2394; baseline 0.005 -22"><span class='ocrx_word' id='word_1_369' title='bbox 130 2335 261 2386; x_wconf 83' lang='lat' dir='ltr'><strong>posito</strong></span> <span class='ocrx_word' id='word_1_370' title='bbox 299 2335 447 2388; x_wconf 86' lang='lat' dir='ltr'><strong>petiolo</strong></span> <span class='ocrx_word' id='word_1_371' title='bbox 480 2345 646 2390; x_wconf 80' lang='lat' dir='ltr'><strong>angusto</strong></span> <span class='ocrx_word' id='word_1_372' title='bbox 680 2345 719 2376; x_wconf 89' lang='lat' dir='ltr'><strong>et</strong></span> <span class='ocrx_word' id='word_1_373' title='bbox 761 2338 957 2378; x_wconf 86' lang='lat' dir='ltr'><strong>foramine</strong></span> <span class='ocrx_word' id='word_1_374' title='bbox 983 2352 1177 2392; x_wconf 89' lang='lat' dir='ltr'><strong>perquam</strong></span> <span class='ocrx_word' id='word_1_375' title='bbox 1204 2339 1319 2387; x_wconf 87' lang='lat' dir='ltr'><strong>exili,</strong></span> <span class='ocrx_word' id='word_1_376' title='bbox 1347 2354 1420 2392; x_wconf 89' lang='lat' dir='ltr'><strong>per</strong></span> <span class='ocrx_word' id='word_1_377' title='bbox 1445 2341 1559 2394; x_wconf 90' lang='lat' dir='ltr'><strong>quod</strong></span> 
     </span>
     <span class='ocr_line' id='line_1_41' title="bbox 129 2387 1559 2446; baseline 0.004 -17"><span class='ocrx_word' id='word_1_378' title='bbox 129 2387 266 2429; x_wconf 85' lang='lat' dir='ltr'><strong>oleum</strong></span> <span class='ocrx_word' id='word_1_379' title='bbox 302 2392 486 2443; x_wconf 82' lang='lat' dir='ltr'><strong>guttatim</strong></span> <span class='ocrx_word' id='word_1_380' title='bbox 529 2393 569 2430; x_wconf 84' lang='lat' dir='ltr'><strong>in</strong></span> <span class='ocrx_word' id='word_1_381' title='bbox 610 2392 892 2432; x_wconf 89' lang='lat' dir='ltr'><strong>candelabrum</strong></span> <span class='ocrx_word' id='word_1_382' title='bbox 927 2393 1114 2433; x_wconf 80' lang='lat' dir='ltr'><strong>destillat.</strong></span> <span class='ocrx_word' id='word_1_383' title='bbox 1171 2394 1299 2446; x_wconf 84' lang='lat' dir='ltr'><strong>Super</strong></span> <span class='ocrx_word' id='word_1_384' title='bbox 1336 2395 1486 2433; x_wconf 88' lang='lat' dir='ltr'><strong>ciborio</strong></span> <span class='ocrx_word' id='word_1_385' title='bbox 1518 2397 1559 2435; x_wconf 93' lang='lat' dir='ltr'><strong>in</strong></span> 
     </span>
     <span class='ocr_line' id='line_1_42' title="bbox 129 2443 1557 2503; baseline 0.005 -21"><span class='ocrx_word' id='word_1_386' title='bbox 129 2443 215 2482; x_wconf 84' lang='lat' dir='ltr'><strong>eius</strong></span> <span class='ocrx_word' id='word_1_387' title='bbox 255 2447 389 2498; x_wconf 88' lang='lat' dir='ltr'><strong>apice,</strong></span> <span class='ocrx_word' id='word_1_388' title='bbox 437 2446 488 2485; x_wconf 92' lang='lat' dir='ltr'><strong>ad</strong></span> <span class='ocrx_word' id='word_1_389' title='bbox 518 2445 688 2485; x_wconf 85' lang='lat' dir='ltr'><strong>formam</strong></span> <span class='ocrx_word' id='word_1_390' title='bbox 725 2447 798 2486; x_wconf 76' lang='lat' dir='ltr'><strong>lilii</strong></span> <span class='ocrx_word' id='word_1_391' title='bbox 836 2448 989 2497; x_wconf 87' lang='lat' dir='ltr'><strong>efficto,</strong></span> <span class='ocrx_word' id='word_1_392' title='bbox 1039 2448 1143 2487; x_wconf 85' lang='lat' dir='ltr'><strong>foliis</strong></span> <span class='ocrx_word' id='word_1_393' title='bbox 1180 2449 1308 2487; x_wconf 89' lang='lat' dir='ltr'><strong>scissis</strong></span> <span class='ocrx_word' id='word_1_394' title='bbox 1342 2450 1526 2503; x_wconf 85' lang='lat' dir='ltr'><strong>repandis</strong></span> <span class='ocrx_word' id='word_1_395' title='bbox 1543 2479 1557 2502; x_wconf 93' lang='lat'><strong>,</strong></span> 
     </span>
     <span class='ocr_line' id='line_1_43' title="bbox 130 2497 1556 2556; baseline 0.006 -20"><span class='ocrx_word' id='word_1_396' title='bbox 130 2497 297 2550; x_wconf 73' lang='lat' dir='ltr'><strong>sphaera</strong></span> <span class='ocrx_word' id='word_1_397' title='bbox 324 2501 479 2550; x_wconf 86' lang='lat' dir='ltr'><strong>stabat,</strong></span> <span class='ocrx_word' id='word_1_398' title='bbox 510 2514 631 2554; x_wconf 88' lang='lat' dir='ltr'><strong>quam</strong></span> <span class='ocrx_word' id='word_1_399' title='bbox 658 2501 832 2542; x_wconf 89' lang='lat' dir='ltr'><strong>Codinus</strong></span> <span class='ocrx_word' id='word_1_400' title='bbox 858 2504 991 2555; x_wconf 82' lang='grc' dir='ltr'><em>μῆλον</em></span> <span class='ocrx_word' id='word_1_401' title='bbox 1019 2503 1218 2556; x_wconf 86' lang='lat' dir='ltr'><strong>appellat,</strong></span> <span class='ocrx_word' id='word_1_402' title='bbox 1244 2503 1397 2542; x_wconf 91' lang='lat' dir='ltr'><strong>Paulus</strong></span> <span class='ocrx_word' id='word_1_403' title='bbox 1425 2503 1556 2544; x_wconf 90' lang='lat' dir='ltr'><strong>Silen-</strong></span> 
     </span>
     <span class='ocr_line' id='line_1_44' title="bbox 130 2550 1556 2612; baseline 0.006 -22"><span class='ocrx_word' id='word_1_404' title='bbox 130 2552 269 2592; x_wconf 82' lang='lat' dir='ltr'><strong>tiarius</strong></span> <span class='ocrx_word' id='word_1_405' title='bbox 294 2550 445 2603; x_wconf 80' lang='grc' dir='ltr'><em>πόλον,</em></span> <span class='ocrx_word' id='word_1_406' title='bbox 484 2571 576 2595; x_wconf 88' lang='lat' dir='ltr'><strong>cum</strong></span> <span class='ocrx_word' id='word_1_407' title='bbox 604 2571 721 2596; x_wconf 87' lang='lat' dir='ltr'><strong>cruce</strong></span> <span class='ocrx_word' id='word_1_408' title='bbox 748 2564 944 2611; x_wconf 84' lang='lat' dir='ltr'><strong>gemmata</strong></span> <span class='ocrx_word' id='word_1_409' title='bbox 970 2572 1087 2612; x_wconf 84' lang='lat' dir='ltr'><strong>super</strong></span> <span class='ocrx_word' id='word_1_410' title='bbox 1115 2558 1339 2611; x_wconf 84' lang='lat' dir='ltr'><strong>insistente3</strong></span> <span class='ocrx_word' id='word_1_411' title='bbox 1367 2559 1455 2599; x_wconf 88' lang='lat' dir='ltr'><strong>vid.</strong></span> <span class='ocrx_word' id='word_1_412' title='bbox 1487 2562 1556 2600; x_wconf 89' lang='lat' dir='ltr'><strong>Du</strong></span> 
     </span>
     <span class='ocr_line' id='line_1_45' title="bbox 133 2606 727 2666; baseline 0.008 -22"><span class='ocrx_word' id='word_1_413' title='bbox 133 2606 264 2660; x_wconf 86' lang='lat' dir='ltr'><strong>Cange</strong></span> <span class='ocrx_word' id='word_1_414' title='bbox 295 2609 343 2647; x_wconf 88' lang='lat' dir='ltr'><strong>ad</strong></span> <span class='ocrx_word' id='word_1_415' title='bbox 373 2610 546 2649; x_wconf 87' lang='lat' dir='ltr'><strong>Paulum</strong></span> <span class='ocrx_word' id='word_1_416' title='bbox 573 2627 613 2664; x_wconf 88' lang='lat' dir='ltr'><strong>p.</strong></span> <span class='ocrx_word' id='word_1_417' title='bbox 633 2614 727 2666; x_wconf 73' lang='lat'>579..</span> 
     </span>
    </p>

    <p class='ocr_par' dir='ltr' id='par_1_6' title="bbox 131 2661 1555 2778">
     <span class='ocr_line' id='line_1_46' title="bbox 213 2661 1555 2723; baseline 0.007 -23"><span class='ocrx_word' id='word_1_418' title='bbox 213 2661 383 2713; x_wconf 76' lang='lat' dir='ltr'><strong>242.A.</strong></span> <span class='ocrx_word' id='word_1_419' title='bbox 417 2679 458 2719; x_wconf 89' lang='lat'><strong>9.</strong></span> <span class='ocrx_word' id='word_1_420' title='bbox 498 2665 618 2720; x_wconf 66' lang='lat' dir='ltr'><strong>[41b&#39;‚</strong></span> <span class='ocrx_word' id='word_1_421' title='bbox 650 2666 714 2721; x_wconf 86' lang='lat'><strong>9.]</strong></span> <span class='ocrx_word' id='word_1_422' title='bbox 755 2662 835 2704; x_wconf 80' lang='grc' dir='ltr'><strong>ἆπὸ</strong></span> <span class='ocrx_word' id='word_1_423' title='bbox 877 2661 1047 2707; x_wconf 68' lang='grc' dir='ltr'><strong>ὑπάτων</strong></span> <span class='ocrx_word' id='word_1_424' title='bbox 1087 2668 1392 2721; x_wconf 83' lang='grc' dir='ltr'><strong>στρατιωτικοί.</strong></span> <span class='ocrx_word' id='word_1_425' title='bbox 1446 2670 1555 2723; x_wconf 83' lang='lat' dir='ltr'><strong>Ergo</strong></span> 
     </span>
     <span class='ocr_line' id='line_1_47' title="bbox 131 2721 1555 2778; baseline 0.008 -25"><span class='ocrx_word' id='word_1_426' title='bbox 131 2721 244 2754; x_wconf 73' lang='lat' dir='ltr'><strong>erant</strong></span> <span class='ocrx_word' id='word_1_427' title='bbox 270 2729 428 2773; x_wconf 86' lang='lat' dir='ltr'><strong>quoque</strong></span> <span class='ocrx_word' id='word_1_428' title='bbox 454 2721 682 2762; x_wconf 83' lang='lat' dir='ltr'><strong>exconsules</strong></span> <span class='ocrx_word' id='word_1_429' title='bbox 715 2721 863 2761; x_wconf 84' lang='lat' dir='ltr'><strong>civiles.</strong></span> <span class='ocrx_word' id='word_1_430' title='bbox 921 2722 976 2761; x_wconf 85' lang='lat' dir='ltr'><strong>At</strong></span> <span class='ocrx_word' id='word_1_431' title='bbox 1018 2723 1146 2776; x_wconf 86' lang='lat' dir='ltr'><strong>qualis</strong></span> <span class='ocrx_word' id='word_1_432' title='bbox 1173 2723 1344 2777; x_wconf 84' lang='lat' dir='ltr'><strong>dignitas</strong></span> <span class='ocrx_word' id='word_1_433' title='bbox 1388 2725 1555 2778; x_wconf 81' lang='lat' dir='ltr'><strong>qualeve</strong></span> 
     </span>
    </p>
   </div>
  </div>
 </body>
</html>
