1884 3132
197 173 278 239 ADv
314 171 610 216 CONSTANT.
646 173 841 215 PORPH.
882 175 952 214 DE
979 173 1403 216 CERIM.L13.11.
1453 172 1559 232 707

122 285 190 318 tur
215 278 390 317 abunde.
446 277 581 316 Verba
610 285 731 316 sunt.
768 275 791 329 ἢ
821 274 952 330 φιάλη
972 275 1078 316 κατὰ
1109 278 1182 318 τὸν
1209 276 1356 332 καιρόν
1382 279 1464 319 τῶν
1494 280 1562 320 δε-

121 331 251 382 ξίμων
300 333 525 371 πιστακίων
566 333 639 371 καί
677 327 928 383 ἆμυγδὰλωι
941 363 952 378 ,
985 329 1089 371 ἀλλὰ
1124 348 1208 384 μην
1234 349 1302 373 και
1330 333 1563 387 κουναράυν

121 386 452 453 πεπληρωμένη,
497 385 685 425 κονδίτου
714 386 759 424 ἐκ
796 385 1012 450 στροβίλου
1044 387 1308 436 ἐκδιδοαένου
1350 389 1475 428 πᾶσιν
1519 390 1563 429 1:³-

124 441 254 503 κίρνα
274 439 347 480 καὶ
373 445 548 509 nagal&
574 440 742 494 τρυφᾷν
769 445 857 486 τοῖς
896 437 989 480 ὅσοι
1029 441 1081 479 δι’
1122 443 1304 494 ἐφέσεως
1333 457 1447 494 agor
1477 446 1564 484 τῶν

123 489 352 548 εστηκὸτων
377 495 477 534 ἐκει.
535 497 715 534 Manavit
746 495 822 533 hoc
849 509 894 533 ex
923 498 1088 548 antiquo
1118 504 1230 534 m'ore
1254 498 1559 550 Imperatorum,

124 552 195 603 qui
222 550 364 589 diebus
391 551 452 588 sui
481 550 720 588 Consulatus
737 579 749 598 ‚
795 549 836 588 id
865 558 923 589 est
951 549 1136 589 Calendis
1164 552 1357 590 Ianuariis
1376 583 1386 598 ‚
1419 568 1558 605 proce-

122 618 187 644 res
214 606 400 644 convivio
426 605 701 657 excipiebant,
736 605 829 656 ipsis
857 605 996 643 solatia
1024 605 1174 644 dabant
1211 614 1251 645 et
1299 608 1337 645 in
1368 609 1559 660 populum

124 659 286 699 missilia
315 659 564 713 spargebant.
623 661 686 698 De
714 659 974 712 Heliogabalo
1002 667 1138 698 uariat
1168 661 1419 714 Lampridius
1448 663 1499 701 T.
1524 665 1559 702 1.

123 729 162 768 p.
177 714 224 753 81
238 729 272 752 1.
292 729 450 767 'quum
477 715 717 752 consulatum
743 716 1018 763 i.n1s-set,110n
1047 729 1224 753 nummos
1246 717 1313 754 vel
1340 732 1476 755 aureos
1495 719 1564 756 vel

124 777 322 822 argenteos
344 770 412 807 ml
439 770 605 807 bellaria
636 770 704 807 vel
734 771 882 807 minuta
920 771 1114 808 animalia
1137 800 1148 816 ‚
1176 771 1247 808 secl
1272 772 1386 808 boves
1411 775 1560 826 opimos

124 833 164 862 et
187 825 356 862 mmelos
386 833 425 862 et
453 838 582 862 annos
612 833 649 862 et
677 838 808 862 senos
834 825 983 878 populo
1007 825 1250 878 dtripiendos
1273 826 1410 864 obiecit
1424 857 1435 875 ‚
1482 841 1563 865 ιηι-

219 880 358 917 lorium
398 877 448 916 td
471 894 549 917 esse
580 879 778 917 di·..ct1tam
834 879 911 917 Sed
942 879 1143 917 desierunt
1170 879 1352 932 deinceps
1383 881 1561 921 missilia.

125 933 271 972 Incidit
311 933 386 971 hac
423 935 628 972 occasione
658 933 768 972 locus
807 934 952 972 codicis
986 934 1283 983 Theodosiani,
1326 950 1443 999 quern
1475 938 1560 974 Gu-

122 987 261 1027 therus
292 1001 332 1040 p.
361 987 456 1041 499.
499 996 669 1027 tractat:
700 990 741 1026 in
775 990 1024 1042 praestetur-a
1053 991 1250 1043 praetorii
1275 993 1441 1044 patroni
1459 993 1569 1044 [ἦῖ-ςιί·

124 1043 195 1084 die
203 1044 439 1094 fistivitatzls·
459 1043 558 1082 Kal.
588 1043 753 1081 Ianuar.
779 1045 898 1097 ipsuis
925 1058 1035 1090 amn,
1068 1059 1146 1097 per
1183 1059 1298 1098 quem
1325 1047 1403 1083 tale
1433 1060 1561 1099 pera-

122 1107 220 1150 gunt
238 1095 430 1149 officium,
452 1099 553 1136 inter
579 1099 800 1151 spectabiles
822 1101 929 1136 sacr-i
957 1100 1176 1137 consi'storzi
1198 1108 1350 1137 comites
1375 1100 1559 1154 Impera-

124 1154 220 1190 toris
243 1166 362 1191 mame
390 1155 528 1206 puncti
563 1154 704 1191 solatia
731 1163 1030 1217 ‘eon-sequuntur.
1087 1154 1269 1206 Speciosa
1302 1163 1361 1192 est.
1390 1156 1424 1190 (ι
1429 1157 1559 1193 utheri

126 1207 332 1260 explicatio
353 1210 491 1271 pfmcti
516 1222 589 1260 pro
616 1209 770 1255 notati,
800 1210 957 1260 signati.
1013 1208 1135 1246 Forte
1164 1215 1295 1246 tamen
1327 1211 1471 1248 rectius
1500 1225 1559 1249 ac·

127 1262 248 1314 cipias
274 1275 348 1314 pro
375 1263 466 1309 icti,
510 1277 710 1316 pet-cusu,
753 1261 1014 1311 νυττόμενοι,
1058 1277 1158 1315 quos
1187 1263 1406 1316 imper-aim
1436 1279 1558 1303 manu

125 1329 195 1355 sua
226 1318 368 1369 tetigit.
437 1317 533 1354 Nam
587 1330 631 1354 ex
672 1318 765 1368 ipsis
792 1318 1045 1368 Imperatoris
1089 1317 1271 1356 manibus
1315 1319 1560 1371 accipiebant

128 1383 323 1420 munera3
354 1371 432 1409 vid.
460 1385 501 1424 p.
524 1370 616 1422 348.
638 1372 727 1410 Ro
703 1382 741 1410 o.
773 1379 812 1409 et
840 1372 934 1410 351.
956 1372 1009 1409 Α.
1031 1386 1070 1409 2.

236 1427 461 1478 Antequam
499 1426 550 1464 ab
595 1426 672 1463 hoc
699 1433 933 1477 argumento
971 1426 1185 1472 decedam,
1219 1425 1430 1464 dicendum
1459 1427 1558 1465 mihi

128 1480 176 1518 de
205 1481 310 1519 iestis
335 1487 514 1518 veterum
555 1479 822 1518 nominalibus
867 1494 949 1518 esse
980 1482 1173 1519 existimo.
1233 1480 1460 1519 Celebrasse
1492 1496 1558 1519 ve-

127 1542 230 1573 teres
257 1536 339 1574 dies
370 1535 486 1573 festos
511 1535 563 1572 ob
591 1536 755 1572 nomina
786 1536 1031 1583 amicorum,
1062 1535 1183 1588 possit
1211 1549 1233 1573 e
1261 1534 1348 1573 loco
1375 1536 1557 1588 Gregorii

127 1590 359 1628 Nazianzeni
388 1589 509 1641 paulo
538 1596 626 1641 post
674 1589 832 1628 citando
860 1589 1059 1628 concludi.
1119 1590 1222 1628 Num
1262 1597 1394 1628 autem
1442 1605 1558 1643 prae-

125 1651 189 1682 ter
216 1647 410 1683 rationem
438 1647 618 1696 superius
645 1645 860 1696 expositam
888 1646 927 1682 in
958 1643 1206 1682 brumalibus
1237 1645 1454 1683 nominalia
1493 1659 1559 1684 ce-

126 1697 306 1738 lebrandi
334 1702 453 1739 etiam
481 1699 567 1737 aliis
584 1700 830 1750 temporibus
857 1700 994 1738 eadem
1015 1698 1328 1745 celebraverint,
1360 1714 1440 1738 non
1461 1714 1559 1738 con-

127 1761 219 1792 stat.
277 1755 420 1793 Putem
463 1761 595 1792 tamen
631 1754 794 1792 omnino
832 1753 919 1792 aliis
957 1768 1115 1807 quoque
1153 1755 1292 1792 diebus
1319 1754 1468 1793 natales
1496 1756 1559 1793 sui

128 1822 325 1861 quemque
352 1810 522 1847 nominis
561 1809 698 1860 egisse.
770 1809 829 1846 At
855 1809 1057 1861 quomodo
1106 1809 1167 1847 vel
1194 1809 1355 1862 quando
1382 1809 1459 1847 hoc
1487 1810 1559 1847 fie-

127 1863 224 1901 bat?
278 1864 381 1901 Sane
415 1870 512 1902 tune
550 1877 632 1901 non
661 1863 885 1902 calendaria
912 1863 1114 1902 habebant
1139 1878 1228 1902 cum
1258 1865 1449 1902 attributo
1478 1865 1558 1902 diei

126 1919 272 1969 cuique
301 1932 373 1956 suo
400 1919 573 1957 nomine.
646 1918 814 1957 Necesse
842 1919 961 1971 igitur
988 1926 1068 1966 est,
1100 1926 1146 1957 ut
1173 1917 1345 1957 natalem
1386 1920 1558 1957 nominis

130 1974 190 2009 sui
221 1972 383 2024 gentiles
408 1973 581 2036 quidem·
596 1980 738 2011 octavo
767 1979 855 2025 post
884 1973 1132 2011 nativitatem
1170 1987 1310 2022 suam,
1341 1973 1558 2011 Christiani

129 2033 263 2064 autem
302 2026 486 2079 baptismi
523 2028 583 2066 sui
624 2027 689 2066 die
729 2028 991 2066 celebrarent.
1057 2029 1172 2066 Tune
1201 2030 1306 2066 enim
1335 2028 1375 2065 hi
1406 2041 1558 2067 novum

127 2094 274 2118 nomen
302 2083 562 2146 accipiebant.
633 2083 762 2121 Locus
790 2083 971 2146 Gregorii
1008 2083 1073 2121 hic
1117 2089 1175 2121 est
1203 2084 1242 2120 in
1273 2089 1374 2120 orat.
1402 2082 1452 2120 de
1480 2082 1558 2119 Ba-

126 2135 299 2187 ptismo:
329 2149 397 2173 και
425 2150 505 2187 γαρ
518 2132 688 2199 “fugiens
707 2133 955 2199 χαρμόσυνα
982 2138 1137 2176 θέσθαι
1178 2137 1250 2187 τῆς
1277 2135 1481 2187 σωτηρίας
1521 2134 1564 2198 ἶ-

128 2189 221 2239 pauiu
249 2202 316 2227 και
345 2188 448 2228 πολύ
476 2190 634 2239 μᾶλλον
661 2206 684 2242 η
714 2187 899 2242 γαμήλια
918 2191 989 2230 καί
1004 2192 1206 2255 γειέθλια
1223 2205 1291 2229 και
1322 2188 1564 2240 ὀνομαστή-

127 2257 200 2307 91oe
228 2246 312 2288 τοῖς
338 2242 410 2294 τῆς
436 2241 590 2295 σαρκὸς
610 2243 765 2296 φίλοις,
795 2241 1032 2297 κουρόσυνὰ
1061 2259 1105 2283 τε
1134 2259 1201 2283 και
1232 2241 1467 2282 κατοικέσια
1486 2241 1559 2280 καὶ

129 2294 291 2349 ἐτήσια.
364 2298 496 2336 Possit
524 2312 568 2336 ex
596 2297 674 2336 hoc
714 2298 803 2337 loco
832 2300 1031 2348 concludi,
1061 2299 1143 2337 dies
1172 2298 1321 2336 natales
1349 2299 1557 2335 nominum

129 2354 340 2404 quotannis
379 2359 589 2391 renovatos
627 2352 760 2391 fuisse.
815 2354 893 2391 Sed
920 2367 1044 2416 quum
1073 2360 1317 2391 caeterorum
1347 2350 1464 2389 simul
1494 2365 1557 2390 re·-

130 2408 371 2445 censitorum
398 2407 591 2459 quaedam
620 2407 722 2453 sint,
754 2414 799 2444 ut
826 2422 877 2446 τα
906 2403 1140 2458 κουρόσυνα
1168 2413 1207 2444 et
1219 2406 1269 2444 τὰ
1300 2404 1555 2454 κατοικέσια,

128 2470 231 2524 quae
256 2462 345 2513 plus
373 2461 493 2499 semel
530 2459 727 2499 celebrata
768 2460 888 2500 fuisse
930 2462 991 2499 vix
1021 2459 1230 2509 videntur,
1261 2461 1379 2497 etiam
1406 2455 1559 2507 ὄνομα-ε

129 2511 281 2567 στήρια
309 2518 430 2555 satius
458 2515 574 2554 suerit
604 2528 678 2566 pro
706 2515 805 2553 festo
835 2517 1011 2567 accipere
1047 2513 1239 2552 celebrari
1277 2521 1362 2552 tum
1400 2513 1519 2552 solito
1542 2534 1556 2563 ,-

131 2569 251 2608 semel
277 2585 349 2623 per
374 2578 500 2609 totam
528 2570 720 2621 cuiusque
753 2571 902 2620 vitam,
930 2582 1055 2621 quum
1090 2570 1263 2630 primum
1297 2576 1335 2606 et
1365 2581 1389 2605 a
1417 2567 1557 2620 primis

129 2624 226 2716 ἱρεί6
232 2639 376 2664 nomen
414 2626 684 2678 imponeretur
703 2653 715 2673 ‚
755 2623 1088 2676 quemadmodum
1114 2618 1298 2674 γαμηλια
1326 2622 1471 2661 festum
1501 2623 1557 2660 si-

133 2678 197 2742 ‘gni
200 2679 291 2718 ficat'
315 2682 517 2720 occasione
559 2679 817 2742 nuptiarum,
864 2677 1055 2728 γενέθλια
1080 2679 1283 2716 occasione
1311 2678 1395 2716 tati
1423 2677 1556 2716 insan-

128 2734 207 2782 τῖες
239 2733 468 2787 κουρόσυνα
515 2735 720 2773 occasione
758 2731 889 2784 capilli
918 2739 956 2770 et
992 2731 1140 2772 barbae
1179 2733 1330 2786 primae
1368 2733 1555 2784 positae3
