1884 3132
303 117 421 184 624
614 136 707 178 ιο(
725 136 829 180 mc.
870 137 1068 179 REISKII
1103 136 1489 182 communen

302 235 578 292 μητατώριον,
596 242 743 280 omissa
762 240 892 281 littera
927 228 1035 281 finali
1058 256 1106 282 v:
1140 257 1259 297 quem
1285 243 1438 283 librarii
1449 244 1574 283 nostri
1595 257 1751 285 morem·

299 295 544 348 ‚praesertim
571 297 612 334 in
642 296 817 335 secundo
844 297 1048 337 volumine
1077 298 1260 352 religiose
1290 300 1478 351 expressi.
1534 299 1647 339 Nihil
1668 301 1746 340 fre-

305 352 493 403 quentius
533 349 591 388 illi
623 366 743 404 quam
775 351 960 404 καρφιό,
990 352 1167 392 σιλέντιο
1201 362 1240 394 et
1280 353 1390 392 talia.
1448 353 1514 393 Sic
1547 355 1588 392 in
1622 356 1748 408 speci·

304 406 414 444 mine
440 405 565 444 nostri
589 406 736 446 codicis
760 420 850 445 aere
872 421 1050 459 expresso
1085 415 1144 446 est
1176 406 1500 459 καταπερίσσεια
1528 422 1602 461 pro
1641 405 1744 449 κατὰ

302 458 548 512 περίσσειαν
567 490 578 508 ,
615 460 686 503 lin.
715 460 869 514 penult.
902 469 941 500 et
962 462 1034 501 lin.
1062 463 1124 503 15.
1146 462 1364 514 λαβδαρέω
1381 477 1453 516 pro
1484 462 1741 515 λαβδαρέων.

293 512 436 555 'Paulo
459 522 551 553 ante
579 530 619 568 p.
644 516 738 555 315.
762 518 809 555 Β.
832 515 871 554 5.
894 516 1141 557 habebamus
1165 515 1385 571 γραὸἠλιο.
1442 517 1556 558 Infra
1582 531 1624 571 p.
1646 517 1742 571 357.

303 569 353 609 B.
371 584 413 624 9.
432 569 668 609 habebimus
693 568 863 622 χλανίδι
892 586 964 624 pro
997 572 1214 623 χλανίδιν,
1249 588 1291 626 p.
1323 571 1416 624 548.
1437 572 1492 612 Ι).
1514 573 1558 612 6.
1588 573 1745 624 κλητω-

302 622 465 677 ρολόγιο
481 654 492 674 ,
518 640 561 679 p.
593 625 682 665 380.
699 627 746 665 C.
775 625 931 679 καρφιό
954 634 993 666 et
1021 631 1294 678 κυνοστομαῖο
1326 635 1364 667 et
1396 628 1648 678 σπιθαμιαΐο
1661 653 1682 678 ,Δ
1706 642 1748 681 p.

303 679 402 719 381.
425 680 473 718 Β.
497 695 532 734 7.
567 678 626 726 εἷς
663 677 813 733 Συρία.
869 682 914 719 ln
958 681 1095 735 glossis
1134 683 1301 722 nomicis
1347 681 1497 721 Labbei
1530 689 1590 721 est
1613 695 1747 734 παρα-

303 733 441 786 βλὲτιο
468 749 542 787 pro
566 735 856 787 παραβλὲτιον.
911 737 1031 789 Apud
1061 737 1112 776 cl.
1141 738 1352 776 Corsinum
1380 739 1420 776 in
1443 736 1546 776 libro
1567 737 1617 776 de
1637 739 1743 777 notis

304 792 551 829 Graecorum
584 804 625 843 p.
645 791 712 830 56.
735 798 794 829 est
812 791 986 831 ΑΡΧΩ
1012 807 1084 845 pro
1109 791 1327 832 ΑΡΧΩΝ
1343 821 1355 842 ,
1392 807 1512 845 super
1547 790 1588 830 Ω
1618 799 1659 830 et
1690 792 1743 831 ad

304 845 390 883 eius
427 845 531 884 latus
566 845 687 884 ducta
717 845 821 884 linea
863 847 1138 894 circumflexa,
1185 862 1287 900 quae
1323 848 1560 900 ipsissimum
1595 854 1653 885 est
1700 861 1740 886 ν.

303 899 409 938 Nam
439 900 612 939 litteram
633 902 748 940 istam
773 903 814 939 in
837 902 1038 941 codicibus
1062 904 1192 941 msstis
1210 916 1372 955 quoque
1393 899 1741 944 circumflexore-

307 963 574 1008 praesentant.
635 956 749 994 Idem
773 957 930 996 Corsini
950 957 1182 1010 Appendice
1209 958 1259 996 ad
1291 956 1496 996 laudatum
1522 970 1623 1009 opus
1650 970 1742 1009 pag.

309 1009 378 1048 28.
403 1011 604 1061 observat,
628 1012 669 1049 in
693 1011 1022 1063 Inscriptionibus
1047 1012 1263 1062 Psyelzario
1281 1026 1354 1064 pro
1371 1012 1616 1058 Psrclzarion
1633 1025 1748 1063 repe-

303 1065 390 1103 riri.
448 1065 557 1104 Infra
595 1080 636 1118 p.
673 1064 766 1116 342.
794 1067 847 1104 D.
876 1067 919 1116 4.
947 1074 1006 1105 est
1038 1065 1280 1117 Ἀποχαβόἄ
1305 1080 1378 1118 pro
1399 1065 1741 1117 Ἀπουχαμβδᾶν.

304 1118 425 1172 Apud
452 1120 519 1158 Du
545 1120 740 1173 cangium
764 1120 829 1159 Gl.
856 1122 929 1160 Gr.
963 1136 1006 1174 p.
1046 1135 1162 1160 ιιιι.
1187 1121 1382 1173 παραμιᾶ
1406 1135 1479 1174 pro
1507 1118 1738 1172 παραμίαν.

303 1175 468 1227 Ubique
508 1181 659 1228 prostat
689 1174 818 1214 forma
850 1173 1114 1228 Ἀμερουμνῆ
1162 1175 1226 1214 vel
1261 1174 1554 1227 Ἀμερμουμνῆ
1575 1203 1586 1224 ,
1639 1189 1743 1227 quae

303 1228 421 1268 lectio
448 1237 542 1268 nata
586 1237 646 1268 est
686 1230 737 1268 ab
775 1230 876 1276 illis,
903 1233 974 1284 qui
1004 1244 1085 1268 non
1125 1227 1741 1283 intelligebant,circumflexum

304 1291 344 1323 et
371 1286 458 1323 vice
482 1292 666 1324 accentus
688 1284 743 1324 ibi
766 1285 877 1338 fungi
904 1293 942 1324 et
965 1285 1139 1324 litteram
1170 1285 1417 1324 deficientem
1449 1299 1472 1324 ’ν
1509 1299 1740 1337 repraesen-

303 1346 405 1378 tare.
463 1339 568 1378 Nam
602 1338 720 1392 plena
749 1347 788 1379 et
823 1347 933 1379 recta
974 1341 1102 1379 forma
1139 1348 1198 1379 est
1235 1337 1582 1391 Ἆμερμουμνῆν,
1614 1339 1744 1379 Amet·

302 1394 511 1433 Mumnin.
565 1395 626 1433 Ex
664 1394 739 1433 hoc
772 1409 925 1434 canone
957 1395 1083 1434 multa
1111 1401 1277 1447 possunt
1315 1402 1498 1433 veterum
1531 1402 1743 1434 auctorum

304 1455 344 1487 et
376 1463 623 1488 marmorum
647 1449 734 1488 loca
769 1451 998 1500 emendari,
1027 1458 1217 1502 corrupta
1256 1463 1338 1488 non
1364 1457 1448 1488 tam
1479 1450 1650 1502 antiquis
1688 1450 1741 1488 ab

303 1502 479 1542 librariis
506 1512 546 1543 et
569 1505 788 1557 lapidariis‚
817 1520 935 1559 quam
956 1520 980 1544 a
998 1505 1256 1559 typographis
1277 1512 1317 1543 et
1340 1504 1557 1543 editoribus
1579 1505 1740 1553 nostris,

303 1560 373 1612 qui
422 1560 701 1612 compendium
737 1560 956 1614 scripturae
998 1561 1142 1599 veteris
1180 1574 1262 1598 non
1304 1559 1589 1613 percipiebant.
1648 1559 1737 1597 Non

304 1615 411 1652 enim
460 1616 603 1653 vitium
662 1615 814 1654 faciunt
854 1615 923 1668 qui
958 1614 1130 1654 litteram
1182 1616 1372 1653 omittunt
1413 1628 1523 1653 more
1546 1614 1608 1653 sui
1639 1621 1742 1652 tem-

303 1671 412 1721 poris
437 1669 651 1709 universali
674 1699 686 1721 ,
712 1670 781 1709 sed
821 1670 877 1709 illi
899 1700 910 1720 ‚
931 1671 1000 1723 qui
1034 1685 1116 1709 non
1150 1670 1303 1708 addunt
1333 1669 1374 1707 in
1409 1668 1521 1708 libris
1547 1675 1738 1722 typorum

304 1737 380 1776 ope
423 1725 640 1777 expressis,
682 1725 723 1763 in
759 1725 904 1778 quibus
939 1726 1068 1764 omitti
1098 1724 1193 1764 talia
1232 1738 1313 1763 non
1354 1723 1495 1763 solent.
1564 1723 1740 1763 Videbor

304 1779 504 1832 aliquibus
545 1781 629 1833 ipse
667 1779 765 1819 mihi
799 1781 928 1819 dicam
960 1781 1133 1819 scribere
1172 1787 1212 1819 et
1244 1781 1287 1818 in
1319 1778 1408 1817 aliis
1429 1777 1582 1817 facinus
1608 1791 1743 1817 meum

304 1834 548 1887 improbare.
605 1836 659 1874 Et
684 1835 861 1888 profecto
890 1834 1009 1874 aliam
1035 1836 1263 1874 institissem
1291 1834 1398 1873 viam
1415 1863 1426 1884 ‚
1466 1835 1501 1872 si
1521 1833 1621 1872 mihi
1645 1846 1743 1871 con-

302 1889 454 1940 tigisset
486 1890 595 1928 hunc
626 1889 774 1929 librum
810 1890 985 1929 secundo
1022 1890 1152 1929 edere.
1212 1889 1298 1927 Iam
1325 1903 1421 1927 vero
1451 1902 1576 1942 quum
1591 1888 1743 1941 primus

303 1944 419 1983 edam
459 1959 482 1984 e
517 1944 759 1984 membranis
779 1975 789 1992 ‚
845 1959 946 1999 quae
978 1944 1163 1998 gemellas
1196 1958 1278 1982 non
1314 1943 1462 1982 habere
1497 1942 1744 1992 creduntur,

303 1998 430 2052 legem
458 1999 556 2038 mihi
581 2001 719 2053 scripsi
741 1996 827 2039 eain
843 2029 855 2050 ‚
884 2006 929 2038 ut
955 2013 1141 2052 sequerer
1180 2012 1319 2037 earum
1353 1998 1575 2051 exemplum
1594 2026 1605 2046 ‚
1631 1998 1740 2050 quod

303 2061 431 2093 mutet
471 2054 655 2107 deinceps
687 2062 880 2094 venturus
911 2053 1052 2107 aliquis
1078 2054 1221 2093 editor.
1277 2055 1365 2106 Ego
1393 2067 1488 2092 vero
1510 2060 1550 2092 et
1578 2051 1740 2090 illorum

305 2115 345 2147 et
369 2111 622 2162 superiorum
653 2117 877 2163 temporum
916 2123 1046 2148 mores
1074 2123 1121 2148 ex
1143 2110 1376 2148 auctoritate
1416 2108 1741 2148 membranarum

302 2163 485 2216 religiose
530 2164 696 2203 reddere
727 2165 837 2204 volui
875 2164 1090 2217 debuique.
1149 2164 1255 2203 Bene
1280 2164 1389 2203 enim
1409 2163 1537 2214 novi,
1567 2163 1742 2201 Graecos

301 2217 516 2258 hodiernos
555 2219 592 2257 N
621 2218 739 2259 finale
780 2233 862 2258 non
891 2220 934 2257 in
976 2218 1185 2258 scribendo
1230 2225 1409 2268 tantum,
1446 2218 1516 2257 sed
1543 2218 1660 2256 etiam
1693 2217 1737 2254 in

304 2287 486 2313 sermone
504 2274 713 2324 omittere3
746 2289 876 2328 neque
905 2288 1010 2312 novo
1035 2274 1075 2312 id
1101 2273 1305 2326 exemplo,
1348 2273 1418 2313 sed
1442 2280 1593 2312 veteres
1622 2282 1735 2323 vquo-

302 2343 381 2381 que
420 2331 476 2368 sie
515 2329 779 2368 consuevisse.
832 2329 955 2368 Unde
991 2331 1098 2368 enim
1136 2329 1270 2367 Latini
1308 2342 1453 2367 vocum
1495 2327 1738 2365 Graecarum

303 2383 600 2423 terminationes
640 2385 683 2422 in
725 2398 782 2423 ων
823 2384 965 2423 ultima
1004 2383 1134 2422 littera
1172 2383 1458 2430 mutilassent,
1487 2380 1564 2419 nisi
1603 2383 1740 2431 patres

306 2451 459 2485 eorum,
494 2437 639 2477 Aeoles
674 2445 714 2477 et
741 2440 885 2488 Dores,
916 2439 956 2477 id
993 2452 1060 2478 eos
1085 2439 1344 2478 docuissent?
1393 2437 1511 2475 Plato
1529 2464 1540 2479 ‚
1569 2433 1740 2526 Amssvhi-

306 2501 411 2542 (ruo,
445 2494 539 2532 item
566 2495 679 2532 statio
695 2523 706 2543 ‚
729 2495 930 2546 generatio
959 2493 1097 2532 dicunt
1124 2500 1163 2532 et
1189 2493 1346 2532 similia.
1376 2491 1477 2530 Sunt
1502 2489 1608 2528 enim
1668 2502 1738 2527 aec

306 2561 414 2586 mere
442 2549 626 2598 Graeca3
656 2555 702 2586 ut
721 2564 745 2588 a
771 2544 919 2594 στατὸς
943 2548 987 2586 fit
1014 2547 1215 2596 στατίων,
1243 2549 1298 2586 ita
1324 2561 1348 2584 a
1374 2541 1588 2595 γενεράιος
1608 2543 1652 2580 fit
1669 2556 1739 2594 γε-

305 2601 523 2651 νερατίων.
580 2604 719 2656 Neque
761 2616 784 2643 ν
822 2602 938 2641 finale
967 2601 1216 2642 solummodo
1235 2631 1246 2648 ‚
1287 2600 1354 2639 sed
1382 2598 1499 2636 etiam
1538 2611 1559 2643 ς
1587 2597 1626 2636 in
1655 2605 1737 2636 ter-

305 2657 527 2695 mmatione
555 2672 602 2709 ης
633 2665 672 2697 et
699 2670 742 2703 ος
769 2658 1018 2697 omittebant.
1062 2656 1171 2695 Nihil
1191 2655 1433 2706 frequentius
1453 2652 1559 2705 apud
1581 2653 1743 2704 Lupum

304 2708 611 2763 Protospatham
625 2743 636 2760 ,
683 2727 803 2765 quam
830 2713 1011 2752 blaniaci
1025 2742 1037 2759 ‚
1064 2711 1234 2761 Straeigo
1254 2738 1264 2757 ,
1300 2706 1475 2747 Patricio
1491 2736 1505 2760 ,
1532 2706 1744 2747 Anatolico*

1876 2555 1884 2644 ἐ

1872 2651 1884 2716 ³.

1868 2733 1884 2783 -ε
