1826 3126
259 195 326 249 72
525 191 598 233 10.
641 188 746 231 IAC.
784 190 980 229 REISKII
1027 187 1406 231 COMMENTARu

253 303 310 333 est
334 308 424 347 ergo
456 292 710 347 Imperatrici
736 292 887 346 cuisque
915 291 1142 330 silentiar-iis
1167 304 1245 332 non
1265 306 1344 331 esse
1372 289 1600 347 mespknda
1624 305 1694 334 oa-

247 351 385 405 pitolii
403 348 509 387 dona
522 376 535 396 ,
574 348 653 386 min·
682 360 769 387 cam
794 360 1001 398 regnorum
1018 346 1214 401 patriciis.
1274 345 1533 400 Temporales
1563 346 1696 386 domi-

252 405 295 444 ni
326 403 479 442 circulo
511 402 681 442 Parium
716 401 806 454 (des
842 402 984 453 Pairs)
1027 402 1230 454 insigniti,
1272 402 1421 441 Cerem.
1458 402 1606 441 Franc.
1648 415 1696 455 p.

258 457 351 497 158.
409 458 532 497 Pares
560 458 695 496 curiae
722 470 746 496 a
774 457 951 509 patriciis
971 455 1212 495 descendere
1230 465 1400 510 negatur
1427 471 1471 510 p.
1501 454 1590 510 195.
1622 455 1698 495 dis-

253 520 349 553 sert.
390 513 459 551 Du
489 513 631 566 Cangii
667 512 719 551 ad
747 511 945 550 Ioinville.
1003 511 1128 550 Pares
1165 511 1201 550 F
1203 514 1362 551 ranciae
1403 525 1565 565 passum
1605 518 1699 550 ante

252 582 391 607 omnes
419 567 516 607 alias
544 569 656 621 regni
687 566 899 620 dignitates
927 566 1002 605 sibi
1031 573 1234 619 arrogant.
1290 568 1466 606 Fazoehet
1490 581 1532 620 p.
1556 565 1700 620 401.]*

251 623 418 664 Patricii
447 624 652 675 episcopos
680 621 972 676 praecedebant
999 621 1107 674 apud
1128 622 1302 661 Graecos
1321 652 1333 673 ‚
1362 629 1462 662 teste
1490 622 1701 675 Luitpran-

253 680 306 718 do
337 678 477 732 Legat.
509 692 552 731 p.
567 677 665 728 481.
697 692 734 716 a.
767 678 875 727 init.‚
905 678 974 729 qui
1003 679 1124 716 etiam
1152 691 1195 730 p.
1227 675 1322 730 471.
1364 677 1518 717 Histor.
1549 678 1598 715 L.
1621 676 1698 716 VI.

253 734 355 787 Cap.
381 733 419 772 5.
451 747 590 788 rogam
618 747 793 772 annuam
830 734 1092 785 patriciorum
1133 731 1318 786 perhibet
1345 732 1466 772 fuisse
1487 731 1701 771 duodecim

253 790 343 828 auri
373 787 496 828 libras
525 795 565 827 et
592 802 720 828 unum
747 789 1087 842 Scaramangium.
1145 788 1181 826 E
1209 794 1347 827 nostro
1377 786 1454 828 hoc
1482 787 1633 826 Codice
1656 801 1702 840 p.

258 843 352 894 141.
393 843 441 882 Β.
479 849 590 897 patet
624 845 812 897 patricios
848 844 891 881 in
930 842 1110 882 Ecclesia
1145 841 1347 896 peculiare
1383 843 1458 882 sibi
1495 856 1704 882 scamnum

253 898 467 949 habuisse,
507 900 550 937 in
578 913 660 952 quo
689 899 898 949 sederent3
942 905 982 937 et
1010 911 1032 936 e
1061 912 1155 951 pag.
1184 895 1274 948 142.
1297 899 1344 936 Β.
1374 897 1554 937 diversos
1581 897 1703 936 fuisse

285 955 445 993 atricios
474 953 710 1007 syncleticos
725 983 738 1004 ‚
767 960 806 992 et
826 952 1196 1007 protospathari05‚
1226 951 1315 992 illos
1342 952 1506 1004 civiles,
1534 952 1609 992 hos
1635 953 1706 991 mi-

254 968 405 1048 Fitares.
443 1008 561 1048 Conf.
586 1023 678 1063 pag.
713 1008 803 1048 138.
845 1008 938 1048 fine.

259 1064 351 1157 Β6.
370 1064 528 1158 (Σᾶρευ.
554 1062 645 1118 [10,
662 1063 725 1119 5.]
768 1061 1036 1117 στρατηγούς.
1104 1062 1202 1103 Vid.
1258 1062 1310 1103 de
1342 1062 1412 1102 his
1455 1062 1507 1102 ad
1533 1076 1575 1117 p.
1606 1061 1702 1115 415.

299 1148 308 1157 .
330 1120 370 1159 5.
430 1121 520 1158 icta.

367 1173 415 1212 C.
434 1173 510 1213 ult.
551 1172 643 1229 [10,
664 1173 730 1229 6.]
771 1169 1083 1228 σ’φφικιαλίους.
1141 1172 1369 1224 officiales,
1408 1175 1478 1228 qui
1505 1174 1549 1213 in
1577 1172 1708 1213 officio

257 1244 329 1270 seu
353 1229 546 1283 obsequio
560 1259 571 1278 ‚
601 1229 642 1269 id
664 1237 723 1269 est
752 1231 794 1270 in
821 1231 1014 1269 comitatu
1034 1230 1290 1284 Imperatoris
1314 1236 1423 1268 sunt.
1479 1229 1606 1283 Saepe
1626 1242 1705 1268 me-

258 1292 469 1324 morantur
490 1287 532 1324 in
554 1285 630 1324 hoc
651 1285 788 1325 codice
815 1292 906 1339 post
925 1286 1113 1339 patricios
1136 1292 1176 1324 et
1207 1286 1378 1324 maiores
1403 1284 1542 1324 civiles
1564 1284 1707 1324 milita-

257 1354 404 1394 resque
432 1342 713 1391 axiomaficos,
739 1347 787 1379 ut
815 1342 894 1379 sint
922 1342 1113 1392 minoris,
1142 1353 1272 1393 neque
1288 1346 1424 1379 tamen
1446 1341 1602 1378 minimi
1622 1353 1710 1394 gra-

259 1395 360 1445 dus,
390 1395 527 1449 quales
548 1403 640 1435 sunt
663 1409 699 1434 e.
725 1410 761 1434 c.
784 1396 960 1447 notarii,
992 1394 1255 1446 chartularii,
1285 1401 1484 1434 senatores
1503 1424 1516 1447 ,
1548 1395 1711 1434 manda-

259 1457 366 1489 tores
383 1479 394 1500 ,
434 1449 603 1504 hypati,
643 1450 843 1504 dishypati
859 1480 871 1500 ‚
912 1453 1104 1502 comites,
1150 1449 1359 1490 silentiarii
1381 1456 1460 1490 etc.
1517 1449 1710 1489 Officium

260 1513 321 1544 est
346 1508 543 1558 apparitio
562 1535 573 1556 ‚
607 1508 853 1559 apparitores
868 1535 880 1556 ‚
914 1514 1050 1547 coetus
1081 1519 1222 1546 eorum
1237 1534 1249 1555 ‚
1277 1507 1348 1559 qui
1374 1505 1627 1560 magistratui
1643 1506 1709 1544 in·-

259 1562 455 1600 serviunt.
515 1560 686 1600 Guther.
709 1561 793 1601 Off.
818 1561 872 1601 D.
897 1561 952 1602 A.
974 1576 1016 1616 p.
1042 1560 1140 1602 626.
1182 1559 1320 1600 vales.
1347 1559 1400 1600 ad
1419 1560 1557 1600 Amm.
1578 1561 1708 1600 Marc.

262 1630 306 1670 p.
332 1616 399 1670 93.
427 1615 469 1656 b.
505 1623 545 1655 et
567 1615 663 1668 485.
697 1616 764 1655 Du
785 1617 911 1671 Cang.
944 1617 1122 1657 Glossar.
1150 1622 1337 1670 utroque.

378 1671 426 1709 C.
439 1671 517 1710 ult.
539 1671 623 1726 [10,
636 1670 695 1725 6.]
713 1667 1059 1725 κλεισουράρχας.
1076 1671 1281 1723 *[Clusae‚
1299 1670 1498 1723 clusuras,
1517 1670 1721 1725 angustiae

264 1725 474 1777 locorum,
504 1726 571 1765 Du
597 1727 732 1780 Gange
762 1727 813 1766 ad
835 1728 1010 1768 Ioinvill.
1033 1741 1074 1781 p.
1106 1741 1194 1781 179.
1253 1725 1384 1779 μέχρι
1410 1726 1494 1766 τῶν
1521 1728 1713 1765 κλεισου-

265 1781 352 1834 ρῶν
391 1780 550 1833 Συρίας
578 1783 723 1835 Script.
755 1790 845 1836 post
872 1783 1111 1836 Theophan.
1143 1797 1184 1835 p.
1210 1781 1304 1836 5¹9·
1364 1781 1491 1822 Forte
1521 1781 1712 1821 convenit

265 1851 360 1875 cum
391 1837 610 1890 Capitaneo
640 1838 692 1877 ad
717 1839 815 1877 fines
842 1839 1012 1877 tuendos
1044 1838 1366 1877 Christianorum
1403 1835 1511 1888 apud
1537 1836 1712 1875 Leibnit.

266 1892 318 1929 T.
341 1892 393 1930 II.
419 1906 461 1944 p.
487 1891 581 1943 245.
642 1893 758 1932 Conf.
787 1893 898 1932 locus
921 1893 1031 1932 Guil.
1065 1892 1189 1945 Apuli
1212 1893 1264 1931 T.
1290 1891 1322 1930 l.
1347 1905 1392 1945 p.
1412 1889 1555 1944 380.]*
1593 1889 1711 1930 Conf.

267 1947 335 1985 Du
361 1947 486 2000 Cang.
527 1947 657 1987 Gloss.
700 1947 744 1987 h.
777 1962 821 1988 v.
860 1955 900 1987 et
929 1948 981 1987 ad
1008 1947 1191 1987 Alexiad.
1222 1962 1265 2001 p.
1301 1947 1416 1998 3oo.‚
1444 1946 1552 1986 unde
1575 1952 1714 2000 patet,

270 2016 363 2052 eos,
394 2004 463 2055 qui
491 2003 662 2042 castellis
687 2017 759 2057 per
786 2002 938 2053 clusas,
968 2002 1011 2042 id
1037 2010 1096 2041 est
1126 2002 1215 2042 loca
1238 2009 1406 2054 angusta
1421 2030 1433 2053 ,
1460 2009 1614 2041 meatus
1641 1999 1716 2040 dif-

270 2056 391 2095 ficiles
407 2086 418 2106 ‚
450 2057 604 2096 hostico
627 2060 777 2098 vicinos
792 2087 803 2107 ‚
832 2058 898 2097 vel
924 2065 964 2097 et
983 2057 1117 2097 medio
1140 2059 1182 2096 in
1212 2058 1414 2096 territorio
1435 2058 1531 2096 sitos
1547 2086 1559 2107 ,
1588 2056 1719 2109 dispo-

273 2113 357 2150 sitis
374 2120 608 2163 praeerant,
655 2112 920 2159 clisurarchas
940 2113 1059 2152 fuisse
1078 2112 1313 2165 appellatos.
1373 2111 1618 2163 Κλείσουρα
1639 2124 1718 2164 pro

273 2166 456 2205 districtu
485 2169 667 2218 minore,
704 2183 825 2222 quam
848 2167 962 2216 θὲμα
994 2174 1073 2217 est,
1111 2169 1260 2220 passim
1285 2168 1461 2206 occurrit
1479 2166 1588 2219 apud
1608 2167 1717 2205 Con-

274 2222 439 2260 stantio.
470 2222 519 2261 de
544 2223 731 2262 Themat.
756 2231 802 2262 ut
832 2237 873 2276 p.
899 2224 966 2263 25.
1025 2223 1158 2262 Possis
1181 2236 1274 2262 cum
1294 2223 1462 2262 vetustis
1492 2221 1721 2274 Marekgr-a.

274 2277 351 2314 viis
384 2284 423 2315 et
458 2277 669 2317 comitibus
699 2279 866 2317 limiczcm
890 2291 1136 2330 comparare.

382 2330 422 2370 6.
440 2333 491 2370 D.
511 2346 550 2370 2.
572 2332 662 2386 [1o‚
682 2332 746 2388 7.]
784 2330 1027 2383 ἱσταμένων.
1085 2332 1254 2372 Stabant
1274 2344 1460 2386 proceres
1482 2345 1619 2372 coram
1641 2329 1718 2371 lm-

275 2392 460 2476 peratore
488 2387 649 2426 sedente
682 2390 723 2428 in
761 2388 911 2427 throno
926 2417 938 2439 ,
978 2402 1109 2441 neque
1145 2402 1330 2441 proceres
1365 2395 1547 2438 tantum,
1577 2386 1647 2426 sed
1679 2393 1720 2425 et

294 2440 394 2491 egati
414 2470 424 2489 ‚
456 2448 494 2479 et
516 2443 716 2495 principes
742 2446 890 2493 exteri,
930 2444 1007 2482 nisi
1038 2457 1221 2495 expresso
1247 2443 1373 2482 verbo
1394 2442 1630 2481 iuberentur
1654 2454 1718 2480 se-

278 2493 387 2532 dere.
419 2496 537 2545 Quod
550 2498 581 2535 si
596 2498 722 2548 fieret,
742 2500 783 2538 in
803 2497 1014 2538 humiliore
1029 2498 1124 2537 sede
1140 2498 1414 2537 considebant.
1450 2496 1579 2535 Multa
1602 2496 1723 2535 huius

278 2550 336 2586 rei
361 2550 539 2602 exempla
561 2552 769 2593 habemus.
828 2554 969 2592 Unum
991 2567 1036 2591 ex
1072 2552 1263 2592 Alexiade
1284 2565 1406 2606 supra
1433 2552 1555 2590 citavi
1582 2564 1624 2604 p.
1650 2564 1718 2590 20.

280 2602 441 2641 Addam
470 2604 565 2643 inde
599 2621 760 2661 quoque
795 2608 918 2647 aliud.
979 2607 1157 2647 Narrans
1195 2608 1342 2658 Anna,
1373 2620 1587 2659 procerum
1610 2606 1723 2644 Lati-
1786 2602 1798 2612 '

280 2671 450 2708 norum,
492 2661 562 2711 qui
584 2662 634 2699 ad
660 2663 845 2702 Alexium
865 2671 1058 2703 venerant
1076 2693 1087 2713 ‚
1125 2663 1300 2717 homagii
1322 2660 1548 2716 praestandi
1577 2673 1722 2710 causa,

280 2726 407 2752 unum
438 2713 613 2767 aliquem
641 2714 699 2761 εἰς
727 2715 799 2757 τὸν
825 2717 1034 2769 σκίμποδα
1063 2717 1140 2756 τοῦ
1166 2715 1372 2768 βασιλέως
1399 2713 1618 2767 ἐγκαθιῖιαι
1633 2745 1646 2764 ,
1684 2722 1726 2754 et

281 2782 305 2809 a
329 2767 526 2809 Balduino
547 2770 767 2812 Godofredi
785 2774 981 2813 Bullionei
1007 2774 1130 2813 fmtre
1147 2772 1257 2814 illinc
1279 2772 1521 2812 abstractum
1550 2783 1645 2812 cum
1663 2771 1725 2810 ira
