1826 3126
227 182 296 235 70
499 181 572 223 10.
615 180 720 222 IAC.
762 181 956 221 REISKII
996 180 1374 225 COMMENTARII

221 282 480 338 Adennlphus
510 281 866 335 Langobardorum
899 284 1024 336 gentis
1051 282 1303 339 Anthypatus
1335 293 1375 324 et
1405 286 1611 341 patricius.
1624 282 1670 341 Τ

223 336 366 392 Reguli
405 337 660 390 Longobardi
695 338 888 378 Graeciae
925 340 1088 378 maioris
1106 369 1118 389 ,
1161 341 1232 393 qui
1268 339 1334 379 hic
1372 349 1672 392 memorantur,

224 407 351 446 quum
380 394 609 445 provincias
640 407 731 432 suas
757 393 809 433 ab
831 394 961 447 Impp.
1000 394 1171 434 CPtanis
1212 402 1259 434 ut
1288 395 1428 435 vasalli
1460 403 1644 437 tenerent
1659 426 1674 448 ,

223 450 381 502 patricii
412 455 525 487 erant
553 447 669 488 aulae
702 448 917 499 CPtanae‚
947 455 987 488 et
1012 462 1138 489 annos
1167 451 1230 489 sui
1254 451 1526 503 patriciatus,
1553 452 1596 492 id
1617 459 1678 492 est

223 503 480 556 Principatus
511 505 573 542 sui
604 503 655 542 ab
679 503 772 544 aula
793 503 957 544 CPtana
985 504 1246 558 dependentis
1261 535 1273 558 ‚
1302 507 1572 546 numerabant
1587 537 1601 558 ‚
1628 514 1677 550 ut

224 558 493 611 Imperatores
524 560 682 612 imperii
712 561 788 600 sui.
851 560 1074 599 Gaimerius
1095 562 1282 617 princeps
1309 562 1678 602 Beneventanomm

219 614 413 669 patricius
433 616 592 667 sactus,
632 623 724 669 post
748 629 839 657 uam
881 615 1010 655 CPlin
1045 618 1223 656 venisset.
1282 616 1486 672 Anonym.
1517 617 1673 657 Salern-

227 669 278 708 T.
311 669 363 708 II.
395 669 445 708 P.
473 670 525 708 ΙΙ.
554 670 640 708 Ser.
669 671 704 708 It
749 700 758 709 .
791 686 883 725 pag.
910 684 1004 725 272.
1063 670 1326 726 *[Adelgisus
1353 673 1551 713 Desiderii
1572 674 1676 712 Lon·

228 724 500 778 gobardorum
530 727 636 778 regis
666 725 770 766 filius
802 741 826 766 a
854 727 1118 766 Constantino
1150 727 1294 767 Graec.
1327 728 1432 781 Imp.
1467 729 1679 768 constitui-

227 787 296 819 tur
315 780 520 833 patricius.
578 780 808 821 Schminck.
838 781 889 820 ad
914 782 1143 835 Eginhard.'
1158 797 1200 835 p.
1225 783 1293 832 4ο.
1354 783 1524 823 Gilimer
1544 784 1678 823 Wan-

229 835 416 874 dalorum
440 850 508 874 rex
541 850 624 876 non
651 836 778 877 factus
807 844 866 876 est
895 838 1086 890 patricius
1115 852 1138 876 a
1169 838 1417 890 lamniano,
1458 838 1568 892 quod
1597 838 1680 878 Ar-

227 892 386 930 rianam
403 890 587 931 haeresin
607 893 764 932 eiurare
787 892 926 938 nollet.
958 893 1130 946 Procop.
1154 900 1194 932 et
1212 893 1451 947 Theophan.
1474 908 1517 948 p.
1540 893 1678 958 ¹7o.]*

229 946 358 1000 Reges
392 948 512 1000 igitur
535 948 797 1002 etprincipes
827 947 1091 987 occidentales
1122 962 1264 988 eorum
1286 956 1515 1003 temporum
1549 963 1679 988 susei-

229 1001 378 1055 piendo
407 1002 672 1041 Patriciatum
701 1018 726 1043 a
747 1005 919 1043 CPtanis
951 1004 1102 1057 Impp.,
1133 1005 1247 1044 cuius
1276 1006 1335 1044 rei
1356 1003 1538 1059 exempla
1564 1004 1683 1059 longe

260 1056 407 1096 lurima
437 1057 548 1096 dedit
579 1059 647 1097 Du
679 1058 812 1113 Cange
847 1058 978 1098 Gloss.
1017 1060 1107 1098 Lat.
1141 1073 1183 1099 v.
1224 1061 1448 1111 Patricius,
1492 1074 1683 1115 agnosce-

230 1070 332 1151 fiant
347 1141 358 1163 ‚
388 1126 430 1151 se
461 1112 634 1154 vasallos
664 1128 804 1154 eorum
838 1128 942 1165 esse,
975 1115 1164 1168 patricios
1196 1116 1280 1154 eius
1296 1145 1308 1166 ‚
1337 1115 1380 1155 id
1407 1123 1467 1155 est
1497 1129 1684 1169 procura-

231 1168 340 1206 tores
358 1196 370 1217 ‚
400 1167 537 1211 locum
567 1176 773 1220 tenentes,
802 1170 986 1209 vicarios.
1047 1170 1211 1210 Patricii
1238 1185 1380 1210 vocem
1403 1185 1449 1210 ea
1478 1178 1608 1210 aetate
1640 1170 1684 1210 id

231 1229 393 1262 notasse
421 1231 531 1276 patet
557 1239 603 1264 ex
638 1224 728 1264 loeo
765 1226 957 1264 Benzonis
982 1240 1026 1278 p.
1055 1225 1172 1265 1062.
1231 1225 1278 1280 *[
1288 1226 1455 1266 Postera
1487 1226 1555 1265 die
1599 1240 1687 1266 con-

231 1287 391 1331 gregato
429 1280 593 1321 concilio
626 1281 670 1319 in
701 1280 882 1319 Ecclesia
913 1281 1110 1336 principis
1153 1279 1432 1336 Apostolorum
1470 1281 1572 1320 sedit
1609 1294 1688 1320 mn

234 1332 433 1373 Henricus
471 1336 514 1374 in
553 1335 681 1375 medio
709 1335 998 1391 Episcoporum
1017 1358 1037 1366 -
1057 1359 1078 1366 -
1097 1344 1180 1375 tum
1219 1350 1296 1375 rex
1337 1338 1419 1376 ait.-
1476 1335 1684 1385 Seniores,

234 1388 348 1428 solito
387 1403 494 1429 more
529 1392 581 1430 sit
613 1392 656 1430 in
693 1392 876 1431 electione
913 1400 1061 1431 nostra.
1120 1390 1301 1446 Accipite
1332 1406 1447 1447 quem
1479 1392 1600 1432 vultis
1637 1391 1690 1431 de

235 1453 318 1483 tota
353 1447 555 1498 praesenti
597 1447 908 1500 congregatione.
970 1447 1051 1502 Qui
1092 1446 1399 1500 responderunt:
1457 1445 1540 1487 Ubi
1580 1446 1693 1486 adest

231 1500 457 1554 praesentia
485 1503 617 1554 regiae
644 1503 881 1550 maiestatis,
924 1516 1003 1541 non
1027 1510 1084 1542 est
1104 1502 1301 1541 electionis
1330 1516 1531 1541 consensus
1559 1503 1603 1542 in
1621 1516 1691 1540 ar-
1758 1504 1760 1507 '

237 1555 354 1594 bitrio
389 1564 543 1595 nostrae
576 1557 800 1602 voluntatis.
859 1557 954 1596 Etsi
972 1558 1089 1609 sorte
1131 1556 1366 1613 aliquotiens
1406 1557 1542 1598 absens
1573 1558 1689 1606 estis,

239 1620 369 1649 tamen
396 1624 474 1664 per
511 1609 682 1664 effictum
710 1613 898 1667 patricii,
946 1614 1018 1668 qui
1044 1621 1101 1651 est
1140 1620 1268 1652 vester
1305 1613 1501 1662 vican‘us,
1541 1626 1696 1668 semper

240 1665 477 1720 apostolicae
495 1669 739 1722 promotioni
758 1668 960 1707 interestis.
1019 1667 1156 1723 Neque
1182 1668 1287 1708 enim
1310 1669 1504 1723 patricius
1532 1676 1590 1707 est
1614 1668 1695 1706 Pa-

236 1734 317 1775 pae
342 1722 556 1775 patricius,
593 1737 732 1762 verum
756 1724 816 1762 ad
877 1722 1132 1778 raeparanda
1170 1723 1420 1778 Reipublicae
1448 1724 1604 1776 negotia
1639 1730 1698 1761 est

241 1775 501 1830 Imperatoris
524 1780 730 1833 patricius·-
753 1802 774 1808 -
794 1801 814 1809 -
834 1738 1045 1820 Eecretum
1077 1787 1154 1828 est,
1202 1787 1245 1817 ut
1269 1792 1346 1818 rea:
1377 1777 1576 1817 Hem-icus
1607 1791 1696 1816 cum

242 1833 434 1870 uni-versis
467 1833 510 1872 in
543 1835 772 1873 monarchia
804 1835 965 1889 imperii
995 1834 1072 1872 sibi
1094 1833 1379 1874 szoecedeatibus
1402 1833 1530 1888 ffiret
1555 1833 1695 1872 Patri-

243 1888 324 1925 cius·
335 1916 348 1937 ,
390 1887 488 1927 sicut
514 1888 565 1928 de
606 1889 749 1928 Car-olo
791 1889 854 1928 M.
886 1889 1049 1940 factum
1076 1889 1252 1941 legimus.
1275 1910 1296 1918 -
1317 1910 1337 1918 -
1356 1887 1547 1930 Inductus
1579 1889 1702 1942 igitur

246 1957 323 1982 rex
351 1943 595 1983 viridissima
630 1945 837 1995 chlamyde
865 1944 1122 1998 desponsatur
1146 1943 1358 1998 patriciali
1380 1944 1528 1984 annulo
1539 1973 1553 1994 ‚
1591 1956 1698 1982 coro·

246 2005 365 2037 mitur
395 1999 565 2038 eiusdem
592 2001 865 2054 praefecturae
893 2013 1012 2038 aureo
1042 1999 1200 2038 circulo.
1213 1997 1259 2052 ]*
1316 1998 1440 2038 Ducit
1460 2013 1535 2039 nos
1553 1998 1620 2038 hic
1644 1997 1700 2038 lo·

247 2065 319 2091 cus
345 2052 397 2092 ad
423 2053 664 2094 celebratam
688 2054 799 2097 illam
827 2054 878 2094 de
902 2054 1116 2107 patriciatu
1137 2054 1414 2093 Romanorum
1431 2083 1444 2105 ‚
1473 2067 1595 2108 quem
1614 2067 1699 2107 ges-

249 2114 386 2146 serunt
409 2109 672 2162 Imperatores
697 2109 960 2150 occidentales
974 2139 986 2162 ‚
1017 2110 1292 2162 quaestionem
1307 2138 1318 2160 ‚
1348 2110 1462 2149 cuius
1492 2111 1605 2163 origo
1621 2109 1700 2162 pri-

249 2175 315 2200 ma
354 2163 452 2203 haec
492 2165 591 2204 mihi
628 2165 788 2205 videtur
828 2165 964 2204 fulsse.
1033 2165 1298 2218 Imperatores
1332 2164 1486 2219 CPtani
1526 2166 1700 2204 Romam

250 2216 348 2256 olim
371 2220 582 2259 mittebant
596 2250 608 2271 ‚
649 2228 695 2260 ut
720 2220 798 2260 alio
813 2250 825 2270 ‚
864 2220 1052 2273 patricios
1068 2248 1080 2270 ‚
1109 2233 1172 2258 res
1201 2220 1404 2259 Romanas
1438 2234 1512 2260 suo
1535 2220 1701 2259 nomine

250 2280 488 2314 curaturos:
530 2289 656 2328 quum
686 2275 870 2328 deinceps
900 2277 1094 2328 episcopis
1122 2276 1314 2315 Romanis
1347 2289 1431 2315 non
1466 2276 1570 2315 bene
1602 2287 1700 2314 con-

251 2329 407 2367 veniret
449 2344 543 2369 cum
582 2331 660 2372 inis
700 2331 862 2370 Graecis
901 2332 1103 2383 patriciis,
1150 2337 1190 2369 et
1233 2330 1402 2370 deficere
1440 2331 1492 2370 ab
1531 2330 1702 2382 imperio

253 2382 451 2422 Orientali
478 2385 766 2426 meditarentur
781 2416 792 2436 ‚
824 2386 1048 2425 invitabant
1074 2398 1186 2438 reges
1207 2385 1386 2425 Francos
1406 2385 1460 2425 ad
1487 2384 1702 2438 suscipien-

254 2435 347 2475 dam
370 2452 505 2478 rerum
533 2441 641 2492 apud
668 2443 838 2481 Romam
868 2441 1047 2480 civilium
1077 2442 1401 2491 procurationem
1418 2470 1430 2492 ‚
1474 2454 1546 2480 seu
1570 2440 1700 2493 patri-

255 2493 422 2531 ciatum.
479 2493 619 2548 *[Vid.
647 2497 841 2536 Muratori
872 2495 1022 2538 Annali
1051 2495 1088 2533 d'
1110 2495 1226 2535 ltalia
1255 2496 1307 2534 T.
1337 2497 1388 2535 ΙΙ.
1419 2509 1511 2549 pag.
1538 2495 1632 2549 397.
1665 2501 1707 2534 et

254 2546 351 2596 405.
377 2547 456 2586 fine
475 2578 486 2598 ‚
515 2552 584 2602 qui
613 2552 740 2591 credit
771 2553 1023 2605 patriciatum
1044 2551 1266 2590 constitisse
1291 2552 1335 2589 in
1366 2550 1597 2590 defensione
1624 2549 1706 2588 Ee-

257 2600 400 2641 clesiae
431 2603 648 2648 Romanae.
710 2607 826 2646 Conf.
855 2607 989 2645 Later.
1019 2607 1166 2660 pariet.
1206 2620 1250 2658 p.
1273 2606 1363 2655 32„
1393 2605 1465 2644 uhi
1492 2604 1543 2644 de
1568 2603 1706 2643 Caroli

260 2656 319 2694 M.
356 2659 582 2710 patriciatu.
641 2661 704 2700 De
724 2662 916 2715 dignitate
947 2662 1235 2714 patriciorum,
1273 2668 1313 2700 et
1349 2659 1459 2714 quod
1489 2659 1709 2713 provinciis

258 2712 448 2764 praefecti
480 2713 627 2753 fuerint
644 2744 656 2764 ,
699 2725 835 2768 postea
872 2731 969 2757 vero
1001 2730 1093 2755 eum
1122 2715 1286 2755 titulum
1318 2716 1556 2769 reliquerint
1583 2727 1627 2753 v.
1659 2727 1703 2766 p.

260 2765 330 2816 54.
389 2767 588 2810 Patricius
600 2768 734 2824 idem,
766 2775 833 2825 qui
851 2779 988 2825 postea
1007 2771 1087 2811 dux
1107 2778 1271 2811 vocatus
1296 2785 1337 2825 p.
1363 2770 1430 2812 35.
1465 2784 1511 2810 ex
1533 2769 1710 2809 Hem-ico
