1884 3132
190 156 265 198 An
307 153 607 200 consum.
643 153 840 196 ponpa.
878 154 950 195 DE
986 152 1167 195 cmm,
1207 154 1305 194 mn.
1343 155 1397 193 ιι.
1439 131 1548 208 793

114 259 383 300 Rham-:usius
418 260 460 300 in
491 259 754 312 descriptione
793 257 888 298 belli
925 258 1172 298 Venetorum
1212 271 1303 297 cum
1346 256 1545 306 CPtanis,

110 314 251 354 tabula
269 316 387 354 tertia
406 344 419 366 ‚
462 316 668 368 repetitam
698 329 721 352 a
749 315 815 352 Du
843 314 992 367 Cangio
1021 313 1175 355 dissert.
1205 313 1255 352 de
1269 314 1444 350 nummis
1465 311 1550 350 tab.

113 370 190 408 Vl.
230 377 270 410 et
304 369 423 409 aliam
460 370 650 408 Horatius
680 369 849 408 Blancus
876 369 916 407 in
943 370 1047 407 notis
1073 368 1124 407 ad
1155 366 1342 406 Paullum
1370 367 1547 405 Warne*

114 424 267 463 fridum
298 425 340 463 in
379 426 549 477 imagine
588 424 854 463 coronationis
891 425 993 476 regis
1020 422 1334 476 Longobardici‚
1378 428 1418 460 et
1454 423 1550 460 item

113 479 232 518 aliam
258 478 482 519 Bandurius
516 479 610 521 Ant.
646 479 748 532 Imp.
791 479 867 516 Or.
902 478 953 516 T.
985 478 1035 518 11.
1068 493 1109 531 p.
1134 478 1229 517 632.
1256 477 1339 516 tab.
1378 477 1445 527 3.‚
1478 475 1550 515 ubi

113 532 288 576 Helenae
305 534 551 587 lmperatrici
575 547 731 572 crucem
761 533 975 571 invenienti
1004 532 1162 571 adstant
1192 532 1342 571 ostiarii
1368 531 1449 570 duo
1478 544 1549 570 eu-

112 587 239 628 nuchi
282 595 461 642 gerentes
497 588 702 641 epomidas
739 602 806 626 seu
846 587 1079 626 armilausas
1098 617 1110 637 ‚
1147 588 1188 626 in
1217 587 1341 626 armis
1370 587 1545 635 clausas,

114 650 162 682 ut
189 645 246 682 ait
274 643 477 693 Isidorus,
518 643 559 682 id
587 650 645 682 est
673 644 713 681 in
744 643 902 696 regione
930 642 1188 681 brachiorum
1218 641 1363 680 solidas
1394 641 1549 694 epomi-

115 697 202 737 das.
259 698 335 737 Est
361 712 500 737 revera
527 697 732 751 scapulare
755 697 832 736 hoc
859 698 1090 736 armilausia
1101 726 1117 744 ,
1153 697 1195 735 id
1224 703 1282 736 est
1310 697 1429 735 vestis
1455 695 1549 734 bra-

113 752 310 792 chialibus
334 766 488 792 carens.
540 754 690 792 Verum
724 752 823 791 solet
849 754 979 805 potius
1018 752 1250 807 scapulare,
1280 765 1400 804 quam
1428 751 1550 790 armi-

117 806 243 847 lausia
271 808 421 847 vocari.
477 807 586 847 Illud
616 815 750 846 autem
778 810 1084 854 vestimentum,
1116 807 1230 859 quod.
1252 806 1373 860 vulgo
1401 820 1448 845 eo
1474 820 1551 845 no-

116 864 226 902 mine
254 863 439 902 veniebat
468 861 590 909 olim,
632 863 707 901 fuit
741 861 858 915 quale
890 862 1166 915 descripsimus
1192 875 1330 914 sagum
1361 875 1434 914 pro
1460 875 1547 900 ma-

115 918 217 957 nicis
247 917 397 971 amplas
422 918 611 956 fenestras
638 917 788 956 habens
805 946 818 967 ,
845 931 917 970 per
943 931 1042 970 quas
1072 916 1232 956 brachia
1260 923 1546 955 exsererentur.

117 972 303 1012 Militaris
328 972 428 1011 haec
454 972 681 1011 armilausia
711 979 810 1011 erat.
863 971 1038 1010 Militum
1076 972 1181 1011 enim
1208 978 1406 1024 gestamen
1430 971 1550 1010 fuisse

118 1027 409 1075 armilausiam,
439 1035 592 1066 constat
617 1042 662 1066 ex
709 1027 785 1066 illis
812 1033 1020 1065 auctorum
1047 1025 1167 1076 locis,
1195 1040 1295 1078 quos
1326 1026 1393 1064 Du
1414 1027 1550 1079 Cange

118 1081 188 1122 Gl.
219 1082 309 1121 Lat.
340 1081 382 1122 h.
410 1096 452 1121 v.
481 1082 681 1135 allegavit.
738 1082 924 1120 Alterum
964 1081 1065 1120 illud
1092 1082 1273 1134 superius
1300 1080 1550 1120 armilausiae

117 1150 244 1190 genus
284 1137 551 1190 pompaticum
588 1139 712 1190 magis
748 1143 861 1187 erat,
906 1143 1011 1175 certe
1053 1136 1171 1175 militi
1214 1150 1324 1174 arma
1362 1136 1549 1175 tractanti

117 1191 275 1232 inutile.
327 1192 431 1231 Sane
457 1206 536 1231 non
563 1199 717 1244 poterat
737 1193 880 1238 armis,
914 1191 990 1230 hoc
1009 1199 1066 1230 est
1084 1191 1270 1237 thoraci,
1300 1191 1546 1244 superindui,

118 1248 228 1300 quod
258 1254 391 1285 tamen
418 1246 468 1284 de
497 1246 706 1285 armilausa
737 1247 953 1285 Mauricius
987 1245 1171 1285 affirmat.
1225 1245 1322 1284 Fuit
1341 1248 1462 1299 igitur
1488 1245 1550 1284 al-

117 1308 204 1341 tera
232 1302 330 1341 haec
357 1301 537 1340 militaris
579 1301 805 1340 armilausia
846 1301 1003 1340 diversa
1030 1301 1081 1340 ab
1107 1300 1174 1339 illa
1201 1301 1404 1353 superiore
1434 1314 1548 1354 pom·

117 1357 246 1410 patica
273 1362 313 1395 et
339 1370 502 1408 prorsus
535 1355 672 1395 eadem
699 1370 791 1394 cum
817 1355 1015 1395 Sclavina.
1071 1355 1336 1394 Schalaunam
1375 1354 1549 1409 appella·

119 1424 210 1450 mus
235 1410 403 1465 pallium
437 1410 563 1449 talare
596 1424 679 1449 non
716 1410 893 1463 amplum
911 1440 924 1458 ‚
964 1425 988 1450 a
1028 1416 1188 1463 pectore
1223 1417 1402 1462 apertum
1419 1440 1432 1462 ,
1479 1416 1551 1448 aut

117 1465 290 1519 globulis
327 1464 560 1515 conserfile,
595 1465 683 1504 loco
716 1467 960 1504 manicarum
997 1464 1129 1518 ampla
1167 1464 1362 1503 foramina
1396 1463 1548 1505 habens

119 1521 341 1560 exserendis
365 1519 554 1559 brachiis.
612 1519 650 1558 A
678 1521 887 1559 sclaealauna
915 1519 990 1558 hac
1028 1533 1110 1558 non
1137 1518 1342 1558 differebat
1368 1526 1550 1559 veterum

119 1574 328 1624 Sclavina,
367 1575 444 1613 nisi
470 1574 551 1613 sola
581 1574 841 1627 longitudine.
896 1573 1112 1613 Desinebat
1138 1575 1244 1612 enim
1271 1574 1375 1612 intra
1401 1574 1550 1627 pubem

120 1637 163 1670 et
188 1645 331 1684 genua.
389 1630 604 1682 Imaginem
636 1632 720 1669 eius
742 1629 879 1668 videre
904 1637 962 1668 est
989 1631 1031 1668 in
1060 1629 1164 1668 notis
1190 1628 1334 1681 Angeli
1362 1628 1411 1667 de
1436 1629 1549 1668 Nuce

120 1685 175 1724 ad
201 1685 427 1726 Chronicon
467 1686 701 1724 Cassinense
734 1685 784 1723 T.
816 1685 886 1727 IV.
914 1685 1057 1736 Script.
1097 1685 1191 1722 Rer.
1222 1683 1348 1722 Italic.
1378 1697 1420 1737 p.
1451 1697 1544 1738 217.

119 1739 278 1788 Vestis,
319 1754 440 1794 quam
469 1740 594 1778 sancti
622 1739 702 1778 duo
729 1740 805 1778 viri
835 1739 889 1778 ibi
918 1753 1007 1778 aere
1032 1739 1202 1792 expressi
1229 1752 1364 1791 gerere
1390 1738 1550 1792 conspi-

122 1795 310 1846 ciuntur,
346 1794 531 1833 Sclavina
572 1801 631 1832 est
647 1824 659 1841 ‚
701 1801 741 1833 et
779 1801 911 1833 exacte
937 1793 1057 1832 refert
1091 1800 1256 1832 westam
1287 1807 1355 1831 seu
1383 1794 1549 1833 camiso-

122 1848 224 1888 lium
256 1850 321 1889 vel
348 1851 524 1887 tunicam
553 1849 789 1888 nostratium
818 1850 1055 1887 rusticorum
1083 1847 1224 1887 demtis
1251 1847 1548 1900 brachialibus,

122 1918 295 1957 quorum
322 1903 410 1943 loco
439 1903 633 1942 fenestrae
658 1911 808 1957 patent.
866 1904 912 1942 In
932 1910 1092 1957 pectore
1117 1904 1235 1942 scissa
1261 1915 1342 1941 non
1369 1910 1451 1953 est,
1479 1903 1550 1942 sed

123 1957 249 1998 tablio
287 1965 528 2014 praetextata
542 1989 555 2009 ‚
598 1959 819 2012 margaritis
857 1972 929 2012 per
965 1965 1175 2011 utramque
1210 1971 1323 1996 oram
1350 1959 1551 1997 continuis

123 2019 280 2054 ornato.
333 2014 449 2052 Circa
489 2013 638 2052 femora
675 2014 824 2052 habent
845 2012 955 2052 *illae
992 2013 1095 2051 duae
1121 2012 1318 2052 sclavinae
1343 2013 1551 2063 scissuras,

124 2081 229 2121 quae
255 2082 280 2107 a
306 2068 484 2107 fenestris
511 2067 782 2107 humeralibus
809 2068 917 2107 haud
942 2067 1113 2106 multum
1141 2067 1301 2106 absunt.

236 2122 283 2162 C.
311 2138 350 2177 7.
380 2122 492 2176 [671,
513 2121 566 2175 2.]
595 2121 826 2161 εῖλακτιῶν.
882 2123 973 2161 Non
1001 2122 1159 2161 invenio
1187 2122 1290 2161 113110
1312 2135 1449 2162 vocem
1476 2122 1550 2161 ali-

127 2177 170 2216 bi
198 2184 390 2216 notatam.
444 2177 552 2226 Quid
579 2178 814 2216 crediderim
840 2191 924 2216 esse
940 2206 953 2227 ‚
1003 2191 1024 2215 e
1053 2177 1202 2215 Latinis
1229 2183 1350 2230 patet.
1403 2177 1550 2217 Patavi

126 2246 273 2284 nempe
310 2239 381 2270 aut
406 2231 510 2271 male
536 2232 590 2270 sic
619 2232 808 2284 scriptum
837 2246 859 2270 a
890 2231 1079 2280 librario,
1125 2237 1195 2269 aut
1223 2245 1246 2270 a
1283 2233 1396 2270 novis
1423 2233 1550 2271 Grae-

128 2288 186 2326 cis
225 2287 279 2325 ita
315 2294 498 2339 corrupte
525 2288 822 2338 pronuntiatum
854 2300 952 2324 aevo
979 2285 1108 2324 medio
1146 2286 1261 2324 fuisse
1293 2301 1367 2339 pro
1394 2284 1552 2336 ἠλακα-

127 2340 244 2382 τιῶν.
300 2341 375 2379 Est
400 2339 583 2392 ἠλακάτη
612 2341 765 2390 malus,
793 2349 979 2390 truncus,
1024 2354 1163 2392 scapus
1190 2354 1376 2393 procerus
1402 2343 1546 2380 omnis.

128 2395 334 2435 Sententia
359 2395 587 2448 perobscuri
618 2395 735 2434 huius
762 2395 858 2442 loci,
889 2402 1083 2448 quantum
1109 2407 1183 2447 ego
1209 2396 1390 2448 equidem
1417 2397 1553 2448 pervi-

131 2450 222 2496 de0‚
250 2450 347 2488 haec
380 2457 451 2489 est.
510 2448 575 2487 Ad
603 2449 774 2502 singulas
800 2457 970 2502 quatuor
996 2452 1257 2502 petrariarum
1275 2452 1472 2503 pertinere
1490 2450 1552 2489 di-

133 2512 278 2543 cuntur
296 2505 380 2543 bini
410 2503 547 2542 circuli
574 2503 719 2553 ferrei,
748 2505 812 2543 vel
832 2511 991 2557 torques
1017 2511 1122 2553 etc.;
1153 2505 1288 2543 eadem
1307 2505 1550 2558 totidemque

134 2558 186 2596 ad
216 2559 388 2612 singulas
423 2565 596 2612 quatuor
622 2558 939 2608 Labdarearum,
976 2565 1016 2597 et
1051 2558 1188 2598 eadem
1214 2560 1454 2614 totidemque
1481 2559 1552 2599 de-

135 2614 256 2666 nique
282 2614 332 2653 ad
359 2614 531 2667 singulas
558 2620 727 2665 quatuor
752 2611 994 2666 ἤλακατιῶν.

242 2668 297 2707 D.
333 2684 368 2708 1.
401 2667 589 2722 [671‚6.]
629 2663 715 2705 διὰ.
782 2668 848 2706 Ab
882 2667 955 2722 hac
995 2682 1091 2707 voce
1129 2669 1266 2722 incipit
1304 2670 1552 2709 membrana-

139 2734 228 2760 rum
257 2737 298 2776 p.
332 2723 421 2764 125.
452 2723 518 2771 b.⁷
549 2736 668 2777 quam
698 2723 777 2762 aeri
806 2723 928 2763 incidi
955 2724 1107 2776 curavi,
1137 2731 1176 2763 et
1202 2726 1330 2777 primo
1359 2724 1552 2766 volumini
