1884 3132
173 170 248 213 An
286 168 582 213 consaem.
614 169 810 212 Pomm.
847 169 919 210 DE
957 168 1138 210 cmm.
1176 168 1275 208 Lm.
1313 168 1368 208 11.
1414 148 1524 222 867

99 275 204 326 tum]
237 275 451 330 pmeoepit,
477 288 636 329 cumque
657 281 748 328 post
763 273 993 311 naeniarum
1015 262 1283 323 gamalitatem
1317 259 1390 325 [τᾶ
1419 261 1528 309 ἔκτα

101 335 144 370 et
167 323 239 374 τὰς
264 326 477 380 εὐφημίας
502 326 701 380 designat]
727 337 765 366 et
790 329 995 365 missarum
1024 325 1315 369 celebrationem
1341 324 1401 363 ad
1429 338 1531 362 rnen·

100 395 189 421 sam
213 383 490 431 invitaremur,
519 384 562 421 in
585 383 758 420 citeriori
782 382 959 433 margine
982 394 1155 428 mensae,
1203 393 1302 434 quae
1338 386 1424 417 erat
1449 379 1531 417 sine

101 437 304 478 latitudine
330 437 463 489 longa,
494 437 763 488 Bulgarorum
788 437 987 484 tamt-ium,
1010 434 1204 486 Ungarico
1231 448 1338 472 more
1365 442 1528 483 tonsum,

101 505 224 530 aenea
250 499 387 530 catena
411 492 583 530 cinctum
606 487 763 545 [κλούῖῃ
794 497 839 528 ut
867 490 1006 528 Noster
1030 503 1150 541 supra
1165 518 1176 535 ‚
1215 488 1258 526 id
1285 495 1344 528 est
1368 494 1528 539 torque,

103 559 223 598 quem
251 545 518 598 Luitprandus
555 559 625 598 per
658 552 903 583 contemtum
939 558 1102 582 aeneam
1126 551 1304 582 catenam
1331 541 1529 594 appellat,

102 599 204 639 forte
230 613 397 638 aeneum
412 629 423 646 ,
460 599 531 639 sed
556 597 797 651 inauratum]
826 609 875 643 et,
907 607 949 637 ut
974 612 1078 636 mens
1097 599 1197 635 mila·
1218 598 1398 649 suggerit,
1426 605 1531 634 cate-

100 655 324 693 cbunoenum
360 653 672 708 [Christianismi
699 653 951 692 candidatum
981 653 1159 691 nondum
1186 651 1428 703 baptizatum
1455 650 1529 688 do·-

101 710 331 761 ctrinaeque
361 708 608 747 Christianae
643 708 782 746 rudem
798 737 810 755 ,
850 708 1017 760 ideoque
1056 721 1147 745 cum
1191 705 1310 744 docto
1346 707 1531 758 episcopo

101 762 211 802 haud
237 761 564 816 comparandum]
591 764 689 801 milii
704 763 915 816 praeponit
930 792 941 809 ,
984 761 1042 799 ad
1078 770 1246 799 vestram
1266 761 1388 814 plane
1404 789 1417 808 ,
1456 760 1530 798 do-

101 818 202 856 mini
237 818 317 856 mei
348 818 516 870 Augusti
550 817 760 871 [Ottonem
790 817 825 854 Ι.
854 823 924 854 aut
957 815 1085 855 solum
1103 844 1115 864 ‚
1152 821 1222 853 aut
1258 828 1339 853 una
1366 827 1525 866 quoque

101 872 323 923 Augustam
349 873 433 911 eius
458 885 622 910 uxorem
661 869 917 923 compe11at]‚
956 870 1239 909 contumeliam.
1267 892 1320 898 —
1351 868 1500 906 Verum
1517 897 1530 919 ‚

101 926 258 965 domini
295 927 374 964 mei
390 954 403 975 ‚
447 940 575 965 meam
601 939 678 964 non
705 925 950 964 considerans
966 954 978 974 ‚
1023 924 1096 963 sed
1118 933 1285 962 vestram
1312 924 1498 961 iniuriam
1516 950 1528 971 ,

102 994 275 1020 mensam
299 981 455 1035 reliqui.
510 981 708 1034 Qcatmque
733 979 942 1030 indignans
967 978 1075 1017 abire
1101 979 1242 1016 vellem
1254 1006 1267 1025 ,
1297 977 1378 1016 Leo
1408 977 1529 1016 Coro-

97 1035 268 1088 palates‚
294 1035 706 1088 Inqoeratorisfiater,
731 1042 769 1071 et
783 1033 903 1072 Proto
933 1047 960 1071 a
994 1033 1143 1071 secretis
1166 1032 1323 1070 Simeon
1338 1045 1442 1085 pone
1467 1045 1528 1069 me

102 1090 426 1144 sequanae-,haec
441 1089 648 1127 latrantes.-
681 1088 814 1136 „Cum
834 1087 1097 1141 Christophori
1101 1086 1248 1140 filiam
1263 1085 1417 1134 Petrus,
1436 1085 1530 1123 Bul-

99 1157 289 1195 garorum
320 1143 516 1194 Vasileus,
544 1144 740 1194 coniugem
768 1142 947 1188 duceret,
995 1138 1220 1192 σύμφωνα,
1249 1140 1296 1178 id
1318 1148 1375 1178 est
1397 1153 1531 1178 conso-

99 1199 238 1237 nantia
274 1197 424 1250 [pacta]
441 1226 453 1246 ,
479 1199 621 1251 scripto
646 1198 867 1235 iuramento
894 1195 1122 1249 confirmata
1148 1203 1247 1241 sunt,
1285 1203 1327 1232 ut
1359 1194 1530 1232 omnium

101 1253 270 1303 gentium
301 1252 485 1306 apostolis
499 1281 511 1298 ‚
544 1251 591 1289 id
614 1260 670 1289 est
690 1252 860 1297 nunciis,
893 1265 1012 1304 penes
1037 1264 1105 1287 nos
1131 1249 1395 1300 Bulgurorum
1422 1261 1526 1301 apo-

100 1306 194 1345 stoli
221 1314 516 1360 praeponantur
531 1334 544 1352 ,
586 1306 822 1343 honorentur
837 1332 850 1354 ,
888 1305 1115 1356 diligantur.
1170 1302 1434 1354 Balgarorum
1460 1302 1529 1340 ille

103 1360 297 1413 apostolus
310 1389 322 1407 ,
351 1372 574 1414 quanquam
593 1387 605 1408 ,
643 1367 684 1397 ut
707 1359 805 1396 dicis
844 1366 883 1395 et
917 1372 1053 1396 venun
1089 1365 1147 1395 est
1160 1385 1173 1406 ,
1210 1366 1338 1395 tonsus
1351 1385 1364 1406 ,
1402 1356 1531 1394 illotus

102 1422 143 1452 et
176 1423 313 1452 catena
338 1427 461 1453 aenea
497 1415 638 1452 cinctus
664 1413 716 1450 sit
729 1441 740 1459 ,
778 1413 967 1465 patricius
1002 1421 1129 1449 tamen
1169 1419 1223 1448 est
1240 1439 1252 1460 ,
1289 1411 1353 1448 cui
1381 1411 1530 1463 episco-

98 1481 199 1521 pum
233 1481 476 1522 praeponere
489 1495 502 1517 ‚
548 1467 790 1505 Francorum
827 1467 1055 1519 praesertim
1070 1493 1082 1514 ,
1133 1466 1242 1514 nefas
1267 1464 1528 1510 decerninus,

106 1521 335 1561 iudicamus.
391 1522 451 1560 Ee
472 1523 657 1575 quoniam
682 1529 717 1558 te
746 1520 792 1558 id
816 1520 973 1571 indigne
985 1520 1103 1570 serre
1130 1519 1410 1570 cognoscimus,
1452 1530 1531 1555 non.

105 1585 144 1614 te
167 1590 269 1615 manc
293 1577 352 1614 ad
373 1577 592 1629 hospitium,
626 1583 667 1614 ut
686 1583 825 1628 puta-5,
859 1574 989 1612 redire
1016 1573 1174 1610 sinimus
1188 1601 1199 1621 ‚
1228 1571 1299 1609 sed
1323 1573 1366 1609 in
1393 1571 1531 1609 diver-

103 1631 207 1669 sorio
233 1630 402 1684 quodam
427 1644 512 1668 cum
538 1629 796 1682 imperatoriis
832 1629 956 1666 servis
993 1626 1094 1680 [τοῖς
1119 1623 1367 1677 βασιλικοῖς]
1408 1625 1533 1663 cibum

105 1693 264 1736 gustare
299 1683 599 1738 compellimus.”
657 1684 800 1736 Quibus
826 1682 873 1719 ob
896 1680 1236 1734 incomparabilem
1267 1681 1394 1718 cordis
1419 1678 1531 1716 dolo-

106 1752 189 1777 rem
209 1739 311 1776 nila'l
334 1738 537 1792 respondi,
567 1738 638 1776 sed
660 1750 760 1791 quae
785 1738 970 1774 iusserant
994 1735 1100 1785 jeci,
1127 1733 1329 1785 indignum
1354 1732 1533 1771 uuiti-ans

108 1805 306 1843 mensam,
333 1806 416 1846 qua
446 1806 523 1830 non
549 1792 637 1830 dico
664 1792 762 1829 ηιιἸιί
781 1789 1023 1844 Luitprando
1050 1788 1246 1841 Episcopo
1282 1787 1532 1841 [cateclaune-

106 1859 178 1884 mas
195 1874 207 1894 ‚
238 1846 336 1884 haec
363 1859 438 1885 vox
469 1846 625 1884 videtur
654 1845 860 1889 excidisse,
905 1843 975 1882 sed
1011 1843 1228 1881 necessario
1253 1839 1436 1892 requiri],
1464 1841 1536 1879 secl

107 1900 371 1951 Bulgarorum
410 1900 569 1938 mancius
607 1909 734 1938 vestro
781 1899 1040 1952 praeponitur
1065 1898 1215 1938 nuncio,
1281 1895 1364 1933 Sed
1396 1896 1532 1933 lenivit

106 1953 281 1992 dolorem
308 1968 434 1993 meum
461 1955 685 2007 Imperator
708 1962 857 1991 sanctus
893 1946 935 2006 [ὅ
968 1946 1233 2001 αὐτοκράτωρ
1265 1949 1330 1987 vel
1358 1945 1378 1986 ὅ
1410 1949 1533 1998 βασι-

107 2003 204 2054 λεὺς
233 2005 258 2046 ὅ
295 2003 434 2058 ἅγιος,
471 2008 611 2047 irridet
647 2005 841 2059 Graecos]
876 2019 1031 2044 munere
1069 2018 1209 2056 magno
1249 2003 1399 2057 [omnia
1433 2002 1533 2040 haec

107 2062 257 2104 ironioe
284 2061 425 2115 dicta]‚
454 2064 608 2101 mittens
634 2062 733 2100 mihi
758 2075 812 2098 ex
835 2059 1116 2098 delicatissinus
1139 2059 1216 2095 suis
1242 2058 1336 2097 cibis
1362 2054 1531 2106 hoedum

102 2117 287 2169 pinguem
307 2145 320 2166 ,
364 2131 420 2155 ex
454 2131 530 2170 quo
557 2119 637 2170 ipse
662 2115 904 2161 comederat,
951 2113 1047 2151 allio
1067 2141 1078 2160 ,
1119 2126 1232 2165 cepe,
1274 2112 1404 2165 porris
1431 2111 1534 2148 laute

106 2169 408 2223 uastat-cimam,
435 2185 533 2222 garo
558 2170 786 2217 delibutum,
813 2182 923 2222 quem
948 2176 1096 2205 vestrae
1122 2175 1208 2204 tunc
1237 2179 1390 2204 mensae
1412 2166 1534 2202 inesse

108 2226 270 2279 optavi,
310 2233 376 2272 ut,
422 2226 492 2278 qui
526 2224 686 2263 delicias
718 2224 843 2261 sancti
879 2221 1133 2275 Imperatoris
1174 2229 1301 2258 tantas
1346 2219 1418 2273 [ita
1444 2217 1532 2270 lego

107 2291 183 2331 pro
191 2277 372 2331 faustas]
401 2293 479 2317 esse
511 2293 589 2318 non
622 2277 775 2316 creditis
792 2306 803 2324 ‚
840 2277 978 2314 saltem
1001 2277 1059 2312 his
1078 2275 1286 2327 perspectis
1315 2273 1534 2312 crederetis.

113 2332 334 2373 Transactis
353 2346 441 2384 ergo
466 2342 550 2372 octo
588 2332 719 2371 diebus
737 2361 749 2382 ‚
791 2345 875 2368 cum
915 2330 1084 2380 Bulgari
1117 2330 1198 2365 iam
1227 2328 1396 2365 abessent
1409 2355 1421 2375 ‚
1453 2340 1531 2379 pu-

110 2394 198 2426 tans
230 2401 291 2425 me
328 2401 502 2425 mensam
539 2386 792 2439 magnificare
825 2397 948 2434 suam,
987 2385 1030 2421 in
1068 2382 1202 2420 eodem
1240 2383 1326 2420 loco
1360 2394 1422 2420 me
1440 2381 1533 2418 satis

107 2450 304 2492 aegrotum
332 2442 542 2480 convivare
567 2441 702 2492 coegit.

114 2516 119 2524 ·
191 2493 285 2548 429.
305 2495 350 2533 C.
369 2496 552 2547 antepen.
583 2493 700 2547 [74¹2
727 2490 806 2544 16.]
834 2485 902 2530 ιδ’.
945 2490 1159 2529 Aberravit
1186 2489 1339 2528 librarii
1378 2501 1533 2528 manus.

199 2577 209 2586 .
241 2550 350 2588 enim
380 2544 431 2598 ιβ’
446 2577 460 2597 ,
486 2548 615 2598 ΧΙΙ.,
646 2555 691 2586 ut
721 2561 765 2585 ex
795 2547 879 2598 ipso
908 2552 1094 2582 contextu
1126 2543 1264 2596 liquet.

217 2603 270 2645 D.
290 2601 574 2655 2.[741,19.]
609 2594 708 2639 ἄνευ
741 2599 825 2639 τῶν
862 2593 1108 2649 χλαμύδων.
1163 2598 1255 2637 Nou
1293 2596 1435 2635 licebat
1464 2609 1533 2634 co·

112 2667 199 2693 ram
237 2657 477 2710 Imperatore
517 2658 557 2694 in
599 2654 834 2707 chlamyde,
878 2660 925 2690 ut
959 2659 1068 2690 veste
1109 2651 1251 2690 extima
1278 2658 1318 2690 et
1354 2651 1534 2699 honoris,

113 2713 217 2748 stare
242 2738 256 2762 ‚
283 2711 353 2751 sed
381 2712 416 2751 si
441 2713 483 2750 in
511 2711 595 2750 eius
629 2715 882 2762 conspectum
917 2705 1156 2746 veniendum
1195 2712 1321 2758 esset,
1360 2702 1543 2758 chlamys
