1884 3132
202 137 278 178 An
306 135 602 179 cons‘rmr.
649 133 847 175 ponpa.
885 132 958 172 m:
996 130 1178 173 cmm.
1219 131 1317 170 un.
1356 131 1390 170 1.
1431 107 1544 183 359

117 242 244 280 mines
286 240 493 295 proglirent
545 245 615 287 aut
641 237 791 286 Gothi,
831 242 902 275 aut
926 235 977 275 ad
1006 235 1222 275 Gothicum
1250 247 1402 272 morem
1430 247 1541 272 com-

113 297 259 348 positi3
288 297 330 334 in
357 293 595 348 Cyclopibus
611 323 622 341 ‚
652 294 722 346 qui
746 293 909 346 Satyros
939 298 978 330 et
1005 292 1172 330 rusticos
1190 320 1202 337 ,
1234 289 1448 342 opiliones,
1471 302 1539 327 ca·-

114 349 333 403 primulgos
378 351 549 389 Graecos
587 347 797 388 referrent.
866 346 925 385 Ut
963 347 1005 384 in
1041 345 1146 385 ludis
1183 344 1361 383 Gothicis
1397 343 1540 382 licebat

114 405 296 444 convicia
324 405 367 443 in
393 404 706 451 circumstantes,
736 401 966 454 praesertim
990 401 1023 439 si
1049 402 1116 453 qui
1136 399 1369 452 rogantibus
1395 399 1539 451 stipem

111 472 194 498 non
220 459 387 509 darent,
413 471 620 512 spargere,
652 458 707 495 sic
735 456 878 496 licebat
914 469 1073 508 quoque
1105 454 1257 506 Satyris
1285 460 1324 492 et
1350 452 1538 506 Cyclopi-

111 512 203 552 bus.
259 514 413 559 Revera
438 514 589 566 origine
614 518 731 551 tenus
763 509 864 549 nihil
898 509 1133 548 differebant
1159 516 1314 562 satyrae
1340 522 1364 546 a
1392 507 1538 561 Cyclo-

106 568 254 622 pibus3
281 568 400 608 ambo
425 574 538 607 erant
562 566 648 605 ludi
674 566 880 605 rusticani.
937 564 997 604 Ut
1024 564 1168 602 urbani
1195 577 1287 602 suas
1314 563 1536 615 tragoedias

112 629 152 661 et
179 623 401 662 comoedias
430 622 657 672 habebant,
702 621 882 660 dramata
909 633 1003 659 suae
1030 620 1190 671 utrique
1215 618 1425 667 fortunae,
1459 631 1535 656 no-

46 711 51 715 .
106 676 243 716 hilion-i
267 684 308 717 et
331 676 535 726 humiliori
563 676 722 729 propria
744 690 755 714 t
799 676 855 714 sic
883 674 1084 714 habebant
1110 675 1246 712 rustici
1274 686 1433 726 quoque
1460 686 1534 712 sua

106 731 311 782 dramata,
337 745 479 784 nempe
506 730 695 784 Cyclopes
726 744 795 769 seu
821 730 983 784 Satyros
1000 759 1013 779 ,
1056 730 1125 782 qui
1165 727 1350 780 deinceps
1386 728 1532 781 satyri-

106 800 197 825 cam
221 786 358 840 poi‘sin
386 792 624 840 pepererunt
646 816 657 833 ‚
686 799 756 824 seu
783 784 901 824 ludos
927 786 1146 823 rusticanos
1173 790 1212 822 et
1238 781 1457 836 pastorales
1488 784 1530 821 in

104 839 269 880 theatris
293 841 441 880 urbicis
467 841 696 893 productos.
748 840 879 893 Satyri
906 853 986 878 non
1026 846 1140 878 erant
1171 852 1311 877 revera
1349 838 1530 890 capripe-

103 894 199 943 de8‚
238 895 309 935 sed
346 896 488 948 integri
523 895 702 934 homines
736 894 911 947 capi-illis
947 893 1116 947 pellibus
1155 893 1312 939 induti,
1357 905 1528 944 qunmm

104 963 223 989 crura
250 950 511 1004 dependentia
538 949 715 988 fabulam
755 949 806 988 de
831 949 983 1003 Satyris
1011 948 1280 1001 hircipedibus
1314 946 1526 986 dederunt.

102 1003 267 1044 Possem
284 1005 349 1044 hic
374 1005 569 1059 quaedam
585 1005 636 1044 de
651 1004 809 1044 licentia
835 1005 1020 1043 omnibus
1043 1017 1166 1057 paene
1185 1002 1392 1056 gentilium
1420 1001 1529 1040 sestis

106 1060 334 1110 communi,
370 1061 548 1099 convicia
585 1067 625 1099 et
652 1060 816 1098 dicteria
856 1060 897 1098 in
934 1059 1075 1099 obvios
1102 1071 1281 1112 quosque
1318 1056 1523 1104 iactandi,

102 1127 208 1166 quae
234 1115 354 1154 etiam
380 1129 404 1154 a
433 1114 611 1154 Gothicis
636 1114 741 1154 ludis
767 1129 846 1153 non
865 1114 1028 1162 aberat,
1059 1113 1213 1152 afferre.
1271 1112 1375 1150 Sane
1393 1112 1434 1150 in
1462 1125 1526 1151 sa-

99 1169 238 1222 tyricis
258 1168 363 1208 ludis
386 1169 575 1223 regnabat
590 1201 603 1220 ‚
631 1169 739 1209 unde
765 1170 883 1209 etiam
901 1170 1052 1208 dictum
1072 1169 1146 1207 fuit
1175 1169 1317 1220 satyris
1351 1165 1525 1219 aliquem

106 1224 325 1277 exagitare,
353 1231 394 1264 et
419 1231 643 1278 satyrarum
669 1238 814 1263 nomen
842 1239 914 1277 pro
944 1223 1197 1263 mordacibus
1224 1220 1367 1261 libellis
1384 1228 1524 1260 natum

99 1284 175 1317 est.
228 1278 307 1318 Sed
333 1278 547 1318 abduceret
573 1293 637 1318 me
662 1279 731 1318 illa
756 1293 819 1318 res
848 1280 899 1318 ab
934 1281 1128 1318 instituto.
1186 1277 1233 1316 Id
1263 1283 1422 1316 tantum
1461 1277 1523 1315 di—

101 1345 214 1381 cam,
254 1347 301 1372 ex
333 1333 412 1372 illis
447 1333 624 1374 Gothicis
663 1333 768 1373 ludis
802 1334 932 1373 adhuc
960 1334 1080 1373 hodie
1107 1346 1259 1371 morem
1286 1345 1490 1383 superesse
1507 1361 1519 1378 ‚

223 1387 390 1438 milites,
428 1390 567 1427 musici
589 1419 600 1436 ‚
644 1388 866 1427 scholastici
894 1403 986 1427 cum
1019 1390 1100 1427 suis
1129 1387 1349 1426 rectoribus
1378 1385 1522 1424 Calen—

100 1400 186 1480 ΕΟ
187 1441 380 1481 Ianuariis
405 1442 457 1480 ad
484 1443 597 1481 aedes
622 1442 924 1481 honoratiorum
951 1457 1044 1483 cum
1070 1444 1283 1495 tympanis,
1313 1440 1419 1479 tubis
1446 1439 1520 1478 ali-

98 1496 211 1549 isque
240 1496 508 1535 instrumentis
536 1498 694 1536 musicis
720 1498 938 1545 accedunt,
962 1505 1148 1546 cantant,
1188 1510 1341 1534 novum
1369 1508 1520 1532 annum

93 1550 344 1604 gratulantur
382 1557 423 1591 et
466 1552 610 1604 stipem
641 1559 796 1604 rogant.
855 1552 1025 1605 Vigebat
1051 1551 1118 1590 ille
1146 1564 1231 1588 mos
1250 1579 1261 1598 ‚
1291 1545 1364 1588 τὸν
1390 1547 1520 1598 α’γυρ-

93 1602 178 1699 ίιὲὶν
216 1605 331 1655 dieo,
372 1612 551 1659 tempore
594 1607 788 1658 Tzetzae,
825 1607 894 1660 qui
938 1605 1111 1645 Chiliad.
1152 1605 1271 1644 XIII.
1317 1617 1378 1642 vs.
1421 1601 1519 1654 248.

147 1672 192 1700 oe
217 1659 339 1699 habet
354 1674 367 1698 :

199 1709 319 1754 Ὅσοι
343 1715 435 1753 κατ’
461 1711 691 1767 ἆρχιζιιηνον
716 1711 792 1766 τὴν
812 1714 1066 1766 Ἰαννουαρίου

222 1767 319 1808 Καί
341 1769 391 1823 τῇ
413 1769 606 1819 Χριστοῦ
633 1765 818 1822 γεννήσει
846 1769 892 1808 δὲ
919 1769 993 1808 καί
1018 1769 1067 1823 τῇ
1095 1765 1246 1823 φώτων
1275 1765 1409 1822 ἡμέρᾳ

211 1819 383 1863 ‘Oudon‘
409 1823 699 1876 περιτρέχωσι
725 1821 800 1869 τὰς
827 1823 965 1875 θύρας
991 1826 1321 1876 προσαιτοῦντες.

93 1876 284 1916 Pervenit
319 1877 387 1916 ille
426 1892 512 1916 mos
554 1878 736 1930 deinceps
772 1892 796 1916 a
833 1879 994 1917 Graecis
1020 1879 1071 1917 ad
1100 1893 1173 1918 nos
1211 1886 1251 1918 et
1281 1877 1333 1916 ad
1360 1877 1518 1924 ,Russus

66 1968 70 1970 .
94 1946 279 1986 quoque,
306 1932 356 1971 de
381 1946 552 1985 quorum
579 1930 753 1986 ἀγυρμῷ
786 1931 919 1971 locum
955 1933 1169 1972 notabilem
1198 1948 1242 1973 ex
1267 1932 1371 1971 libro
1410 1931 1514 1969 Ger-

97 1987 253 2026 manico
268 2015 281 2036 ,
317 1988 386 2040 qui
414 1987 640 2025 inscribitur
669 1987 715 2025 V
709 1988 892 2026 en'indert
927 1988 1106 2026 leand
1134 1990 1276 2027 Latine
1313 1985 1514 2025 redditum

91 2041 326 2080 adscribam.
358 2041 538 2080 Habetur
554 2042 611 2080 ibi
625 2041 738 2094 p.59.
805 2042 987 2080 Calendis
1002 2043 1097 2095 {osis
1106 2044 1203 2082 novi
1214 2043 1324 2088 anni,
1339 2042 1410 2095 qui
1430 2038 1514 2077 dies

94 2095 206 2150 apud
218 2096 356 2134 Russos
378 2097 478 2134 inter
496 2098 802 2147 maz-imefistos
822 2106 879 2135 est
890 2126 902 2143 ,
941 2119 961 2126 -
978 2106 1098 2150 -post
1124 2097 1324 2136 meridiem
1352 2095 1513 2146 incipie-

94 2150 161 2189 bat
187 2150 410 2203 Imperator
436 2164 522 2188 cum
548 2152 771 2204 proceribus
794 2151 969 2190 omnibus
995 2151 1061 2199 id,
1094 2152 1201 2206 quod
1225 2152 1339 2189 Russi
1361 2150 1515 2187 slwwen

89 2205 392 2298 ἵξαζᾜαίἑὲο
416 2203 1386 2314 Ξέᾉίέἧέᾗᾙρὲἰέἱῧὲῗᾘηωᾜ
1410 2203 1514 2295 ῗᾶἳ

88 2314 301 2352 insu‘ezctum
333 2326 412 2367 per
445 2321 528 2351 octo
569 2313 652 2351 dies
682 2315 753 2353 hoc
788 2315 915 2356 modo.
970 2314 1064 2353 Duo
1099 2315 1213 2352 [tussi
1243 2312 1507 2367 praecedunt,

85 2376 273 2419 gestantes
293 2369 580 2406 instnmoenmm
591 2368 776 2418 firmum
798 2398 811 2418 ,
839 2377 1026 2423 tympano
1050 2370 1200 2416 simile,·
1228 2367 1403 2421 pistilla,
1420 2368 1508 2419 qui-

90 2421 158 2460 bus
191 2422 239 2461 id
276 2423 460 2476 pulsant,
510 2422 714 2460 hebetandi
750 2424 839 2461 soni
871 2437 989 2462 causa
1029 2437 1166 2477 panno
1200 2423 1375 2460 involuta
1405 2430 1505 2459 sunt.

90 2474 179 2514 Hos
200 2478 370 2531 sequimr
400 2476 544 2516 Czancs
573 2490 658 2514 cum
684 2485 760 2515 toto
786 2477 888 2516 clem
918 2487 957 2516 et
995 2479 1141 2529 ingenti
1171 2477 1351 2515 conu‘tatu
1387 2477 1506 2515 Cnee-

89 2542 216 2568 somm
249 2539 286 2570 et
305 2531 555 2570 Boiammm.
618 2530 716 2569 Tota
738 2540 894 2570 caterva
913 2533 1033 2570 trallisn
1055 2546 1171 2585 super
1191 2532 1316 2582 glacie
1339 2532 1406 2570 vel
1415 2532 1507 2570 nive

91 2585 243 2622 wlaitw
277 2595 316 2624 et
358 2585 416 2623 ad
451 2586 685 2638 praecipuos
725 2587 924 2638 palatinos
966 2587 1111 2624 invisit.
1172 2586 1278 2639 Quas
1314 2586 1358 2624 in
1390 2586 1503 2625 aedes

90 2639 265 2677 wnen‘nt
282 2669 294 2688 ,
319 2649 477 2680 caldam
507 2640 565 2677 ibi
598 2640 749 2677 Russice
781 2641 964 2690 hymnum
978 2658 990 2677 .·
1028 2641 1082 2678 Te
1111 2639 1242 2678 Deum
1269 2639 1472 2680 Iamlam
1488 2670 1499 2687 ‚

91 2699 129 2730 et
146 2693 390 2743 grumlmcur
407 2708 548 2734 novum
579 2708 736 2733 annum.
799 2695 943 2748 Quibus
963 2696 1088 2746 fact&
1122 2694 1255 2748 hospes
1283 2695 1407 2734 c-..aro
1422 2725 1435 2745 ,
1464 2705 1506 2734 ut
