1884 3132
317 113 432 186 496
631 132 703 174 10.
745 132 847 176 1Αο.
889 137 1082 177 Rfflsxn
1118 136 1492 183 COMMENTAuu

318 250 391 275 nec
433 234 599 276 meliora
642 238 804 278 edoctus
835 239 972 291 fuero,
1013 255 1155 294 nempe
1187 239 1285 289 τούς
1325 243 1654 297 Σαφραμέντους
1687 261 1739 288 ve

317 290 622 343 Σαφραμὲντας
659 292 898 347 [supponam
929 310 1067 335 vocem
1108 299 1260 350 generis
1292 298 1500 338 masculini
1529 300 1633 356 esse]
1657 316 1755 342 eos-

317 345 408 384 dem
426 359 524 398 esse‚
543 354 661 400 atque
690 348 788 395 τοὺς
815 348 1117 404 Σαφρομάτους
1143 351 1207 390 vel
1234 349 1534 405 Σαυρομάτους
1570 364 1609 394 et
1645 356 1755 396 Σαυ-

316 398 513 453 ρομάτας.
567 403 707 443 Fuisse
734 412 868 444 autem
895 406 1148 445 Sauromatas
1172 422 1196 445 a
1223 409 1382 447 Graecis
1410 422 1484 462 pro
1511 410 1754 452 mulionibus

316 455 538 506 adhibitos,
571 458 614 496 id
637 459 797 499 deberet
845 475 888 500 ex
928 461 1077 500 idoneis
1109 463 1341 502 auctoribus
1370 463 1646 506 demonstrari.
1674 466 1752 506 Co-

317 523 440 575 gitavi
468 523 698 577 aliquando,
728 534 878 566 essetne
907 542 981 566 vox
1007 527 1058 566 ab
1075 527 1249 567 Arabico
1266 526 1356 584 juo
1390 531 1552 585 plez-uit
1565 532 1710 583 fimem
1737 562 1749 581 ‚

317 578 474 628 loram,
498 594 579 618 non
609 580 650 619 in
675 582 922 632 rotundum,
954 583 1024 621 sed
1058 585 1099 621 in
1136 584 1287 635 latum,
1317 599 1396 638 quo
1426 599 1520 624 casu
1554 587 1751 639 significa-

316 640 378 671 ret
404 633 726 675 saframentarius
749 639 964 676 restionem.
1028 638 1101 677 Est
1121 652 1214 677 sane
1245 641 1485 687 resfionum,
1515 642 1751 693 praesertim

315 690 578 729 coriariorum
619 691 788 746 (Sattler.
815 693 1059 746 appellamus
1077 724 1087 741 ‚
1117 693 1263 733 Franci
1293 696 1424 734 sellier·
1449 695 1625 750 dicunt‚)
1666 710 1752 736 ma-

317 757 418 796 gnus
443 759 537 784 usus
557 747 600 784 in
639 748 822 786 exercitu.
852 749 958 787 Infra
990 763 1148 802 quoque
1191 764 1231 802 p.
1255 749 1349 800 284.
1384 751 1431 789 Β.
1460 749 1505 802 4.
1564 751 1754 791 dicuntur

316 799 616 840 Saframentarii
648 816 770 855 equos
807 803 1005 857 caligasse.
1073 804 1194 854 Quod
1219 819 1314 844 sane
1347 806 1497 859 optime
1515 807 1558 844 in
1580 814 1752 847 sartores

316 852 482 894 lorarios
525 857 753 910 quadraret.
821 859 899 897 Sed
932 873 1013 897 non
1041 860 1157 898 video
1177 890 1188 907 ‚
1227 860 1334 899 unde
1370 861 1598 900 terminatio
1619 861 1751 911 μέντοι

315 916 356 948 et
378 909 591 964 μεντάριοι
633 915 802 953 venerit.

427 966 530 1006 C.3.
559 965 674 1021 [459,
698 969 755 1021 9.]
801 967 884 1008 τῶν
923 967 1137 1021 τεσσάρων
1179 964 1406 1020 Κομήτων.
1463 968 1748 1023 Intelliguntur

315 1034 448 1060 comes
485 1022 799 1073 scholariorum,
838 1024 1109 1062 excubitorum
1128 1053 1139 1074 ‚
1186 1023 1463 1062 hicanatorum
1503 1032 1542 1063 et
1568 1024 1745 1066 arithmi.

314 1070 467 1127 Κύμης
493 1084 625 1116 autem
656 1079 779 1117 Leoni
829 1079 868 1117 in
895 1080 1066 1118 Tacticis
1095 1086 1154 1118 est
1191 1074 1212 1116 ὅ
1257 1078 1334 1118 τοῦ
1371 1072 1463 1125 ἑνὸς
1488 1077 1695 1132 τάγματος
1718 1073 1747 1134 ἢ

313 1126 469 1181 βάνὸου
499 1127 801 1185 ἀφηγούμενος.

423 1186 468 1229 C.
488 1186 526 1237 4.
541 1188 655 1241 [459,
683 1187 766 1242 ιο.]
803 1185 1041 1239 νομίσματα
1058 1187 1159 1240 ruff.
1177 1188 1314 1227 Nescio
1329 1202 1409 1241 quo
1426 1202 1559 1228 errore
1577 1196 1616 1228 et
1629 1189 1746 1228 inad-

313 1243 509 1280 vertentia
537 1244 579 1280 in
600 1244 784 1282 Latinam
814 1245 1181 1296 interpretationem
1208 1257 1398 1282 numerus
1420 1243 1515 1294 524.
1545 1245 1747 1297 irrepserit

313 1309 387 1348 pro
418 1298 508 1337 522.
535 1297 639 1336 Nolo
665 1313 728 1337 me
757 1300 799 1337 in
823 1301 1018 1338 rationem
1047 1299 1229 1338 litrarum
1261 1306 1300 1338 et
1322 1299 1608 1337 numismatum
1624 1307 1664 1339 et
1688 1301 1747 1339 rei

314 1354 561 1391 nummariae
587 1354 833 1392 Graecorum
858 1356 1078 1393 recentium
1100 1355 1327 1393 immittere.
1379 1353 1528 1392 Vastus
1546 1353 1614 1393 ille
1639 1368 1747 1393 cam-

313 1419 387 1458 pus
413 1414 472 1446 est
493 1415 533 1446 et
563 1408 707 1462 ingenii
749 1411 896 1463 otiique
929 1424 1009 1448 non
1042 1411 1134 1448 mei.
1188 1408 1328 1447 Saltim
1364 1407 1407 1447 id
1439 1408 1610 1447 monebo
1645 1423 1747 1462 pau-

311 1462 380 1508 cis,
417 1461 551 1501 litram
577 1465 665 1503 auri
693 1466 933 1504 numismata
948 1479 1017 1504 seu
1042 1465 1187 1504 solidos
1222 1477 1364 1502 aureos
1391 1462 1457 1517 74.
1492 1464 1746 1504 continuisse.

312 1516 413 1555 Nam
453 1517 519 1572 74.
541 1524 682 1571 quater
714 1520 895 1559 additum
929 1520 1046 1559 efficit
1075 1520 1170 1575 296.
1236 1518 1404 1571 Reliqua
1431 1532 1524 1571 ergo
1551 1526 1645 1557 sunt
1666 1533 1746 1558 nu-

313 1573 496 1612 mismata
524 1574 606 1624 26„
631 1589 734 1628 quae
776 1576 884 1628 quod
919 1583 1090 1628 quatuor
1133 1575 1232 1614 litris
1256 1575 1364 1613 deest
1389 1573 1441 1612 ad
1471 1573 1747 1627 complendam

313 1641 508 1667 summam
535 1630 631 1668 522.
656 1632 940 1669 numismatum
1005 1630 1202 1683 supplent.

423 1684 471 1722 C.
494 1698 535 1738 9.
563 1684 676 1738 [459,
721 1684 796 1739 ι5.]
835 1682 886 1725 τὰ
933 1684 1177 1737 ΙΙἸαλάγινα.
1245 1685 1438 1723 Recurret
1461 1681 1669 1735 aliquoties
1702 1683 1743 1723 in

313 1737 390 1777 hoc
417 1739 580 1778 Tactico
611 1741 760 1781 mentio
788 1740 934 1780 stabuli
957 1743 1053 1794 regii
1080 1740 1130 1779 ad
1157 1739 1369 1793 Malagma.
1424 1739 1621 1776 Memorat
1645 1737 1747 1777 illud

312 1820 472 1859 quoque
508 1806 767 1859 Geographus
799 1806 1012 1846 Nubiensis
1052 1821 1091 1860 p.
1119 1805 1212 1859 287.
1230 1835 1242 1857 ,
1269 1804 1339 1843 ubi
1369 1803 1444 1858 leg·
1460 1792 1606 1848 &eb-‘03
1645 1805 1742 1856 (⁰011

350 1908 370 1916 ..
423 1861 479 1966 C.>
499 1941 557 1966 10.
587 1926 698 1981 [459,
728 1927 808 1982 ι4.]
844 1922 974 1979 κόμης
1009 1926 1086 1966 τοῦ
1125 1923 1319 1975 στάβλου.
1392 1922 1499 1976 Ergo
1530 1925 1610 1986 iam
1639 1923 1745 1962 Con-

313 1984 476 2021 stantini
508 1990 547 2021 et
582 1984 727 2022 Leonis
776 1991 954 2035 tempore
994 1982 1155 2020 fuerunt
1194 1980 1356 2018 comites
1396 1977 1572 2028 stabuli,
1614 1992 1744 2031 neque

314 2038 475 2076 demum
504 2052 526 2076 a
551 2037 717 2077 Francis
745 2039 786 2076 in
814 2040 1007 2076 orientem
1045 2049 1177 2075 sacrae
1206 2034 1369 2072 militiae
1421 2047 1549 2096 causa·
1573 2034 1743 2072 tenden-

312 2092 420 2131 tibus
460 2093 606 2131 invecti
649 2099 688 2131 et
714 2093 763 2131 ad
791 2093 962 2131 Graecos
993 2091 1196 2145 propagati
1222 2097 1401 2141 tempore
1423 2088 1551 2127 Alexii
1572 2088 1743 2127 Comne-

312 2148 378 2196 ni,
409 2148 516 2200 quod
543 2147 630 2187 vult
659 2148 781 2187 Goar.
813 2148 863 2186 ad
891 2147 1033 2186 Codin.
1058 2162 1098 2199 p.
1123 2144 1187 2196 24.
1212 2146 1301 2183 init.
1520 2197 1528 2206 ⁸
1549 2198 1557 2206 ¹

421 2204 476 2241 D.
499 2216 538 2241 2.
573 2202 687 2256 [459.
716 2202 796 2256 16.]
826 2200 1136 2255 σφραγίζονται.
1194 2200 1253 2238 Ita
1292 2212 1450 2252 quoque
1475 2197 1619 2236 mihtes
1647 2211 1743 2236 cau-

312 2258 459 2296 terium
488 2259 529 2295 in
561 2271 683 2296 manu
723 2257 993 2310 accipiebant,
1034 2263 1072 2294 et
1113 2255 1162 2293 de
1194 2253 1351 2307 Scythis
1383 2255 1562 2292 Romano
1588 2251 1671 2291 solo
1703 2259 1743 2291 et

313 2313 354 2351 in
403 2313 636 2351 servitutem
678 2314 844 2365 receptis
881 2311 1017 2351 scribit
1051 2311 1262 2373 Eunapius'
1296 2311 1337 2347 in
1378 2308 1563 2372 Effcerpt.
1602 2308 1741 2360 Legat.

315 2366 488 2405 Hoesch.
519 2382 559 2419 p.
586 2381 647 2405 12.
675 2364 713 2405 οἱ
739 2367 893 2406 οἰκέται
926 2362 1121 2416 βασιλικὰ
1149 2377 1377 2415 παρασημα
1405 2374 1578 2413 εχοντες,
1633 2416 1640 2423 .

421 2422 475 2459 D.
496 2422 536 2460 5.
563 2421 672 2476 [459³
699 2421 779 2475 17.]
809 2416 1035 2467 καπούλας.
1092 2420 1156 2458 Sic
1184 2418 1352 2458 efferunt
1380 2417 1474 2456 novi
1503 2415 1642 2454 Graeci
1657 2429 1741 2478 'pro

314 2473 562 2522 σκαποὺλας.
621 2467 694 2514 Est
714 2479 820 2515 enim
848 2477 940 2529 ipsis
970 2478 1009 2515 in
1039 2489 1150 2513 more
1184 2475 1356 2527 positum
1384 2484 1410 2510 σ
1431 2468 1581 2508 initiale
1602 2469 1741 2509 abiici-

315 2530 428 2579 endi,
457 2530 527 2568 ubi
559 2533 802 2583 requiritur,
834 2539 872 2570 et
914 2530 983 2569 ubi
1018 2544 1099 2568 non
1152 2543 1249 2582 opus
1295 2538 1529 2587 neque'mos
1553 2531 1638 2574 est,
1666 2524 1739 2563 ad-

315 2584 446 2625 dendi.
518 2586 627 2624 Infra
664 2601 700 2639 p.
721 2600 812 2640 299.
833 2587 876 2626 C.
893 2585 933 2625 6.
977 2592 1033 2624 est
1078 2580 1231 2633 κάμνον
1256 2595 1328 2634 pro
1359 2591 1551 2641 σκαμνον.
1574 2631 1587 2644 ἲ
1612 2579 1736 2646 qud

315 2639 484 2676 Mauric.
511 2639 678 2693 Strateg.
723 2642 757 2679 I.
794 2655 832 2679 2.
861 2638 1030 2678 καπλιόν
1053 2669 1062 2686 ,
1093 2638 1314 2692 scapulare,
1342 2633 1503 2672 cucullzo
1522 2663 1531 2679 ‚
1567 2647 1741 2696 sumptiq-

316 2691 467 2730 Similia
494 2695 690 2740 permulta
735 2695 856 2735 habet
890 2695 956 2732 Du
985 2695 1119 2745 Cange
1145 2692 1209 2729 Gl.
1237 2692 1307 2728 Gr.
1327 2717 1338 2738 ,
1356 2687 1620 2750 utuxayn‘hwg
1664 2702 1739 2740 pro

317 2745 547 2800 σκαρθμὸς,
576 2750 782 2800 subsultim,
806 2743 1208 2803 πιθάμη,ερι“ε1ιαιηα,
1237 2756 1476 2795 καμπιουσα
1504 2756 1578 2797 pro
1606 2755 1738 2794 σκαμ-
