1826 3126
821 47 857 88 ο

264 140 339 207 24
538 159 613 200 10.
657 158 762 198 1Ac.
802 157 998 197 RfflsKn
1043 155 1435 205 COMMENTARn-

263 256 338 302 καὶ
363 257 619 300 λεπτοτάτων
646 258 870 312 ψηφίδων,
901 253 1123 312 διαφόρων
1151 258 1297 298 α’νθῶν
1319 258 1538 312 α’ρτιφυῶν
1562 256 1721 312 χροιὰς

261 314 550 366 μιμουμένων.
597 311 646 354 αἵ
669 313 799 365 μέσαι
828 314 917 353 ταῖν
947 309 1185 353 ὲλικοειδῶν
1212 314 1464 364 συμπλοκῶν
1489 312 1721 368 περικλειό-

262 383 390 421 μεναι
418 369 490 409 καί
527 369 578 422 τῇ
605 368 808 408 συνθέσει
848 364 1216 422 διαμορφούμεναι
1254 365 1300 408 τὸ
1332 363 1583 421 ἀσύγκριτον
1611 367 1718 409 α’πο-

263 425 476 479 φέρονται.
535 421 705 479 α’ργύρῳ
733 424 858 463 τοῦτο
885 422 1151 476 ἐστεφάνωσε
1179 419 1253 463 καί
1279 421 1396 476 δίκην
1425 417 1600 476 ἄντυγος
1628 422 1720 464 τοῦ·

262 492 311 519 το
339 475 577 530 περιλαβών
611 484 695 526 τοῖς
734 474 888 531 ὁρῶσιν
918 477 1142 531 ἀκόρεστον
1171 475 1417 531 ἑπεχορὴγει
1444 475 1520 531 τὴν
1556 478 1721 531 τέρψιν.

261 535 329 577 Sic
357 533 491 573 saltim
522 534 573 573 ad
593 535 886 574 Grammaticae
915 534 1020 587 leges
1050 542 1089 573 et
1106 541 1151 572 ut
1174 548 1312 573 sensus
1339 536 1493 587 integer
1517 542 1721 588 emergat,

263 590 589 629 constituendum
613 604 697 629 esse
714 590 847 628 locum
865 591 1046 628 existimo
1065 619 1076 640 ‚
1107 591 1271 643 eiusque
1297 589 1405 628 hunc
1433 603 1516 628 esse
1542 604 1719 630 sensum.

268 645 435 700 Oportet
460 660 562 685 nunc
588 646 638 684 de
670 646 977 696 Clzrysotriclino
1006 659 1228 700 exponere,
1274 660 1387 700 quem
1415 645 1610 684 Dominus
1638 647 1722 697 fa-

264 700 450 740 hricandi
473 701 736 740 dexterrimus
763 701 891 753 effecit
917 715 995 739 esse
1022 701 1131 739 velut
1156 709 1359 739 scatentem
1372 699 1547 755 floribus
1573 709 1612 739 et
1636 715 1721 740 sua-

263 757 372 796 viter
393 757 652 808 fiagrantem
692 757 845 795 hortum
885 770 1084 804 rosarum,
1134 756 1417 795 varicoloribus
1443 764 1482 794 et
1507 755 1722 795 admodum

264 811 460 850 subtilibus
506 812 654 850 tessulis
698 812 845 850 colores
885 812 1130 850 diversorum
1156 810 1313 866 florum
1351 811 1475 849 ‘veluti
1513 812 1722 850 recentium

265 867 528 915 imitantibus3
566 881 667 921 quae
694 868 856 905 tessulae
883 867 1038 905 mediae
1065 867 1297 921 interceptae
1324 875 1361 904 et
1387 866 1587 906 conclusae
1613 880 1641 904 a
1666 868 1723 905 si-

265 923 395 963 nuosis
431 922 616 976 plexibus
653 936 853 960 ramorum
888 932 924 961 et
963 923 1255 962 innumerarum
1289 922 1464 976 partium
1507 922 1590 960 arti
1638 923 1724 961 iosa

265 979 539 1032 compositione
566 978 625 1016 ad
649 979 905 1016 imitationem
926 976 1083 1032 florum
1123 979 1390 1029 conformatae
1423 991 1576 1016 omnem
1616 991 1723 1015 com-

260 1034 513 1089 parationem
540 1033 747 1072 excedunt.
805 1033 897 1072 Hoc
930 1032 1031 1087 [non
1064 1032 1427 1086 Chrysotriclinum
1443 1062 1454 1084 ,
1484 1031 1555 1071 sed
1589 1028 1636 1071 τὸ
1660 1027 1724 1084 ἔρ-

266 1101 340 1140 γον
359 1118 370 1140 ‚
400 1102 501 1141 opus
529 1088 769 1142 musivum‚]
799 1090 1003 1128 coronavit
1029 1098 1188 1141 argento
1201 1118 1213 1138 ‚
1245 1098 1284 1127 et
1308 1089 1416 1126 velut
1441 1088 1586 1126 circulo
1613 1101 1720 1126 com-

259 1144 432 1201 plexus,
463 1145 641 1182 exhibuit
665 1146 920 1198 spectantibus
947 1145 1204 1199 spectaculum
1231 1143 1465 1183 insatiabilis
1492 1143 1720 1198 voluptatis.

269 1199 479 1237 concludo
502 1213 547 1238 ex
564 1199 626 1237 his
643 1200 776 1238 verbis
793 1230 804 1250 ‚
834 1201 1110 1253 pavimentum
1135 1198 1430 1252 chrysotriclini
1452 1198 1573 1237 fuisse
1600 1212 1725 1250 opere

268 1255 428 1294 musivo
447 1268 516 1293 seu
542 1254 727 1293 tes'selato
752 1255 900 1294 factum
915 1285 927 1306 ,
957 1256 999 1292 in
1017 1269 1097 1307 quo
1126 1256 1227 1294 varii
1252 1254 1396 1294 coloris
1412 1260 1452 1292 et
1477 1253 1722 1306 magnitudi-

269 1312 333 1354 nis
352 1309 478 1362 lapilli
494 1311 605 1349 varie
623 1312 833 1363 compositi
850 1310 965 1350 ssores
991 1310 1185 1349 referrent
1197 1340 1208 1360 ‚
1239 1311 1309 1364 qui
1340 1310 1501 1348 discreti
1523 1310 1724 1348 intercur-

268 1365 452 1406 rentibus
468 1366 588 1404 ramis
605 1366 795 1406 arborum
814 1373 852 1405 et
878 1367 920 1404 in
939 1365 1085 1405 multas
1102 1365 1254 1404 areolas
1272 1365 1448 1404 distincti
1474 1364 1638 1403 tandem
1655 1378 1723 1403 ar-

272 1428 416 1473 genteo
432 1421 582 1460 circulo
611 1422 1060 1474 comprehenderentur.
1120 1421 1267 1460 Adhuc
1283 1421 1325 1461 id
1344 1427 1441 1460 noto
1462 1450 1474 1470 ‚
1502 1419 1724 1459 triclinium

274 1477 319 1515 in
350 1475 427 1514 hoc
459 1475 563 1516 libro
597 1484 636 1516 et
668 1478 899 1531 Byzantinis
929 1477 1198 1529 Scriptoribus
1231 1491 1314 1515 non
1340 1476 1383 1516 id
1409 1475 1518 1528 quod
1541 1475 1725 1526 Latinis,

273 1546 358 1573 non
391 1531 581 1572 conclave
599 1561 610 1582 ‚
655 1532 914 1572 coenaculum
930 1563 941 1585 ,
986 1533 1159 1572 diaetam
1175 1563 1186 1584 ‚
1232 1533 1305 1572 sed.
1332 1538 1464 1571 totum
1497 1530 1726 1571 aedificium

273 1587 393 1643 plura
430 1587 636 1627 conclavia
668 1588 934 1641 complectens
961 1588 1182 1642 significare
1196 1617 1208 1640 ‚
1252 1587 1376 1627 verbo
1409 1586 1605 1640 palatium
1618 1615 1630 1636 ‚
1675 1593 1724 1626 ut

273 1649 386 1699 patet
417 1657 439 1682 e
468 1643 614 1696 Script.
648 1651 739 1697 post
772 1643 956 1697 Theoph.
983 1659 1026 1698 p.
1047 1643 1116 1697 89.
1136 1643 1191 1683 A.
1219 1657 1254 1683 ι.
1286 1657 1375 1696 sqq.
1395 1649 1434 1682 et
1451 1656 1516 1697 91.
1533 1642 1580 1680 B.
1602 1641 1644 1681 6.
1684 1648 1725 1680 et
1773 1650 1782 1656 ·

276 1699 365 1740 aliis
382 1698 518 1737 multis
546 1699 658 1738 locis.
716 1699 783 1738 Au
810 1709 903 1738 tems
930 1700 979 1738 de
1007 1699 1052 1738 S.
1083 1699 1202 1738 Louis
1228 1708 1267 1739 et
1293 1700 1487 1752 beaucoup
1514 1696 1663 1738 devant
1688 1697 1728 1735 le

275 1763 358 1796 mot
382 1754 432 1792 de
459 1754 549 1794 Sale
574 1755 758 1808 szgnificit
779 1756 937 1808 puluis,
966 1770 1040 1794 une
1065 1755 1216 1807 grande
1243 1755 1394 1793 maison
1421 1753 1478 1791 ait
1504 1752 1573 1790 Du
1589 1751 1725 1804 Cange

278 1811 331 1850 ad
360 1809 544 1848 Ioinville
561 1825 603 1863 p.
626 1801 719 1860 αἵτε).
755 1810 870 1848 Conf.
893 1810 997 1849 idem
1018 1809 1084 1850 Gl.
1102 1809 1173 1848 lat.
1189 1824 1236 1849 v,
1264 1809 1381 1848 Sala.
1438 1808 1524 1846 Iam
1541 1805 1724 1846 Ammia-

276 1867 321 1908 ni
339 1865 560 1904 Marcellini
581 1873 708 1905 aetate
725 1866 972 1905 consuevisse
988 1865 1207 1904 triclinium
1223 1878 1296 1917 pro
1322 1862 1516 1902 tribunali
1532 1890 1544 1912 ,
1574 1861 1637 1902 vel
1651 1876 1724 1916 pa-

279 1920 375 1962 latio
391 1921 485 1971 diei,
504 1929 657 1960 constat
673 1936 717 1960 ex
736 1922 819 1960 eius
837 1922 887 1959 L.
899 1922 1012 1968 XV„
1032 1920 1102 1958 ubi
1121 1922 1337 1958 ministrum
1365 1920 1532 1959 triclinii
1545 1919 1724 1957 rationa-

280 1978 331 2015 lis
359 1984 567 2018 memorat.
626 1977 711 2019 Imo
728 1976 881 2017 dudum
899 1984 990 2015 ante
1007 1975 1119 2015 illum
1135 2004 1146 2025 ‚
1176 1989 1197 2014 e
1214 1975 1300 2013 Ser.
1322 1975 1378 2014 H.
1399 1974 1510 2028 Aug.
1526 1986 1618 2038 pag.
1633 1971 1732 2023 648.

282 2032 323 2071 5.
342 2040 464 2085 patet.
522 2031 645 2085 Apud
677 2033 869 2071 Nostrum
899 2031 1048 2085 ubique
1065 2027 1088 2069 ὅ
1119 2027 1348 2082 τρίκλινος,
1376 2044 1460 2069 non
1490 2042 1539 2068 το
1569 2026 1730 2079 τρίκλι-

281 2101 379 2137 νον,
410 2102 538 2141 neque
571 2086 792 2140 τρικλίνων
823 2087 972 2127 inveni.
1028 2085 1201 2125 Videtur
1234 2084 1350 2138 κλίνη
1383 2086 1425 2124 in
1457 2084 1534 2123 hac
1566 2096 1729 2135 compo-

280 2143 423 2182 sitione
464 2145 568 2182 idem
615 2150 734 2196 atque
765 2141 887 2194 στέγη
927 2142 1145 2195 significare
1161 2170 1172 2191 ‚
1217 2140 1443 2194 τρίκλινον,
1486 2136 1728 2193 τρίστεγον,

281 2201 399 2238 trium
425 2199 752 2252 contignationum
779 2198 1001 2255 aedificium
1019 2226 1031 2250 ,
1075 2197 1228 2237 etiamsi
1260 2196 1494 2251 pauciorum
1529 2201 1600 2235 aut
1634 2192 1728 2247 plu-

282 2254 388 2294 rium
420 2261 534 2293 esset.
913 2296 915 2298 ,

391 2309 432 2360 4.
450 2310 504 2348 Α.
525 2324 566 2363 9.
587 2308 649 2363 [5‚
673 2307 756 2364 ¹9·]
798 2309 870 2363 τῆς
889 2306 1172 2361 καθημερινῆς
1199 2302 1497 2360 προελεύσεως.
1527 2304 1594 2344 De
1609 2304 1731 2359 quoti-

281 2363 407 2403 diana
413 2367 658 2418 processione
674 2380 743 2404 seu
761 2371 960 2405 conventu
975 2378 1185 2416 procerum
1197 2364 1237 2402 in
1251 2363 1384 2403 aulam
1399 2361 1556 2401 dicendi
1567 2358 1732 2397 uberior

282 2420 358 2458 erit
382 2419 492 2458 locus
519 2421 570 2459 ad
596 2420 687 2459 libri
711 2421 873 2460 secundi
900 2421 1074 2473 primum
1094 2425 1236 2472 caput,
1266 2418 1337 2456 ubi
1354 2418 1454 2456 ritus
1469 2423 1510 2457 et
1524 2415 1628 2468 leges
1644 2414 1731 2452 eius

282 2482 552 2526 exponuntur.
611 2476 687 2515 Hic
717 2476 915 2516 suffecerit
946 2481 1138 2514 annotare
1156 2503 1168 2524 ‚
1207 2488 1295 2513 eam
1326 2471 1580 2526 repetendam
1595 2483 1677 2508 esse
1705 2483 1732 2509 a

278 2537 461 2569 veterum
495 2530 665 2570 Roman.
704 2533 785 2571 ritu
804 2563 815 2582 ‚
844 2546 925 2585 quo
949 2544 1090 2582 nempe
1116 2529 1278 2567 clientes
1302 2535 1563 2582 patronorum
1591 2524 1732 2566 limina

123 2580 238 2620 Ed.L.
252 2583 400 2624 8mane
438 2586 689 2639 frequentare
719 2587 900 2627 solebant
915 2615 927 2637 ,
966 2599 1085 2639 quem
1114 2585 1231 2636 primi
1267 2585 1526 2636 Imperatores
1558 2579 1732 2622 Romani

283 2654 444 2693 quoque
477 2656 522 2680 ex
554 2643 678 2680 veteri
712 2657 822 2682 more
853 2641 964 2682 velut
987 2640 1181 2679 amicitiae
1210 2639 1534 2692 significationem
1551 2635 1730 2674 retinue-

284 2703 381 2734 runt
397 2725 408 2744 ‚
438 2703 478 2735 et
506 2697 629 2735 secuti
657 2711 840 2750 processu
857 2697 1044 2750 temporis
1060 2696 1101 2734 in
1117 2695 1222 2747 leges
1238 2701 1278 2733 et
1303 2693 1544 2732 ceremonias
1569 2689 1730 2752 religio-

284 2765 346 2791 sas
372 2751 487 2793 aulae
511 2760 746 2807 receperunt
764 2783 776 2803 ,
805 2768 903 2809 quas
927 2751 1109 2793 omittere
1134 2764 1254 2791 nemo
1277 2749 1388 2792 salvo
1405 2747 1517 2790 cultu
1534 2745 1731 2800 Princnpxs.
