1884 3132
202 194 277 236 An
324 192 621 235 coNs'rm.
658 193 855 233 ponpa.
895 191 967 231 nn
1005 190 1187 232 cmm.
1227 190 1324 230 Lm.
1352 191 1406 230 11.
1446 161 1557 244 ¹723

127 297 261 338 locum
298 296 467 360 dignum
495 303 554 335 est
592 303 637 335 ut
665 295 876 335 illustrem.
934 294 1004 334 Ait
1030 293 1101 339 ibi,
1130 293 1241 355 quod
1275 293 1385 331 Leon
1408 292 1563 330 Phocas

125 347 405 403 Απολασιὶηρ,
438 346 571 403 ἄνδρα
600 351 799 403 ἐπ”σνμον
827 363 898 388 και
936 349 1012 388 τοῦ
1043 345 1225 397 Χαβὸὰν
1253 348 1455 398 σι3υ3ενῆ,
1486 343 1564 386 σὺν

128 404 287 459 ἄπείρω
317 405 469 456 ulf-‘kt
497 402 598 444 κατὰ
623 404 839 454 Ῥωιιαίων
856 398 1076 450 ἐξελθόντα
1105 399 1363 465 τρεψάμενος
1389 416 1458 439 και
1488 415 1566 438 κα-

124 458 293 510 marui»
318 458 363 499 ἐν
398 461 451 514 τῇ
479 444 922 499 Κωισταντινουπόλει
960 455 1176 495 ἀπέστειλε
1218 479 1275 486 -
1302 452 1350 494 ὃν
1377 454 1563 506 ἀχθέντα

126 511 234 566 πρός
262 510 338 577 τὴν
362 501 561 564 βασιλίδα
579 543 591 564 ,
622 510 643 552 ὃ
666 509 861 562 βιιοιλεύς
892 512 1203 574 Κωισταιτῖνος
1230 509 1378 549 τοῦτον
1403 510 1564 561 &usau-

124 569 199 619 βον
235 563 412 620 ποιήσας
456 582 524 606 και
556 563 660 606 κατιὶ
689 568 766 606 τοῦ
791 561 1002 618 τραχνλου
1034 562 1225 616 πατέσας
1252 569 1394 615 τιμαῖς
1420 578 1463 604 τε
1493 580 1562 604 και

124 622 304 675 δωρεαῖς
330 618 705 676 ἐφιλοφρονήσατο.
752 623 842 701 Qui
870 621 935 660 hic
964 626 1301 659 commemoratur
1328 615 1563 659 Ἀπολασά-

127 681 471 758 wando-⁴>
514 698 574 744 oe
624 666 776 763 eve-*³2
828 696 887 742 u?
934 665 1561 742 ὲειῂωὲ-εωώῐκῐ,

127 753 251 807 q'uem
281 753 485 792 laudatum
515 754 668 806 reperio
693 755 733 793 in
763 752 1007 792 culminibus
1033 751 1072 790 al
1100 750 1365 790 Motanabbii.
1422 751 1565 790 Elma-

125 809 238 848 ciuus
265 822 307 862 p.
328 823 420 863 229.
473 809 550 847 hoc
581 811 712 887 ipsum
752 809 900 847 factum
935 814 1098 855 narrat,
1137 814 1176 845 et
1217 807 1350 845 virum
1391 806 1564 859 appellat

126 865 263 922 ‘'U-«Ml
295 874 414 918 ..itm
446 867 556 918 mu
589 854 718 930 Unci>
750 883 867 929 0?
857 864 1004 914 ..ιὶωαῖἲ
1041 864 1087 904 bi
1122 873 1255 925 aitque
1282 886 1376 911 eum
1405 872 1531 911 CPh
1522 887 1564 911 ιιι

125 940 359 993 captivitate
401 942 576 1004 periisse.
634 941 736 979 Tam
779 939 965 1001 frequens
992 945 1078 977 erat
1106 937 1172 976 ille
1200 952 1287 977 mos
1314 938 1564 977 devictorum

126 994 303 1034 hostium
341 998 513 1034 cervices
541 995 742 1038 calcandi.
790 1002 835 1032 ut
863 995 981 1033 etiam
1006 994 1097 1059 priv
1102 994 1155 1031 ati
1184 1007 1277 1046 erga
1304 994 1481 1046 privatos
1508 995 1564 1032 sie

126 1057 303 1103 agerent.
369 1051 429 1088 lta
459 1059 594 1090 narrat
627 1039 890 1116 Theophanes
932 1063 973 1101 p.
1006 1049 1101 1102 5-2.
1124 1048 1166 1086 B.
1204 1047 1255 1085 de
1301 1048 1565 1086 Constantino

126 1104 527 1170 pseudopatriarcha:
559 1102 751 1151 εἱθόντος
779 1103 909 1143 acron?
937 1104 982 1142 ἐν
1020 1106 1106 1148 τοῖς
1132 1098 1309 1152 δνμοις,
1352 1101 1566 1153 καθνλθυν

128 1156 205 1198 καὶ
230 1157 457 1198 ἐνέπτυσαν
483 1159 556 1198 καί
581 1155 690 1198 κόνει
718 1154 967 1222 επέᾷῥιπτον
987 1155 1043 1203 εἰς
1068 1153 1211 1195 αιῗτιῖν.
1258 1156 1489 1207 ἐνέγκαντες
1518 1156 1566 1195 δὲ

128 1209 260 1252 αὐτὸν
286 1212 346 1259 εἰς
380 1211 426 1252 τὸ
472 1212 609 1263 στάμα
649 1211 834 1266 ἔρριψαν
861 1207 916 1251 αὖ
922 1209 993 1250 τὸν
1020 1211 1065 1251 ὲκ
1091 1211 1165 1250 τοῦ
1194 1203 1288 1250 ὅνου
1318 1225 1386 1249 και
1415 1208 1568 1262 ἐπάτη-

127 1281 210 1306 σαν
236 1265 304 1306 τὸν
332 1263 538 1320 τράχηλον
582 1267 712 1307 αὐτοῦ
745 1275 836 1307 etc.-
810 1297 836 1317 .‚
870 1268 966 1305 item
993 1281 1031 1319 p.
1048 1264 1143 1317 442.
1162 1266 1239 1304 A.:
1272 1259 1311 1316 ἦ3
1315 1261 1424 1316 αγόν
1451 1278 1588 1311 τινας.

128 1321 434 1372 μητροπολίτας
472 1337 539 1361 και
580 1317 828 1368 ἐπισκόπους
882 1321 962 1360 τῶν
1023 1318 1262 1385 ὀρθοόόξων
1310 1321 1567 1381 τυραννικῶς

127 1373 352 1425 σύροντες,
403 1372 602 1441 ῥήξαντες
630 1376 673 1415 ἑν
705 1376 817 1430 μέοτρ
845 1375 916 1425 τῆς
942 1374 1163 1438 λῃστρικῆς
1191 1371 1333 1412 αὐτῶν
1358 1357 1566 1423 συνόδου,

129 1427 365 1492 ἑπάτησαν,
395 1427 468 1468 καί
494 1415 807 1493 παραδόσαντες
834 1426 988 1474 αὐτοὺς
1022 1442 1107 1474 τοις
1133 1426 1409 1477 στρατιώταις
1439 1425 1567 1477 αὶιια-

130 1481 368 1536 τοφυρτοὺς
396 1480 506 1536 ἀπὴ3
508 1499 605 1535 αγον
632 1499 690 1531 εις
718 1481 794 1530 τὰς
822 1480 1026 1537 φυλακάς.
1084 1483 1254 1520 Severae
1283 1497 1444 1536 quoque
1471 1497 1566 1535 poc-

130 1539 323 1577 nitentiae
362 1554 484 1592 genus
533 1547 618 1579 erat
661 1539 809 1578 collum
852 1538 1086 1578 calcandum
1127 1537 1333 1590 praebere.
1406 1538 1568 1577 Nicetas

130 1593 348 1632 choniates
387 1595 747 1633 L.11.Manue1is
795 1593 845 1632 de
882 1601 973 1645 pati
975 1593 1139 1641 maha,
1182 1594 1251 1644 qui
1293 1606 1339 1630 ex
1369 1593 1567 1631 monacho

127 1647 183 1686 ad
200 1647 388 1687 thronum
410 1649 660 1698 sublimatus,
690 1649 832 1688 deinde
849 1649 899 1687 ad
919 1655 1201 1686 monasterlnm
1237 1647 1434 1686 redierat·
1464 1643 1508 1686 ἕν
1501 1648 1568 1685 θα

130 1715 203 1740 και
238 1699 309 1741 τὸν
345 1701 493 1742 οἰκεῖον
532 1700 839 1754 ἀποδοχμώσας
877 1701 1039 1753 αυχένα
1077 1697 1180 1751 πρὸς
1216 1702 1268 1755 τῇ
1307 1697 1455 1740 εἰσόδω
1495 1700 1569 1740 τοῦ

130 1755 318 1808 προνάου
365 1762 509 1797 πατεῖν
549 1763 723 1808 παρεῖγε
756 1759 812 1797 τιῦ
851 1755 1021 1797 εἰσιόντι
1059 1753 1184 1795 παιτί
1220 1753 1407 1810 pomino.
1462 1757 1569 1795 Hinc

130 1824 207 1863 ego
235 1812 397 1864 quidem
437 1827 517 1851 non
546 1813 805 1866 improbabile
845 1820 971 1865 puto,
999 1814 1099 1850 ritus
1127 1811 1311 1850 ecciesiae
1336 1813 1441 1849 eirca
1470 1825 1568 1863 poe-

133 1867 331 1914 nitentes,
359 1874 401 1905 et
428 1869 631 1907 Romanae
667 1869 797 1916 sedis,
835 1870 904 1919 qui
943 1875 1031 1906 tum
1065 1873 1150 1905 erat
1190 1874 1229 1904 et
1251 1880 1459 1918 nunquam
1485 1881 1568 1905 non

136 1919 213 1958 fuit
232 1950 244 1970 ‚
272 1928 311 1958 et
338 1921 554 1961 Alexandri
583 1924 658 1962 lu.
708 1923 911 1962 Pontificis
938 1922 1231 1961 intolerandum
1260 1921 1405 1958 fastum
1434 1922 1569 1959 consi-

134 1973 307 2024 derans,
339 1975 445 2015 hunc
472 1992 495 2015 a
533 1978 739 2016 Friderico
774 1977 1015 2016 Barbarossa
1033 2007 1043 2022 ,
1093 1990 1211 2029 quem
1240 1990 1313 2028 pro
1342 1977 1569 2028 poenitente

135 2037 343 2081 peccatore
371 2038 411 2069 et
441 2032 579 2071 rebelli
607 2033 688 2071 filio
716 2030 900 2071 ecclesiae
929 2032 1103 2071 habebat
1126 2059 1138 2079 ‚
1169 2038 1383 2083 antequam
1415 2043 1507 2067 eum
1525 2031 1568 2068 iu

133 2085 305 2135 glatiam
334 2091 374 2122 et
399 2086 529 2124 sinum
557 2088 740 2126 ecclesiae
767 2089 984 2139 reciperet,
1014 2087 1127 2126 abeo
1155 2085 1375 2138 flagitasse,
1406 2091 1452 2122 ut
1477 2099 1570 2123 cer-

136 2138 245 2176 vices
272 2141 353 2177 suis
379 2140 547 2191 pedibus
576 2143 799 2180 subiiceret.
826 2143 1035 2181 Feceritne
1060 2141 1289 2179 Fridericus
1317 2153 1456 2187 necne,
1488 2139 1569 2177 dis-

136 2199 322 2245 putatur,
351 2201 392 2231 et
419 2195 549 2233 adhuc
575 2198 649 2235 sub
677 2197 806 2235 iudice
835 2196 884 2235 lis
913 2204 986 2235 est.
1044 2197 1126 2245 Qui
1163 2195 1270 2233 norit
1297 2194 1367 2232 illo
1388 2201 1568 2245 tempore

136 2253 219 2284 tam
248 2246 450 2299 vulgarem
484 2264 633 2288 morem
677 2253 848 2289 cervices
885 2251 1009 2290 hostis
1051 2248 1228 2288 calcandi
1264 2249 1409 2297 fuisse,
1449 2256 1569 2300 atque

138 2298 259 2340 hodie
275 2309 333 2340 est
348 2302 542 2342 osculatio
558 2306 705 2357 pedum
714 2306 847 2344 Sancti
863 2306 1011 2354 Patris,
1027 2305 1219 2355 illumque
1234 2317 1314 2342 nou
1337 2303 1459 2355 magis
1480 2310 1569 2340 tur-

141 2369 233 2407 pem
245 2356 364 2395 fuisse
379 2358 552 2407 saeculo,
571 2373 651 2412 quo
668 2360 777 2412 Papa
791 2360 975 2398 omnihus
993 2359 1278 2410 imperantibus
1293 2333 1423 2395 veluto
1417 2359 1569 2395 manci-

139 2411 215 2462 piis
243 2412 439 2463 imperare
480 2413 714 2451 credebatur
750 2421 869 2466 atque
896 2413 993 2452 haec
1020 2413 1140 2452 hodie
1166 2420 1251 2451 est:
1282 2419 1321 2450 et
1350 2413 1419 2463 qni
1446 2426 1569 2464 porro

139 2477 278 2503 secum
306 2473 476 2518 reputet,
506 2481 604 2519 quas
650 2468 702 2506 ad
728 2470 928 2520 angustias
953 2467 1203 2506 Fridericum
1232 2468 1435 2504 Romanae
1463 2466 1570 2504 sedis

142 2517 349 2558 insolentia
377 2521 597 2573 redegerit,
627 2536 729 2574 quae
754 2522 961 2560 fraudibus
990 2522 1088 2559 freta
1116 2521 1196 2559 suis
1227 2528 1266 2559 et
1294 2521 1570 2572 superstitione

142 2573 422 2627 profundaque
465 2576 648 2615 barbarie
687 2576 812 2628 plebis
855 2583 894 2614 et
923 2575 1114 2614 Italorum
1141 2574 1330 2614 adversus
1358 2576 1568 2614 Germani·

142 2639 232 2665 cam
258 2637 414 2680 gentem
441 2631 534 2669 odio
561 2639 600 2670 et
627 2631 791 2684 perfidia
822 2631 902 2668 vim
929 2643 1133 2668 armorum
1160 2643 1442 2694 quamcunq-ue
1464 2631 1571 2669 ride·

145 2679 239 2730 bat,
265 2682 377 2722 facile
416 2685 608 2739 intelliget
625 2715 637 2734 ,
677 2685 773 2738 quid
801 2699 873 2737 ego
911 2684 1072 2736 quidem
1099 2685 1308 2736 contigisse
1334 2686 1552 2724 existimem

148 2739 273 2794 Apud
298 2742 470 2781 Graecos
496 2755 617 2795 porro
643 2742 747 2780 iuter
772 2739 1037 2793 adoptationis
1062 2740 1162 2777 ritus
1181 2746 1240 2778 est
1265 2739 1359 2779 colli
1385 2739 1566 2779 calcatio.
