1884 3132
182 129 258 175 An
305 130 600 175 coNsrm
627 131 823 175 ponpa.
867 132 937 173 ma
979 129 1159 173 cmm.
1195 132 1292 173 Lm.
1333 131 1386 172 11.
1431 112 1544 187 609

111 237 193 288 sit,
219 243 283 276 nt
311 244 482 276 aetatem
520 236 918 290 Longobardicorum
957 237 998 275 in
1027 235 1146 275 Italia
1183 249 1324 288 regum
1351 236 1545 289 attingat,

109 265 193 330 de
187 306 268 344 quo
296 306 376 330 non
407 291 556 355 absque
581 306 624 331 re
652 292 871 330 dubitatur.
912 292 1037 330 Varia
1067 290 1175 329 illinc
1204 291 1416 339 discimus,
1445 305 1548 343 quae

111 359 194 384 non
223 345 363 385 inutile
401 348 476 384 erit
512 345 687 386 breviter
733 348 1011 399 perstringere.
1066 346 1246 384 Primum
1275 345 1456 384 videmus
1484 360 1550 384 re·

112 414 228 452 gem,
259 402 323 439 cui
362 402 568 453 episcopus
608 414 797 439 coronam
832 402 1015 453 imponit.
1073 400 1197 438 Cuius
1229 400 1268 438 id
1298 401 1448 452 agentis
1477 414 1547 452 pe-

111 455 209 492 dum
237 461 346 494 tenet
374 469 478 507 pone
506 455 663 494 adstans
689 455 831 508 aliquis
870 455 1035 493 clericus
1062 455 1127 493 vel
1155 455 1376 507 presbyter.
1438 454 1549 493 Pone

110 508 219 548 hunc
261 517 338 549 stat
367 509 600 555 acoluthus,
642 511 826 548 manibus
847 539 858 558 ‚
896 517 943 547 ut
969 509 1153 558 videtur,
1184 507 1450 558 δεδειιέναις,
1480 509 1549 547 de-

109 567 275 604 cassatis
311 578 430 616 super
475 572 649 627 pectore.
734 564 802 603 Ab
829 563 955 602 altera
983 572 1097 616 paite
1120 565 1324 615 proximus
1354 565 1437 615 legi
1465 578 1550 602 sce-

110 625 246 671 ptrum
269 620 420 658 tenenti
441 627 479 658 et
508 620 550 657 in
577 619 723 658 throno
749 618 925 668 sedenti,
953 633 1058 670 pone
1085 618 1194 671 quod
1223 617 1355 656 velum
1384 632 1550 670 suspen-

110 687 199 712 sum
225 681 309 722 est,
354 680 431 712 stat
471 673 571 713 alius
599 674 832 726 presbyter3
870 681 958 711 tum
996 672 1115 726 longo
1144 672 1285 711 ordine
1313 679 1512 712 senatores
1532 703 1545 722 ,

110 742 283 780 quorum
313 727 380 766 alii
423 728 555 777 nihil,
590 728 658 767 alii
698 735 828 766 tomos
856 728 1016 766 chartae
1061 734 1198 766 tenent
1218 757 1229 776 ‚
1260 728 1329 781 qui
1360 734 1430 765 aut
1457 736 1550 767 sunt

111 782 270 821 codices
298 783 594 835 evangeliorum
618 782 789 835 expliciti
808 813 819 834 ‚
854 790 922 821 aut
941 784 1146 821 continent
1164 789 1455 820 sacramentum
1484 783 1549 822 vel

111 837 429 890 capitulationem
445 867 456 887 ,
497 839 561 876 cui
587 852 629 877 se
658 851 725 876 rex
754 836 1006 876 coronandus
1034 837 1277 890 adstringere
1325 838 1550 875 iureiuran-

111 890 164 929 do
190 890 333 942 debet3
362 891 429 930 alii
456 898 591 931 tenent
619 906 782 944 mappas
805 891 1108 945 manipulosve,
1127 899 1209 939 aut,
1241 893 1272 930 si
1299 892 1443 941 mavis,
1464 892 1550 931 chi-

107 945 290 985 rothecas
330 945 528 999 digitatas.
591 947 774 986 Tandem
799 948 919 985 etiam
948 947 988 985 in
1027 946 1164 985 oculos
1194 947 1406 985 incurrunt
1435 947 1546 998 duo,

111 1001 180 1052 qui
208 1015 347 1039 manus
392 1001 630 1040 decussatim
659 1015 777 1054 super
813 1009 973 1064 pectore
1000 1001 1147 1053 positas
1177 1008 1335 1054 gerunt.
1389 1002 1438 1039 In
1466 1016 1550 1040 me-

110 1054 177 1092 dia
204 1055 434 1094 chirotheca
473 1058 644 1109 episcopi
685 1071 792 1105 una,
822 1070 929 1110 quae
962 1058 1291 1118 inconspectum
1321 1058 1457 1106 venit,
1490 1057 1551 1095 fo-

108 1123 247 1148 ramen
285 1111 526 1163 conspicitur
545 1141 555 1159 ‚
599 1111 708 1164 quod
752 1113 866 1150 sitne
911 1111 1039 1149 errori
1088 1110 1270 1164 lapidarii
1289 1139 1300 1159 ‚
1342 1124 1391 1148 an
1432 1086 1551 1163 r’upto

107 1164 322 1213 marmori,
352 1179 403 1203 an
447 1165 619 1219 denique
667 1167 779 1204 istius
821 1165 969 1205 saeculi
1010 1167 1113 1203 mori
1152 1165 1430 1214 tribuendum,
1460 1179 1551 1216 per-

108 1225 216 1258 tusas
257 1219 298 1258 in
342 1219 473 1259 medio
500 1235 640 1260 manus
680 1220 799 1259 dorso
849 1220 1095 1259 chirothecas
1132 1219 1334 1273 gestandi,
1380 1219 1554 1259 viderint

109 1272 194 1312 alii.
247 1273 327 1313 Sed
370 1281 416 1312 ut
444 1275 605 1315 redeam
633 1275 682 1313 ad
713 1278 923 1327 antiquum
951 1289 1103 1314 morem
1131 1289 1265 1313 coram
1289 1288 1380 1327 iege
1411 1275 1554 1313 decus-

110 1329 206 1366 satis
235 1341 353 1380 super
395 1336 553 1381 pectore
575 1330 761 1368 manibus
801 1331 962 1378 standi,
994 1330 1172 1368 manavit
1204 1344 1248 1367 ex
1277 1343 1323 1367 eo
1369 1329 1468 1367 ritus
1512 1331 1554 1367 in

113 1381 297 1434 precibus
323 1397 481 1435 quoque
508 1398 643 1422 coram
670 1384 744 1422 deo
770 1385 825 1422 sic
853 1359 998 1422 standi.
1057 1384 1078 1406 *
1094 1384 1227 1437 [Inter
1253 1385 1354 1421 ritus
1385 1397 1556 1434 precan-

113 1437 215 1474 tium
244 1444 355 1475 erant
370 1451 511 1476 manus
534 1437 774 1476 cancellatae
801 1445 892 1476 ante
908 1446 1057 1490 pectus.
1118 1438 1232 1476 Ordo
1250 1438 1420 1476 Roman.
1438 1438 1550 1476 XIV.

112 1490 314 1544 p.305.]*
379 1491 440 1530 Eo
484 1506 643 1545 quoque
683 1492 804 1531 modo
834 1493 988 1531 iunctas
1029 1492 1177 1530 habere
1214 1505 1354 1529 manus
1373 1521 1384 1540 ‚
1414 1499 1459 1529 ut
1487 1493 1552 1530 la-

111 1546 254 1584 nitzari
280 1546 504 1584 Tul-carum
541 1546 691 1585 habere
719 1546 880 1592 solent,
920 1547 962 1584 id
998 1547 1120 1584 etiam
1161 1553 1219 1584 est
1251 1555 1353 1584 star-e
1374 1547 1552 1585 manibus

110 1601 274 1652 ligatis,
304 1600 451 1639 scilicet
477 1615 557 1639 non
594 1614 712 1652 super
754 1608 912 1654 pectore
940 1614 1098 1639 sursum
1129 1614 1267 1639 versus
1290 1601 1520 1652 compositis
1537 1631 1547 1648 ‚

107 1654 184 1693 sed
222 1669 340 1708 super
377 1655 590 1694 abdomine
615 1655 817 1694 deorsum.
897 1655 1008 1693 Talis
1043 1669 1232 1693 manuum
1255 1656 1551 1707 compositionis

113 1710 155 1746 in
183 1707 252 1746 illo
279 1709 444 1747 militiae
476 1723 617 1762 genere
646 1711 818 1748 occurrit
839 1709 1048 1762 aliquoties
1075 1711 1206 1762 imago
1239 1710 1278 1747 in
1304 1709 1373 1747 illa
1393 1710 1551 1748 tabula-

110 1762 541 1856 rumtaleerdolensium
569 1763 817 1817 collectione,
848 1778 950 1818 quae
974 1764 1138 1804 Parisiis
1166 1764 1313 1819 prodiit
1339 1763 1548 1818 A.1714.‚

111 1823 158 1855 ut
294 1831 316 1856 2

222 1871 271 1909 C.
291 1831 478 1925 7.9[526‚
500 1871 566 1927 4.]
592 1873 751 1923 συρτοῦ
775 1872 919 1927 βήλου.
974 1875 1101 1913 E1ant
1117 1873 1311 1930 quaedam
1335 1873 1424 1912 vela
1449 1886 1555 1939 truc-⁴

116 1920 205 1973 τά,
234 1940 336 1990 quae
362 1941 438 1978 ope
466 1927 736 1967 funiculorum
760 1931 802 1968 in
839 1931 1024 1978 diversa,
1056 1928 1200 1979 διχῶς,
1227 1931 1314 1968 οἱον
1342 1925 1454 1974 δεξιὰ
1483 1942 1554 1966 και

112 1977 334 2043 α’ριστερὰ,
362 1988 407 2019 ut
423 1988 555 2020 noster
571 1982 627 2021 ait
652 1998 693 2036 p.
721 1983 783 2023 15.
803 1985 877 2033 A.
907 1984 1072 2023 distrahi
1092 1990 1302 2036 poterant,
1333 1982 1410 2020 alia
1435 1980 1554 2020 ave).—

114 2029 266 2083 κόμενα
282 2062 314 2098 ‚
335 2049 437 2087 quae
465 2036 620 2076 funium
646 2051 723 2101 ope
750 2039 791 2076 in
828 2038 955 2077 altum
983 2038 1300 2083 attollebantur,
1333 2037 1410 2075 alia
1439 2036 1552 2074 deni-

113 2101 193 2140 que
220 2084 420 2140 αιρόμενα
448 2089 513 2130 vel
540 2090 845 2142 βασταζόμενα,
871 2107 974 2147 quae
998 2093 1181 2131 manibus
1212 2068 1548 2131 sublevabantur·
1538 2119 1550 2139 ‚

115 2142 200 2181 vid.
223 2156 266 2208 p.
289 2142 357 2182 58.
378 2143 431 2188 Α
456 2157 544 2209 107.
568 2145 616 2184 C.
638 2160 677 2199 7.
715 2147 802 2186 108.
825 2149 871 2186 B.
893 2148 950 2187 6.-
966 2148 1012 2186 In
1024 2161 1202 2211 quorum
1226 2149 1353 2199 primo
1375 2146 1460 2183 loco
1476 2144 1551 2195 βῆ-

114 2197 186 2236 λον
213 2192 433 2247 αιρόμενον
451 2226 464 2247 ,
510 2199 553 2238 in
595 2200 720 2239 altero
752 2202 880 2254 βῆλον
907 2198 1062 2252 συρτὸν
1098 2197 1327 2265 συρόμενον
1354 2200 1527 2261 legimus
1539 2229 1551 2249 ‚

115 2251 160 2290 in
185 2249 328 2290 ultimo
357 2249 443 2299 33³
429 2265 520 2292 ισου
559 2251 805 2301 τανύσαντες
843 2255 1003 2309 [nempe
1033 2253 1132 2301 τοὺς
1161 2252 1336 2304 ἱμάντας
1362 2267 1446 2293 των
1473 2248 1553 2304 βή-

115 2303 236 2358 λων]
284 2301 452 2356 αἴρουσι
503 2303 557 2346 τὰ
596 2308 718 2359 βῆλα.
783 2310 1111 2375 Chrysostomus
1148 2306 1399 2358 ἀνελκόμενον
1442 2308 1551 2359 βῆλα

114 2358 236 2398 habet
263 2361 307 2398 in
345 2360 438 2399 illo:
486 2356 588 2400 ὅταν
627 2360 719 2416 ἴδῃς
766 2360 1015 2414 α’νελκόμενα
1065 2361 1115 2402 τὰ
1144 2362 1387 2429 α’μφιθυρα
1443 2361 1553 2429 [vela

115 2412 318 2468 tribunae]
341 2445 352 2462 ‚
393 2412 485 2454 τότε
526 2411 696 2465 νόμισον
745 2417 1062 2458 διαστέλλεσθαι
1109 2414 1182 2456 τὸν
1229 2414 1406 2468 ουρανὸν
1443 2414 1553 2457 α’νω-

117 2467 205 2507 3820.
240 2469 332 2519 Quo
358 2475 491 2508 tamen
518 2472 559 2507 in
591 2469 679 2509 loco
704 2471 870 2511 dubium
891 2480 968 2520 est,
1014 2474 1115 2512 sitne
1143 2469 1339 2511 ἀνέλκειν
1366 2485 1523 2512 sursum
1537 2501 1549 2522 ‚

115 2534 167 2559 an
210 2523 252 2560 in
289 2523 393 2562 latus
422 2524 593 2564 trahere.
647 2526 760 2574 Quae
800 2527 1102 2566 demitterentur
1144 2541 1188 2565 ex
1218 2527 1322 2574 aito,
1365 2526 1550 2570 diceban-

117 2582 186 2613 tur
227 2577 458 2625 χαλᾶσθαι.
531 2579 626 2619 Vid.
663 2579 791 2619 Nostri
818 2596 859 2634 p.
893 2582 984 2636 237.
1024 2582 1073 2620 A.
1106 2596 1145 2635 7.
1188 2587 1227 2620 et
1256 2581 1323 2619 Du
1357 2581 1486 2635 Gange
1508 2593 1550 2621 v.

117 2626 265 2681 Ξυρτῆ.

167 2704 426 2743 constantinus
448 2709 620 2755 Porphyr.
656 2709 729 2744 Vol.
758 2710 803 2745 II.
1244 2697 1295 2754 t3⁹9
