<?xml version="1.0" encoding="UTF-8"?>
<!DOCTYPE html PUBLIC "-//W3C//DTD XHTML 1.0 Transitional//EN"
    "http://www.w3.org/TR/xhtml1/DTD/xhtml1-transitional.dtd">
<html xmlns="http://www.w3.org/1999/xhtml" xml:lang="en" lang="en">
 <head>
  <title>
</title>
<meta http-equiv="Content-Type" content="text/html;charset=utf-8" />
  <meta name='ocr-system' content='tesseract 3.04.00' />
  <meta name='ocr-capabilities' content='ocr_page ocr_carea ocr_par ocr_line ocrx_word'/>
</head>
<body>
  <div class='ocr_page' id='page_1' title='image "./corpusscriptorum08niebuoft/corpusscriptorum08niebuoft_0869.png"; bbox 0 0 1884 3132; ppageno 0'>
   <div class='ocr_carea' id='block_1_1' title="bbox 193 155 1548 229">
    <p class='ocr_par' dir='ltr' id='par_1_1' title="bbox 193 155 1548 229">
     <span class='ocr_line' id='line_1_1' title="bbox 193 155 1548 229; baseline -0.014 0"><span class='ocrx_word' id='word_1_1' title='bbox 193 187 270 228; x_wconf 68' lang='lat' dir='ltr'><strong>An</strong></span> <span class='ocrx_word' id='word_1_2' title='bbox 310 182 610 229; x_wconf 68' lang='lat' dir='ltr'><strong>consrm.</strong></span> <span class='ocrx_word' id='word_1_3' title='bbox 635 181 832 224; x_wconf 67' lang='lat' dir='ltr'><strong>Pomm.</strong></span> <span class='ocrx_word' id='word_1_4' title='bbox 863 181 936 220; x_wconf 73' lang='lat' dir='ltr'><strong>nr,</strong></span> <span class='ocrx_word' id='word_1_5' title='bbox 970 177 1155 221; x_wconf 75' lang='lat' dir='ltr'><strong>cmm.</strong></span> <span class='ocrx_word' id='word_1_6' title='bbox 1194 177 1296 217; x_wconf 76' lang='lat' dir='ltr'><strong>Lm.</strong></span> <span class='ocrx_word' id='word_1_7' title='bbox 1334 177 1389 216; x_wconf 90' lang='lat'><strong>11.</strong></span> <span class='ocrx_word' id='word_1_8' title='bbox 1442 155 1548 211; x_wconf 83' lang='lat'><strong>861</strong></span> 
     </span>
    </p>
   </div>
   <div class='ocr_carea' id='block_1_2' title="bbox 71 277 1563 2799">
    <p class='ocr_par' dir='ltr' id='par_1_2' title="bbox 71 277 1557 384">
     <span class='ocr_line' id='line_1_2' title="bbox 71 277 1557 340; baseline -0.009 -11"><span class='ocrx_word' id='word_1_9' title='bbox 71 300 74 305; x_wconf 84' lang='lat'>&#39;</span> <span class='ocrx_word' id='word_1_10' title='bbox 112 286 281 329; x_wconf 66' lang='lat' dir='ltr'><strong>teneret.</strong></span> <span class='ocrx_word' id='word_1_11' title='bbox 333 285 464 326; x_wconf 74' lang='lat' dir='ltr'><strong>Multa</strong></span> <span class='ocrx_word' id='word_1_12' title='bbox 491 290 652 340; x_wconf 81' lang='lat' dir='ltr'><strong>possent</strong></span> <span class='ocrx_word' id='word_1_13' title='bbox 676 281 772 324; x_wconf 84' lang='lat' dir='ltr'><strong>talia</strong></span> <span class='ocrx_word' id='word_1_14' title='bbox 801 281 979 336; x_wconf 85' lang='lat' dir='ltr'><strong>exempla</strong></span> <span class='ocrx_word' id='word_1_15' title='bbox 1008 281 1184 334; x_wconf 83' lang='lat' dir='ltr'>congeri.</span> <span class='ocrx_word' id='word_1_16' title='bbox 1238 277 1318 318; x_wconf 87' lang='lat' dir='ltr'><strong>Sed</strong></span> <span class='ocrx_word' id='word_1_17' title='bbox 1355 291 1479 331; x_wconf 88' lang='lat' dir='ltr'><strong>parco</strong></span> <span class='ocrx_word' id='word_1_18' title='bbox 1514 277 1557 316; x_wconf 88' lang='lat' dir='ltr'><strong>in</strong></span> 
     </span>
     <span class='ocr_line' id='line_1_3' title="bbox 115 341 1228 384; baseline -0.013 0"><span class='ocrx_word' id='word_1_19' title='bbox 115 358 162 384; x_wconf 87' lang='lat' dir='ltr'><strong>re</strong></span> <span class='ocrx_word' id='word_1_20' title='bbox 187 341 409 382; x_wconf 75' lang='lat' dir='ltr'><strong>manifesta.</strong></span> <span class='ocrx_word' id='word_1_21' title='bbox 1224 367 1228 370; x_wconf 17' lang='grc' dir='ltr'><strong><em>Δ</em></strong></span> 
     </span>
    </p>

    <p class='ocr_par' dir='ltr' id='par_1_3' title="bbox 114 384 1557 613">
     <span class='ocr_line' id='line_1_4' title="bbox 222 384 1557 450; baseline -0.009 -13"><span class='ocrx_word' id='word_1_22' title='bbox 222 399 278 437; x_wconf 43' lang='grc' dir='ltr'><strong>Β..</strong></span> <span class='ocrx_word' id='word_1_23' title='bbox 302 396 343 440; x_wconf 89' lang='grc'><strong>8.</strong></span> <span class='ocrx_word' id='word_1_24' title='bbox 372 394 489 450; x_wconf 79' lang='lat'><strong>[726,</strong></span> <span class='ocrx_word' id='word_1_25' title='bbox 514 393 597 449; x_wconf 78' lang='lat'><strong>17.]</strong></span> <span class='ocrx_word' id='word_1_26' title='bbox 626 392 760 440; x_wconf 72' lang='grc' dir='ltr'><strong>α’ξίας.</strong></span> <span class='ocrx_word' id='word_1_27' title='bbox 818 391 984 444; x_wconf 75' lang='lat' dir='ltr'><strong>Accipio</strong></span> <span class='ocrx_word' id='word_1_28' title='bbox 1015 403 1090 443; x_wconf 88' lang='lat' dir='ltr'><strong>pro</strong></span> <span class='ocrx_word' id='word_1_29' title='bbox 1115 384 1339 437; x_wconf 77' lang='grc' dir='ltr'><strong><em>α’ξιώσεως,</em></strong></span> <span class='ocrx_word' id='word_1_30' title='bbox 1372 401 1557 438; x_wconf 87' lang='lat' dir='ltr'><strong>munere,</strong></span> 
     </span>
     <span class='ocr_line' id='line_1_5' title="bbox 114 444 1557 506; baseline -0.008 -14"><span class='ocrx_word' id='word_1_31' title='bbox 114 467 200 506; x_wconf 87' lang='lat' dir='ltr'><strong>quo</strong></span> <span class='ocrx_word' id='word_1_32' title='bbox 237 453 327 506; x_wconf 86' lang='lat' dir='ltr'><strong>quis</strong></span> <span class='ocrx_word' id='word_1_33' title='bbox 365 451 535 490; x_wconf 86' lang='lat' dir='ltr'><strong>alterum</strong></span> <span class='ocrx_word' id='word_1_34' title='bbox 578 450 745 502; x_wconf 87' lang='lat' dir='ltr'><strong>dignum</strong></span> <span class='ocrx_word' id='word_1_35' title='bbox 788 454 922 486; x_wconf 90' lang='lat' dir='ltr'><strong>censet</strong></span> <span class='ocrx_word' id='word_1_36' title='bbox 957 453 997 484; x_wconf 91' lang='lat' dir='ltr'><strong>et</strong></span> <span class='ocrx_word' id='word_1_37' title='bbox 1033 445 1175 483; x_wconf 89' lang='lat' dir='ltr'><strong>donat.</strong></span> <span class='ocrx_word' id='word_1_38' title='bbox 1233 444 1444 482; x_wconf 81' lang='lat' dir='ltr'><strong>Caeterum</strong></span> <span class='ocrx_word' id='word_1_39' title='bbox 1473 457 1557 480; x_wconf 87' lang='lat' dir='ltr'><strong>non</strong></span> 
     </span>
     <span class='ocr_line' id='line_1_6' title="bbox 116 498 1557 559; baseline -0.008 -12"><span class='ocrx_word' id='word_1_40' title='bbox 116 507 256 555; x_wconf 81' lang='lat' dir='ltr'><strong>video,</strong></span> <span class='ocrx_word' id='word_1_41' title='bbox 299 507 371 559; x_wconf 87' lang='lat' dir='ltr'><strong>qui</strong></span> <span class='ocrx_word' id='word_1_42' title='bbox 408 506 531 559; x_wconf 85' lang='lat' dir='ltr'><strong>possit</strong></span> <span class='ocrx_word' id='word_1_43' title='bbox 569 504 702 542; x_wconf 85' lang='lat' dir='ltr'><strong>discus</strong></span> <span class='ocrx_word' id='word_1_44' title='bbox 741 501 868 554; x_wconf 89' lang='lat' dir='ltr'><strong>epulis</strong></span> <span class='ocrx_word' id='word_1_45' title='bbox 904 507 1072 540; x_wconf 81' lang='lat' dir='ltr'><strong>onustus</strong></span> <span class='ocrx_word' id='word_1_46' title='bbox 1098 500 1150 538; x_wconf 92' lang='lat' dir='ltr'><strong>ad</strong></span> <span class='ocrx_word' id='word_1_47' title='bbox 1177 500 1378 538; x_wconf 77' lang='lat' dir='ltr'><strong>sinistram</strong></span> <span class='ocrx_word' id='word_1_48' title='bbox 1404 498 1557 537; x_wconf 79' lang='lat' dir='ltr'><strong>sedenti</strong></span> 
     </span>
     <span class='ocr_line' id='line_1_7' title="bbox 124 554 1147 613; baseline -0.011 -10"><span class='ocrx_word' id='word_1_49' title='bbox 124 561 382 603; x_wconf 82' lang='lat' dir='ltr'><strong>commodius</strong></span> <span class='ocrx_word' id='word_1_50' title='bbox 410 573 533 613; x_wconf 83' lang='lat' dir='ltr'><strong>qnam</strong></span> <span class='ocrx_word' id='word_1_51' title='bbox 562 558 614 598; x_wconf 91' lang='lat' dir='ltr'><strong>ad</strong></span> <span class='ocrx_word' id='word_1_52' title='bbox 639 557 819 596; x_wconf 84' lang='lat' dir='ltr'><strong>dextram</strong></span> <span class='ocrx_word' id='word_1_53' title='bbox 848 556 1000 595; x_wconf 77' lang='lat' dir='ltr'><strong>sedenti</strong></span> <span class='ocrx_word' id='word_1_54' title='bbox 1027 554 1147 593; x_wconf 85' lang='lat' dir='ltr'><strong>tradi.</strong></span> 
     </span>
    </p>

    <p class='ocr_par' dir='ltr' id='par_1_4' title="bbox 107 607 1563 2307">
     <span class='ocr_line' id='line_1_8' title="bbox 228 607 1557 669; baseline -0.008 -14"><span class='ocrx_word' id='word_1_55' title='bbox 228 617 278 655; x_wconf 82' lang='lat'><strong>(3.</strong></span> <span class='ocrx_word' id='word_1_56' title='bbox 304 629 345 654; x_wconf 79' lang='lat'><strong>2.</strong></span> <span class='ocrx_word' id='word_1_57' title='bbox 384 613 501 669; x_wconf 75' lang='lat'>[7²7⁹</span> <span class='ocrx_word' id='word_1_58' title='bbox 529 612 583 666; x_wconf 88' lang='lat'><strong>1.]</strong></span> <span class='ocrx_word' id='word_1_59' title='bbox 625 616 712 658; x_wconf 76' lang='grc' dir='ltr'><strong><em>τοῖς</em></strong></span> <span class='ocrx_word' id='word_1_60' title='bbox 737 611 994 662; x_wconf 77' lang='grc' dir='ltr'><strong>βασιλεῦσιν.</strong></span> <span class='ocrx_word' id='word_1_61' title='bbox 1051 610 1190 648; x_wconf 84' lang='lat' dir='ltr'><strong>Potest</strong></span> <span class='ocrx_word' id='word_1_62' title='bbox 1225 607 1275 646; x_wconf 92' lang='lat' dir='ltr'><strong>de</strong></span> <span class='ocrx_word' id='word_1_63' title='bbox 1302 607 1451 661; x_wconf 80' lang='lat' dir='ltr'><strong>collega</strong></span> <span class='ocrx_word' id='word_1_64' title='bbox 1479 609 1557 646; x_wconf 85' lang='lat' dir='ltr'><strong>im-</strong></span> 
     </span>
     <span class='ocr_line' id='line_1_9' title="bbox 117 662 1558 726; baseline -0.008 -15"><span class='ocrx_word' id='word_1_65' title='bbox 117 672 219 726; x_wconf 81' lang='lat' dir='ltr'><strong>perii</strong></span> <span class='ocrx_word' id='word_1_66' title='bbox 234 671 385 723; x_wconf 80' lang='lat' dir='ltr'><strong>accipi,</strong></span> <span class='ocrx_word' id='word_1_67' title='bbox 413 668 540 722; x_wconf 87' lang='lat' dir='ltr'><strong>qualis</strong></span> <span class='ocrx_word' id='word_1_68' title='bbox 567 674 652 706; x_wconf 89' lang='lat' dir='ltr'><strong>erat</strong></span> <span class='ocrx_word' id='word_1_69' title='bbox 678 666 916 713; x_wconf 83' lang='lat' dir='ltr'><strong>Alexander,</strong></span> <span class='ocrx_word' id='word_1_70' title='bbox 946 665 1068 704; x_wconf 83' lang='lat' dir='ltr'><strong>frater</strong></span> <span class='ocrx_word' id='word_1_71' title='bbox 1091 664 1252 709; x_wconf 86' lang='lat' dir='ltr'><strong>Leonis,</strong></span> <span class='ocrx_word' id='word_1_72' title='bbox 1282 662 1357 702; x_wconf 89' lang='lat' dir='ltr'><strong>sub</strong></span> <span class='ocrx_word' id='word_1_73' title='bbox 1385 677 1465 716; x_wconf 89' lang='lat' dir='ltr'><strong>quo</strong></span> <span class='ocrx_word' id='word_1_74' title='bbox 1494 676 1558 700; x_wconf 47' lang='lat' dir='ltr'><strong>rea</strong></span> 
     </span>
     <span class='ocr_line' id='line_1_10' title="bbox 117 713 1559 780; baseline -0.007 -15"><span class='ocrx_word' id='word_1_75' title='bbox 117 733 265 780; x_wconf 82' lang='lat' dir='ltr'><strong>gnante</strong></span> <span class='ocrx_word' id='word_1_76' title='bbox 274 723 582 776; x_wconf 86' lang='lat' dir='ltr'><strong>Cletorologium</strong></span> <span class='ocrx_word' id='word_1_77' title='bbox 598 724 677 761; x_wconf 86' lang='lat' dir='ltr'><strong>hoc</strong></span> <span class='ocrx_word' id='word_1_78' title='bbox 690 725 971 761; x_wconf 89' lang='lat' dir='ltr'><strong>concinnatum</strong></span> <span class='ocrx_word' id='word_1_79' title='bbox 990 720 1076 759; x_wconf 86' lang='lat' dir='ltr'><strong>suit.</strong></span> <span class='ocrx_word' id='word_1_80' title='bbox 1105 720 1243 769; x_wconf 89' lang='lat' dir='ltr'><strong>Quum</strong></span> <span class='ocrx_word' id='word_1_81' title='bbox 1255 725 1387 756; x_wconf 85' lang='lat' dir='ltr'><strong>tamen</strong></span> <span class='ocrx_word' id='word_1_82' title='bbox 1410 717 1505 756; x_wconf 76' lang='lat' dir='ltr'><strong>alias</strong></span> <span class='ocrx_word' id='word_1_83' title='bbox 1521 713 1559 754; x_wconf 68' lang='lat' dir='ltr'><strong>oi</strong></span> 
     </span>
     <span class='ocr_line' id='line_1_11' title="bbox 118 775 1559 832; baseline -0.006 -13"><span class='ocrx_word' id='word_1_84' title='bbox 118 781 308 832; x_wconf 79' lang='grc' dir='ltr'><strong><em>βασιλεῖς</em></strong></span> <span class='ocrx_word' id='word_1_85' title='bbox 333 780 412 819; x_wconf 89' lang='lat' dir='ltr'><strong>sint</strong></span> <span class='ocrx_word' id='word_1_86' title='bbox 439 779 645 830; x_wconf 82' lang='lat' dir='ltr'><strong>Augustus</strong></span> <span class='ocrx_word' id='word_1_87' title='bbox 673 783 713 816; x_wconf 88' lang='lat' dir='ltr'><strong>et</strong></span> <span class='ocrx_word' id='word_1_88' title='bbox 741 776 937 829; x_wconf 83' lang='lat' dir='ltr'><strong>Augusta,</strong></span> <span class='ocrx_word' id='word_1_89' title='bbox 967 781 1007 813; x_wconf 89' lang='lat' dir='ltr'><strong>et</strong></span> <span class='ocrx_word' id='word_1_90' title='bbox 1036 775 1140 813; x_wconf 87' lang='lat' dir='ltr'><strong>inter</strong></span> <span class='ocrx_word' id='word_1_91' title='bbox 1165 787 1324 812; x_wconf 80' lang='lat' dir='ltr'><strong>mensae</strong></span> <span class='ocrx_word' id='word_1_92' title='bbox 1356 780 1559 825; x_wconf 77' lang='lat' dir='ltr'><strong>separatae</strong></span> 
     </span>
     <span class='ocr_line' id='line_1_12' title="bbox 118 827 1562 883; baseline -0.006 -9"><span class='ocrx_word' id='word_1_93' title='bbox 118 835 299 875; x_wconf 82' lang='lat' dir='ltr'><strong>membra</strong></span> <span class='ocrx_word' id='word_1_94' title='bbox 313 833 483 874; x_wconf 87' lang='lat' dir='ltr'><strong>Patricia</strong></span> <span class='ocrx_word' id='word_1_95' title='bbox 497 834 615 872; x_wconf 86' lang='lat' dir='ltr'><strong>Zoste</strong></span> <span class='ocrx_word' id='word_1_96' title='bbox 637 832 882 881; x_wconf 86' lang='lat' dir='ltr'><strong>nominetur,</strong></span> <span class='ocrx_word' id='word_1_97' title='bbox 917 843 1019 883; x_wconf 88' lang='lat' dir='ltr'><strong>quae</strong></span> <span class='ocrx_word' id='word_1_98' title='bbox 1046 837 1132 868; x_wconf 87' lang='lat' dir='ltr'><strong>erat</strong></span> <span class='ocrx_word' id='word_1_99' title='bbox 1161 829 1200 868; x_wconf 92' lang='lat' dir='ltr'><strong>in</strong></span> <span class='ocrx_word' id='word_1_100' title='bbox 1229 827 1322 866; x_wconf 87' lang='lat' dir='ltr'><strong>aula</strong></span> <span class='ocrx_word' id='word_1_101' title='bbox 1353 828 1562 880; x_wconf 78' lang='lat' dir='ltr'><strong>Augustae</strong></span> 
     </span>
     <span class='ocr_line' id='line_1_13' title="bbox 120 884 1559 944; baseline -0.006 -16"><span class='ocrx_word' id='word_1_102' title='bbox 120 891 357 944; x_wconf 79' lang='lat' dir='ltr'><strong>praecipuae</strong></span> <span class='ocrx_word' id='word_1_103' title='bbox 393 888 596 940; x_wconf 84' lang='lat' dir='ltr'><strong>dignitatis</strong></span> <span class='ocrx_word' id='word_1_104' title='bbox 635 887 808 926; x_wconf 78' lang='lat' dir='ltr'><strong>foemina</strong></span> <span class='ocrx_word' id='word_1_105' title='bbox 854 893 893 924; x_wconf 90' lang='lat' dir='ltr'><strong>et</strong></span> <span class='ocrx_word' id='word_1_106' title='bbox 930 892 1021 938; x_wconf 88' lang='lat' dir='ltr'><strong>post</strong></span> <span class='ocrx_word' id='word_1_107' title='bbox 1056 884 1280 938; x_wconf 82' lang='lat' dir='ltr'><strong>Augustam</strong></span> <span class='ocrx_word' id='word_1_108' title='bbox 1317 885 1447 935; x_wconf 80' lang='lat' dir='ltr'><strong>prima</strong></span> <span class='ocrx_word' id='word_1_109' title='bbox 1465 911 1477 931; x_wconf 96' lang='lat'><strong>,</strong></span> <span class='ocrx_word' id='word_1_110' title='bbox 1518 889 1559 921; x_wconf 87' lang='lat' dir='ltr'><strong>et</strong></span> 
     </span>
     <span class='ocr_line' id='line_1_14' title="bbox 110 938 1558 998; baseline -0.008 -13"><span class='ocrx_word' id='word_1_111' title='bbox 110 959 284 998; x_wconf 76' lang='lat' dir='ltr'><strong>‚prorsus</strong></span> <span class='ocrx_word' id='word_1_112' title='bbox 308 943 360 983; x_wconf 89' lang='lat' dir='ltr'><strong>ad</strong></span> <span class='ocrx_word' id='word_1_113' title='bbox 387 943 560 982; x_wconf 81' lang='lat' dir='ltr'><strong>officium</strong></span> <span class='ocrx_word' id='word_1_114' title='bbox 593 941 763 995; x_wconf 84' lang='lat' dir='ltr'><strong>Augusti</strong></span> <span class='ocrx_word' id='word_1_115' title='bbox 791 939 894 979; x_wconf 88' lang='lat' dir='ltr'><strong>nihil</strong></span> <span class='ocrx_word' id='word_1_116' title='bbox 922 938 1090 978; x_wconf 81' lang='lat' dir='ltr'><strong>faciebat</strong></span> <span class='ocrx_word' id='word_1_117' title='bbox 1107 969 1119 990; x_wconf 86' lang='lat'><strong>,</strong></span> <span class='ocrx_word' id='word_1_118' title='bbox 1148 939 1415 990; x_wconf 84' lang='lat' dir='ltr'><strong>dicunturque</strong></span> <span class='ocrx_word' id='word_1_119' title='bbox 1442 951 1558 990; x_wconf 88' lang='lat' dir='ltr'><strong>prae-</strong></span> 
     </span>
     <span class='ocr_line' id='line_1_15' title="bbox 120 993 1560 1051; baseline -0.006 -12"><span class='ocrx_word' id='word_1_120' title='bbox 120 1006 257 1046; x_wconf 84' lang='lat' dir='ltr'><strong>terea,</strong></span> <span class='ocrx_word' id='word_1_121' title='bbox 288 998 470 1051; x_wconf 81' lang='lat' dir='ltr'><strong>Angusta</strong></span> <span class='ocrx_word' id='word_1_122' title='bbox 499 997 570 1036; x_wconf 90' lang='lat' dir='ltr'><strong>ubi</strong></span> <span class='ocrx_word' id='word_1_123' title='bbox 598 996 709 1035; x_wconf 90' lang='lat' dir='ltr'><strong>nulla</strong></span> <span class='ocrx_word' id='word_1_124' title='bbox 736 1003 865 1042; x_wconf 88' lang='lat' dir='ltr'><strong>esset,</strong></span> <span class='ocrx_word' id='word_1_125' title='bbox 900 994 1093 1034; x_wconf 86' lang='lat' dir='ltr'><strong>celebrari</strong></span> <span class='ocrx_word' id='word_1_126' title='bbox 1122 1007 1202 1032; x_wconf 90' lang='lat' dir='ltr'><strong>non</strong></span> <span class='ocrx_word' id='word_1_127' title='bbox 1229 995 1401 1046; x_wconf 82' lang='lat' dir='ltr'><strong>potuisse</strong></span> <span class='ocrx_word' id='word_1_128' title='bbox 1420 993 1560 1031; x_wconf 76' lang='lat' dir='ltr'><strong>convi-</strong></span> 
     </span>
     <span class='ocr_line' id='line_1_16' title="bbox 119 1049 1561 1103; baseline -0.006 -10"><span class='ocrx_word' id='word_1_129' title='bbox 119 1056 188 1093; x_wconf 77' lang='lat' dir='ltr'><strong>via</strong></span> <span class='ocrx_word' id='word_1_130' title='bbox 215 1054 333 1095; x_wconf 85' lang='lat' dir='ltr'>XIX.</span> <span class='ocrx_word' id='word_1_131' title='bbox 363 1052 619 1092; x_wconf 82' lang='lat' dir='ltr'><strong>accubituum</strong></span> <span class='ocrx_word' id='word_1_132' title='bbox 636 1079 649 1101; x_wconf 91' lang='lat'>‚</span> <span class='ocrx_word' id='word_1_133' title='bbox 678 1050 893 1089; x_wconf 89' lang='lat' dir='ltr'><strong>admodum</strong></span> <span class='ocrx_word' id='word_1_134' title='bbox 922 1049 1130 1103; x_wconf 83' lang='lat' dir='ltr'><strong>probabile</strong></span> <span class='ocrx_word' id='word_1_135' title='bbox 1157 1055 1231 1097; x_wconf 88' lang='lat' dir='ltr'><strong>est,</strong></span> <span class='ocrx_word' id='word_1_136' title='bbox 1262 1049 1488 1103; x_wconf 65' lang='lat' dir='ltr'><strong>Augustum</strong></span> <span class='ocrx_word' id='word_1_137' title='bbox 1519 1055 1561 1086; x_wconf 82' lang='lat' dir='ltr'><strong>et</strong></span> 
     </span>
     <span class='ocr_line' id='line_1_17' title="bbox 121 1103 1560 1162; baseline -0.006 -14"><span class='ocrx_word' id='word_1_138' title='bbox 121 1108 344 1162; x_wconf 75' lang='lat' dir='ltr'><strong>Augustam</strong></span> <span class='ocrx_word' id='word_1_139' title='bbox 376 1106 638 1160; x_wconf 84' lang='lat' dir='ltr'><strong>praesedisse,</strong></span> <span class='ocrx_word' id='word_1_140' title='bbox 666 1118 747 1159; x_wconf 87' lang='lat' dir='ltr'><strong>quo</strong></span> <span class='ocrx_word' id='word_1_141' title='bbox 775 1105 953 1154; x_wconf 83' lang='lat' dir='ltr'><strong>accedit,</strong></span> <span class='ocrx_word' id='word_1_142' title='bbox 981 1118 1047 1143; x_wconf 85' lang='lat' dir='ltr'><strong>sex</strong></span> <span class='ocrx_word' id='word_1_143' title='bbox 1072 1110 1229 1142; x_wconf 85' lang='lat' dir='ltr'><strong>tantum</strong></span> <span class='ocrx_word' id='word_1_144' title='bbox 1257 1103 1467 1155; x_wconf 75' lang='lat' dir='ltr'><strong>dignitates</strong></span> <span class='ocrx_word' id='word_1_145' title='bbox 1494 1103 1560 1141; x_wconf 89' lang='lat' dir='ltr'><strong>hic</strong></span> 
     </span>
     <span class='ocr_line' id='line_1_18' title="bbox 121 1159 1560 1215; baseline -0.005 -13"><span class='ocrx_word' id='word_1_146' title='bbox 121 1163 348 1209; x_wconf 88' lang='lat' dir='ltr'><strong>recenseri,</strong></span> <span class='ocrx_word' id='word_1_147' title='bbox 378 1176 482 1215; x_wconf 87' lang='lat' dir='ltr'><strong>qnae</strong></span> <span class='ocrx_word' id='word_1_148' title='bbox 509 1161 559 1200; x_wconf 92' lang='lat' dir='ltr'><strong>ad</strong></span> <span class='ocrx_word' id='word_1_149' title='bbox 588 1175 764 1200; x_wconf 88' lang='lat' dir='ltr'><strong>mensam</strong></span> <span class='ocrx_word' id='word_1_150' title='bbox 791 1167 1013 1213; x_wconf 76' lang='lat' dir='ltr'><strong>separatam</strong></span> <span class='ocrx_word' id='word_1_151' title='bbox 1042 1159 1379 1206; x_wconf 84' lang='lat' dir='ltr'><strong>admitterentur3</strong></span> <span class='ocrx_word' id='word_1_152' title='bbox 1426 1164 1464 1196; x_wconf 87' lang='lat' dir='ltr'><strong>et</strong></span> <span class='ocrx_word' id='word_1_153' title='bbox 1494 1165 1560 1195; x_wconf 82' lang='lat' dir='ltr'><strong>ta-</strong></span> 
     </span>
     <span class='ocr_line' id='line_1_19' title="bbox 125 1213 1559 1270; baseline -0.004 -14"><span class='ocrx_word' id='word_1_154' title='bbox 125 1232 218 1256; x_wconf 86' lang='lat' dir='ltr'><strong>men</strong></span> <span class='ocrx_word' id='word_1_155' title='bbox 248 1218 399 1270; x_wconf 84' lang='lat' dir='ltr'><strong>nbique</strong></span> <span class='ocrx_word' id='word_1_156' title='bbox 426 1230 498 1270; x_wconf 88' lang='lat' dir='ltr'><strong>per</strong></span> <span class='ocrx_word' id='word_1_157' title='bbox 530 1215 607 1254; x_wconf 86' lang='lat' dir='ltr'><strong>boc</strong></span> <span class='ocrx_word' id='word_1_158' title='bbox 621 1215 935 1268; x_wconf 84' lang='lat' dir='ltr'><strong>Cletorologium</strong></span> <span class='ocrx_word' id='word_1_159' title='bbox 966 1214 1153 1267; x_wconf 79' lang='lat' dir='ltr'><strong>leguntur</strong></span> <span class='ocrx_word' id='word_1_160' title='bbox 1181 1213 1237 1252; x_wconf 93' lang='lat' dir='ltr'><strong>illi</strong></span> <span class='ocrx_word' id='word_1_161' title='bbox 1266 1227 1424 1251; x_wconf 87' lang='lat' dir='ltr'><strong>mensae</strong></span> <span class='ocrx_word' id='word_1_162' title='bbox 1443 1227 1559 1266; x_wconf 55' lang='lat' dir='ltr'><strong>pra&amp;</strong></span> 
     </span>
     <span class='ocr_line' id='line_1_20' title="bbox 121 1268 1560 1325; baseline -0.004 -14"><span class='ocrx_word' id='word_1_163' title='bbox 121 1279 185 1311; x_wconf 84' lang='lat' dir='ltr'><strong>ter</strong></span> <span class='ocrx_word' id='word_1_164' title='bbox 210 1272 439 1325; x_wconf 83' lang='lat' dir='ltr'><strong>Augustum</strong></span> <span class='ocrx_word' id='word_1_165' title='bbox 458 1271 667 1309; x_wconf 89' lang='lat' dir='ltr'><strong>duodecim</strong></span> <span class='ocrx_word' id='word_1_166' title='bbox 696 1270 899 1308; x_wconf 86' lang='lat' dir='ltr'><strong>assedisse.</strong></span> <span class='ocrx_word' id='word_1_167' title='bbox 955 1269 1077 1308; x_wconf 88' lang='lat' dir='ltr'><strong>Forte</strong></span> <span class='ocrx_word' id='word_1_168' title='bbox 1101 1270 1222 1321; x_wconf 88' lang='lat' dir='ltr'><strong>igitur</strong></span> <span class='ocrx_word' id='word_1_169' title='bbox 1251 1268 1415 1306; x_wconf 84' lang='lat' dir='ltr'><strong>aderant</strong></span> <span class='ocrx_word' id='word_1_170' title='bbox 1450 1282 1560 1306; x_wconf 89' lang='lat' dir='ltr'><strong>sum-</strong></span> 
     </span>
     <span class='ocr_line' id='line_1_21' title="bbox 123 1323 1559 1378; baseline -0.004 -12"><span class='ocrx_word' id='word_1_171' title='bbox 123 1339 282 1366; x_wconf 82' lang='lat' dir='ltr'><strong>morum</strong></span> <span class='ocrx_word' id='word_1_172' title='bbox 298 1325 455 1364; x_wconf 89' lang='lat' dir='ltr'><strong>illorum</strong></span> <span class='ocrx_word' id='word_1_173' title='bbox 466 1325 689 1378; x_wconf 82' lang='lat' dir='ltr'><strong>principum</strong></span> <span class='ocrx_word' id='word_1_174' title='bbox 700 1339 841 1363; x_wconf 80' lang='lat' dir='ltr'><strong>uxores</strong></span> <span class='ocrx_word' id='word_1_175' title='bbox 854 1331 893 1363; x_wconf 92' lang='lat' dir='ltr'><strong>et</strong></span> <span class='ocrx_word' id='word_1_176' title='bbox 907 1325 1071 1362; x_wconf 88' lang='lat' dir='ltr'><strong>maritus</strong></span> <span class='ocrx_word' id='word_1_177' title='bbox 1083 1324 1278 1362; x_wconf 85' lang='lat' dir='ltr'><strong>Patriciae</strong></span> <span class='ocrx_word' id='word_1_178' title='bbox 1294 1323 1451 1361; x_wconf 85' lang='lat' dir='ltr'><strong>Zostae.</strong></span> <span class='ocrx_word' id='word_1_179' title='bbox 1466 1323 1502 1361; x_wconf 82' lang='lat' dir='ltr'>N</span> <span class='ocrx_word' id='word_1_180' title='bbox 1505 1337 1559 1361; x_wconf 82' lang='lat' dir='ltr'><strong>on</strong></span> 
     </span>
     <span class='ocr_line' id='line_1_22' title="bbox 126 1377 1561 1432; baseline -0.003 -12"><span class='ocrx_word' id='word_1_181' title='bbox 126 1382 255 1420; x_wconf 83' lang='lat' dir='ltr'><strong>ausim</strong></span> <span class='ocrx_word' id='word_1_182' title='bbox 268 1387 400 1420; x_wconf 86' lang='lat' dir='ltr'><strong>tamen</strong></span> <span class='ocrx_word' id='word_1_183' title='bbox 419 1380 497 1419; x_wconf 90' lang='lat' dir='ltr'><strong>boc</strong></span> <span class='ocrx_word' id='word_1_184' title='bbox 511 1378 723 1428; x_wconf 89' lang='lat' dir='ltr'><strong>affirmare,</strong></span> <span class='ocrx_word' id='word_1_185' title='bbox 754 1379 974 1432; x_wconf 86' lang='lat' dir='ltr'><strong>recogitans</strong></span> <span class='ocrx_word' id='word_1_186' title='bbox 999 1391 1199 1417; x_wconf 88' lang='lat' dir='ltr'><strong>summum</strong></span> <span class='ocrx_word' id='word_1_187' title='bbox 1229 1384 1298 1415; x_wconf 83' lang='lat' dir='ltr'><strong>aut</strong></span> <span class='ocrx_word' id='word_1_188' title='bbox 1318 1377 1463 1415; x_wconf 82' lang='lat' dir='ltr'><strong>fastum</strong></span> <span class='ocrx_word' id='word_1_189' title='bbox 1489 1385 1561 1416; x_wconf 85' lang='lat' dir='ltr'><strong>ant</strong></span> 
     </span>
     <span class='ocr_line' id='line_1_23' title="bbox 123 1431 1559 1488; baseline -0.004 -13"><span class='ocrx_word' id='word_1_190' title='bbox 123 1435 405 1475; x_wconf 76' lang='lat' dir='ltr'><strong>verecundiam</strong></span> <span class='ocrx_word' id='word_1_191' title='bbox 424 1435 718 1488; x_wconf 65' lang='lat' dir='ltr'><strong>Augustarum,</strong></span> <span class='ocrx_word' id='word_1_192' title='bbox 736 1448 839 1487; x_wconf 90' lang='lat' dir='ltr'><strong>quae</strong></span> <span class='ocrx_word' id='word_1_193' title='bbox 865 1433 1011 1486; x_wconf 89' lang='lat' dir='ltr'><strong>oppido</strong></span> <span class='ocrx_word' id='word_1_194' title='bbox 1038 1447 1130 1471; x_wconf 88' lang='lat' dir='ltr'><strong>raro</strong></span> <span class='ocrx_word' id='word_1_195' title='bbox 1150 1431 1381 1485; x_wconf 87' lang='lat' dir='ltr'><strong>proceribus</strong></span> <span class='ocrx_word' id='word_1_196' title='bbox 1410 1446 1451 1469; x_wconf 86' lang='lat' dir='ltr'><strong>se</strong></span> <span class='ocrx_word' id='word_1_197' title='bbox 1469 1446 1559 1484; x_wconf 88' lang='lat' dir='ltr'><strong>spe-</strong></span> 
     </span>
     <span class='ocr_line' id='line_1_24' title="bbox 125 1486 1561 1541; baseline -0.003 -12"><span class='ocrx_word' id='word_1_198' title='bbox 125 1497 276 1529; x_wconf 85' lang='lat' dir='ltr'><strong>ctatum</strong></span> <span class='ocrx_word' id='word_1_199' title='bbox 314 1490 476 1530; x_wconf 85' lang='lat' dir='ltr'><strong>dabant.</strong></span> <span class='ocrx_word' id='word_1_200' title='bbox 531 1489 584 1527; x_wconf 87' lang='lat' dir='ltr'><strong>Et</strong></span> <span class='ocrx_word' id='word_1_201' title='bbox 622 1495 825 1541; x_wconf 88' lang='lat' dir='ltr'><strong>praeterea</strong></span> <span class='ocrx_word' id='word_1_202' title='bbox 851 1502 931 1526; x_wconf 90' lang='lat' dir='ltr'><strong>non</strong></span> <span class='ocrx_word' id='word_1_203' title='bbox 961 1502 1115 1540; x_wconf 88' lang='lat' dir='ltr'><strong>semper</strong></span> <span class='ocrx_word' id='word_1_204' title='bbox 1141 1487 1308 1525; x_wconf 80' lang='lat' dir='ltr'><strong>aderant</strong></span> <span class='ocrx_word' id='word_1_205' title='bbox 1335 1486 1561 1539; x_wconf 85' lang='lat' dir='ltr'><strong>Basileopa-</strong></span> 
     </span>
     <span class='ocr_line' id='line_1_25' title="bbox 107 1542 1563 1597; baseline -0.003 -12"><span class='ocrx_word' id='word_1_206' title='bbox 107 1552 256 1592; x_wconf 52' lang='lat' dir='ltr'><strong>&lt;toi-es,</strong></span> <span class='ocrx_word' id='word_1_207' title='bbox 283 1556 414 1597; x_wconf 86' lang='lat' dir='ltr'><strong>neque</strong></span> <span class='ocrx_word' id='word_1_208' title='bbox 439 1543 690 1582; x_wconf 87' lang='lat' dir='ltr'><strong>nobilissimi.</strong></span> <span class='ocrx_word' id='word_1_209' title='bbox 757 1544 812 1581; x_wconf 87' lang='lat' dir='ltr'><strong>Et</strong></span> <span class='ocrx_word' id='word_1_210' title='bbox 838 1542 946 1596; x_wconf 89' lang='lat' dir='ltr'><strong>quod</strong></span> <span class='ocrx_word' id='word_1_211' title='bbox 964 1543 1219 1595; x_wconf 87' lang='lat' dir='ltr'><strong>praecipuum</strong></span> <span class='ocrx_word' id='word_1_212' title='bbox 1246 1547 1319 1587; x_wconf 89' lang='lat' dir='ltr'><strong>est,</strong></span> <span class='ocrx_word' id='word_1_213' title='bbox 1356 1542 1563 1593; x_wconf 80' lang='lat' dir='ltr'><strong>Augustae</strong></span> 
     </span>
     <span class='ocr_line' id='line_1_26' title="bbox 125 1597 1561 1651; baseline -0.004 -12"><span class='ocrx_word' id='word_1_214' title='bbox 125 1600 267 1639; x_wconf 82' lang='lat' dir='ltr'><strong>eodem</strong></span> <span class='ocrx_word' id='word_1_215' title='bbox 282 1598 402 1638; x_wconf 91' lang='lat' dir='ltr'><strong>modo</strong></span> <span class='ocrx_word' id='word_1_216' title='bbox 431 1605 471 1636; x_wconf 90' lang='lat' dir='ltr'><strong>et</strong></span> <span class='ocrx_word' id='word_1_217' title='bbox 496 1598 635 1636; x_wconf 90' lang='lat' dir='ltr'><strong>iisdem</strong></span> <span class='ocrx_word' id='word_1_218' title='bbox 656 1598 919 1651; x_wconf 87' lang='lat' dir='ltr'><strong>temporibus,</strong></span> <span class='ocrx_word' id='word_1_219' title='bbox 947 1612 1028 1650; x_wconf 87' lang='lat' dir='ltr'><strong>quo</strong></span> <span class='ocrx_word' id='word_1_220' title='bbox 1054 1597 1249 1650; x_wconf 86' lang='lat' dir='ltr'><strong>Augusti,</strong></span> <span class='ocrx_word' id='word_1_221' title='bbox 1277 1597 1470 1634; x_wconf 74' lang='lat' dir='ltr'><strong>conviviis</strong></span> <span class='ocrx_word' id='word_1_222' title='bbox 1496 1610 1561 1634; x_wconf 85' lang='lat' dir='ltr'><strong>so·</strong></span> 
     </span>
     <span class='ocr_line' id='line_1_27' title="bbox 124 1650 1560 1706; baseline -0.002 -14"><span class='ocrx_word' id='word_1_223' title='bbox 124 1654 309 1693; x_wconf 83' lang='lat' dir='ltr'><strong>lennibus</strong></span> <span class='ocrx_word' id='word_1_224' title='bbox 336 1652 581 1706; x_wconf 87' lang='lat' dir='ltr'><strong>excipiebant</strong></span> <span class='ocrx_word' id='word_1_225' title='bbox 607 1667 748 1691; x_wconf 85' lang='lat' dir='ltr'><strong>uxores</strong></span> <span class='ocrx_word' id='word_1_226' title='bbox 788 1667 926 1691; x_wconf 87' lang='lat' dir='ltr'><strong>eorum</strong></span> <span class='ocrx_word' id='word_1_227' title='bbox 955 1666 1164 1704; x_wconf 88' lang='lat' dir='ltr'><strong>procerum</strong></span> <span class='ocrx_word' id='word_1_228' title='bbox 1181 1681 1193 1701; x_wconf 90' lang='lat'><strong>,</strong></span> <span class='ocrx_word' id='word_1_229' title='bbox 1225 1663 1325 1702; x_wconf 87' lang='lat' dir='ltr'><strong>quos</strong></span> <span class='ocrx_word' id='word_1_230' title='bbox 1352 1650 1560 1703; x_wconf 83' lang='lat' dir='ltr'><strong>Augustus</strong></span> 
     </span>
     <span class='ocr_line' id='line_1_28' title="bbox 123 1705 1561 1762; baseline -0.003 -14"><span class='ocrx_word' id='word_1_231' title='bbox 123 1722 245 1762; x_wconf 89' lang='lat' dir='ltr'><strong>penes</strong></span> <span class='ocrx_word' id='word_1_232' title='bbox 284 1722 326 1747; x_wconf 92' lang='lat' dir='ltr'><strong>se</strong></span> <span class='ocrx_word' id='word_1_233' title='bbox 364 1709 553 1747; x_wconf 82' lang='lat' dir='ltr'><strong>convivas</strong></span> <span class='ocrx_word' id='word_1_234' title='bbox 593 1707 785 1757; x_wconf 79' lang='lat' dir='ltr'><strong>haberet3</strong></span> <span class='ocrx_word' id='word_1_235' title='bbox 813 1722 856 1746; x_wconf 84' lang='lat' dir='ltr'><strong>v.</strong></span> <span class='ocrx_word' id='word_1_236' title='bbox 886 1707 937 1746; x_wconf 91' lang='lat' dir='ltr'><strong>ad</strong></span> <span class='ocrx_word' id='word_1_237' title='bbox 970 1722 1009 1759; x_wconf 84' lang='lat' dir='ltr'><strong>p.</strong></span> <span class='ocrx_word' id='word_1_238' title='bbox 1044 1707 1196 1760; x_wconf 68' lang='lat' dir='ltr'><strong>152.C.</strong></span> <span class='ocrx_word' id='word_1_239' title='bbox 1222 1705 1298 1743; x_wconf 90' lang='lat' dir='ltr'><strong>ult.</strong></span> <span class='ocrx_word' id='word_1_240' title='bbox 1327 1712 1367 1743; x_wconf 93' lang='lat' dir='ltr'><strong>et</strong></span> <span class='ocrx_word' id='word_1_241' title='bbox 1397 1719 1436 1757; x_wconf 87' lang='lat' dir='ltr'><strong>p.</strong></span> <span class='ocrx_word' id='word_1_242' title='bbox 1464 1719 1561 1757; x_wconf 63' lang='lat'><strong>2273</strong></span> 
     </span>
     <span class='ocr_line' id='line_1_29' title="bbox 125 1758 1561 1815; baseline -0.002 -13"><span class='ocrx_word' id='word_1_243' title='bbox 125 1765 175 1803; x_wconf 90' lang='lat' dir='ltr'><strong>B.</strong></span> <span class='ocrx_word' id='word_1_244' title='bbox 208 1777 243 1803; x_wconf 78' lang='lat'><strong>1.</strong></span> <span class='ocrx_word' id='word_1_245' title='bbox 275 1763 409 1802; x_wconf 89' lang='lat' dir='ltr'><strong>Etiam</strong></span> <span class='ocrx_word' id='word_1_246' title='bbox 436 1764 479 1801; x_wconf 92' lang='lat' dir='ltr'><strong>in</strong></span> <span class='ocrx_word' id='word_1_247' title='bbox 508 1763 693 1801; x_wconf 87' lang='lat' dir='ltr'><strong>convivio</strong></span> <span class='ocrx_word' id='word_1_248' title='bbox 717 1763 908 1815; x_wconf 89' lang='lat' dir='ltr'><strong>principis</strong></span> <span class='ocrx_word' id='word_1_249' title='bbox 934 1761 1182 1810; x_wconf 79' lang='lat' dir='ltr'><strong>Moldaviae,</strong></span> <span class='ocrx_word' id='word_1_250' title='bbox 1222 1773 1302 1813; x_wconf 89' lang='lat' dir='ltr'><strong>quo</strong></span> <span class='ocrx_word' id='word_1_251' title='bbox 1331 1758 1482 1812; x_wconf 78' lang='lat' dir='ltr'><strong>clerum</strong></span> <span class='ocrx_word' id='word_1_252' title='bbox 1520 1767 1561 1799; x_wconf 88' lang='lat' dir='ltr'><strong>et</strong></span> 
     </span>
     <span class='ocr_line' id='line_1_30' title="bbox 125 1814 1559 1871; baseline -0.003 -14"><span class='ocrx_word' id='word_1_253' title='bbox 125 1831 308 1871; x_wconf 80' lang='lat' dir='ltr'><strong>proceres</strong></span> <span class='ocrx_word' id='word_1_254' title='bbox 343 1831 436 1856; x_wconf 89' lang='lat' dir='ltr'><strong>suos</strong></span> <span class='ocrx_word' id='word_1_255' title='bbox 475 1818 637 1870; x_wconf 82' lang='lat' dir='ltr'><strong>excipit,</strong></span> <span class='ocrx_word' id='word_1_256' title='bbox 688 1825 727 1856; x_wconf 90' lang='lat' dir='ltr'><strong>et</strong></span> <span class='ocrx_word' id='word_1_257' title='bbox 752 1818 860 1870; x_wconf 91' lang='lat' dir='ltr'><strong>quod</strong></span> <span class='ocrx_word' id='word_1_258' title='bbox 886 1818 927 1854; x_wconf 88' lang='lat' dir='ltr'><strong>in</strong></span> <span class='ocrx_word' id='word_1_259' title='bbox 956 1815 1091 1855; x_wconf 89' lang='lat' dir='ltr'><strong>multis</strong></span> <span class='ocrx_word' id='word_1_260' title='bbox 1118 1830 1210 1854; x_wconf 90' lang='lat' dir='ltr'><strong>cum</strong></span> <span class='ocrx_word' id='word_1_261' title='bbox 1237 1814 1464 1853; x_wconf 88' lang='lat' dir='ltr'><strong>solennibus</strong></span> <span class='ocrx_word' id='word_1_262' title='bbox 1488 1829 1559 1853; x_wconf 79' lang='lat' dir='ltr'><strong>ve-</strong></span> 
     </span>
     <span class='ocr_line' id='line_1_31' title="bbox 126 1870 1561 1925; baseline -0.003 -14"><span class='ocrx_word' id='word_1_263' title='bbox 126 1880 258 1911; x_wconf 85' lang='lat' dir='ltr'><strong>terum</strong></span> <span class='ocrx_word' id='word_1_264' title='bbox 295 1873 425 1925; x_wconf 90' lang='lat' dir='ltr'><strong>Impp.</strong></span> <span class='ocrx_word' id='word_1_265' title='bbox 463 1871 715 1910; x_wconf 85' lang='lat' dir='ltr'><strong>CPtanorum</strong></span> <span class='ocrx_word' id='word_1_266' title='bbox 752 1872 945 1910; x_wconf 83' lang='lat' dir='ltr'><strong>conviviis</strong></span> <span class='ocrx_word' id='word_1_267' title='bbox 986 1872 1200 1920; x_wconf 79' lang='lat' dir='ltr'><strong>convenit,</strong></span> <span class='ocrx_word' id='word_1_268' title='bbox 1251 1876 1298 1907; x_wconf 89' lang='lat' dir='ltr'><strong>ut</strong></span> <span class='ocrx_word' id='word_1_269' title='bbox 1334 1870 1456 1922; x_wconf 84' lang='lat' dir='ltr'><strong>possit</strong></span> <span class='ocrx_word' id='word_1_270' title='bbox 1490 1884 1561 1908; x_wconf 85' lang='lat' dir='ltr'><strong>co-</strong></span> 
     </span>
     <span class='ocr_line' id='line_1_32' title="bbox 128 1924 1560 1980; baseline -0.003 -15"><span class='ocrx_word' id='word_1_271' title='bbox 128 1940 221 1965; x_wconf 87' lang='lat' dir='ltr'><strong>rum</strong></span> <span class='ocrx_word' id='word_1_272' title='bbox 252 1927 380 1979; x_wconf 86' lang='lat' dir='ltr'><strong>imago</strong></span> <span class='ocrx_word' id='word_1_273' title='bbox 411 1926 552 1964; x_wconf 89' lang='lat' dir='ltr'><strong>merito</strong></span> <span class='ocrx_word' id='word_1_274' title='bbox 585 1927 692 1977; x_wconf 83' lang='lat' dir='ltr'><strong>dici,</strong></span> <span class='ocrx_word' id='word_1_275' title='bbox 732 1928 962 1980; x_wconf 82' lang='lat' dir='ltr'><strong>principissa</strong></span> <span class='ocrx_word' id='word_1_276' title='bbox 989 1940 1070 1964; x_wconf 93' lang='lat' dir='ltr'><strong>non</strong></span> <span class='ocrx_word' id='word_1_277' title='bbox 1098 1926 1222 1964; x_wconf 84' lang='lat' dir='ltr'><strong>adest.</strong></span> <span class='ocrx_word' id='word_1_278' title='bbox 1282 1925 1483 1963; x_wconf 86' lang='lat' dir='ltr'><strong>Describit</strong></span> <span class='ocrx_word' id='word_1_279' title='bbox 1510 1924 1560 1962; x_wconf 86' lang='lat' dir='ltr'><strong>il-</strong></span> 
     </span>
     <span class='ocr_line' id='line_1_33' title="bbox 127 1980 1559 2034; baseline -0.003 -14"><span class='ocrx_word' id='word_1_280' title='bbox 127 1980 200 2020; x_wconf 83' lang='lat' dir='ltr'><strong>lud</strong></span> <span class='ocrx_word' id='word_1_281' title='bbox 226 1982 455 2020; x_wconf 79' lang='lat' dir='ltr'><strong>convivium</strong></span> <span class='ocrx_word' id='word_1_282' title='bbox 476 1981 533 2019; x_wconf 89' lang='lat' dir='ltr'><strong>La</strong></span> <span class='ocrx_word' id='word_1_283' title='bbox 565 1981 683 2020; x_wconf 83' lang='lat' dir='ltr'><strong>Croix</strong></span> <span class='ocrx_word' id='word_1_284' title='bbox 710 1983 751 2020; x_wconf 90' lang='lat' dir='ltr'><strong>in</strong></span> <span class='ocrx_word' id='word_1_285' title='bbox 783 1981 903 2020; x_wconf 85' lang='lat' dir='ltr'><strong>l&#39;Etat</strong></span> <span class='ocrx_word' id='word_1_286' title='bbox 929 1982 1087 2034; x_wconf 71' lang='lat' dir='ltr'><strong>present</strong></span> <span class='ocrx_word' id='word_1_287' title='bbox 1112 1981 1162 2019; x_wconf 88' lang='lat' dir='ltr'><strong>de</strong></span> <span class='ocrx_word' id='word_1_288' title='bbox 1189 1980 1348 2033; x_wconf 82' lang='lat' dir='ltr'><strong>l’Eglise</strong></span> <span class='ocrx_word' id='word_1_289' title='bbox 1377 1981 1559 2031; x_wconf 82' lang='lat' dir='ltr'><strong>Grecque</strong></span> 
     </span>
     <span class='ocr_line' id='line_1_34' title="bbox 128 2033 1560 2088; baseline -0.003 -13"><span class='ocrx_word' id='word_1_290' title='bbox 128 2036 180 2075; x_wconf 89' lang='lat' dir='ltr'><strong>L.</strong></span> <span class='ocrx_word' id='word_1_291' title='bbox 217 2050 248 2076; x_wconf 81' lang='lat'><strong>¹.</strong></span> <span class='ocrx_word' id='word_1_292' title='bbox 275 2050 313 2075; x_wconf 82' lang='lat' dir='ltr'><strong>c.</strong></span> <span class='ocrx_word' id='word_1_293' title='bbox 351 2035 441 2085; x_wconf 88' lang='lat'><strong>15.,</strong></span> <span class='ocrx_word' id='word_1_294' title='bbox 480 2050 597 2088; x_wconf 83' lang='lat' dir='ltr'><strong>quem</strong></span> <span class='ocrx_word' id='word_1_295' title='bbox 633 2043 764 2075; x_wconf 88' lang='lat' dir='ltr'><strong>totum</strong></span> <span class='ocrx_word' id='word_1_296' title='bbox 805 2036 965 2086; x_wconf 90' lang='lat' dir='ltr'><strong>locum,</strong></span> <span class='ocrx_word' id='word_1_297' title='bbox 1010 2037 1103 2088; x_wconf 88' lang='lat' dir='ltr'><strong>quia</strong></span> <span class='ocrx_word' id='word_1_298' title='bbox 1136 2034 1443 2087; x_wconf 86' lang='lat' dir='ltr'><strong>Cletorologium</strong></span> <span class='ocrx_word' id='word_1_299' title='bbox 1482 2033 1560 2071; x_wconf 85' lang='lat' dir='ltr'><strong>hoc</strong></span> 
     </span>
     <span class='ocr_line' id='line_1_35' title="bbox 128 2089 1559 2144; baseline -0.003 -15"><span class='ocrx_word' id='word_1_300' title='bbox 128 2098 309 2129; x_wconf 85' lang='lat' dir='ltr'><strong>nostrum</strong></span> <span class='ocrx_word' id='word_1_301' title='bbox 337 2090 490 2144; x_wconf 81' lang='lat' dir='ltr'><strong>egregie</strong></span> <span class='ocrx_word' id='word_1_302' title='bbox 517 2090 699 2141; x_wconf 82' lang='lat' dir='ltr'><strong>illustrat,</strong></span> <span class='ocrx_word' id='word_1_303' title='bbox 731 2105 810 2129; x_wconf 89' lang='lat' dir='ltr'><strong>non</strong></span> <span class='ocrx_word' id='word_1_304' title='bbox 839 2091 985 2144; x_wconf 84' lang='lat' dir='ltr'><strong>pigebit</strong></span> <span class='ocrx_word' id='word_1_305' title='bbox 1006 2089 1235 2128; x_wconf 88' lang='lat' dir='ltr'><strong>contulisse.</strong></span> <span class='ocrx_word' id='word_1_306' title='bbox 1276 2090 1452 2141; x_wconf 86' lang='lat' dir='ltr'><strong>Colligas</strong></span> <span class='ocrx_word' id='word_1_307' title='bbox 1468 2090 1559 2140; x_wconf 78' lang='lat' dir='ltr'><strong>qui-</strong></span> 
     </span>
     <span class='ocr_line' id='line_1_36' title="bbox 127 2144 1558 2198; baseline -0.003 -14"><span class='ocrx_word' id='word_1_308' title='bbox 127 2144 221 2184; x_wconf 88' lang='lat' dir='ltr'><strong>dem</strong></span> <span class='ocrx_word' id='word_1_309' title='bbox 249 2160 272 2184; x_wconf 89' lang='lat' dir='ltr'><strong>e</strong></span> <span class='ocrx_word' id='word_1_310' title='bbox 301 2145 388 2184; x_wconf 91' lang='lat' dir='ltr'><strong>loco</strong></span> <span class='ocrx_word' id='word_1_311' title='bbox 415 2145 576 2184; x_wconf 76' lang='lat' dir='ltr'><strong>Nicetae</strong></span> <span class='ocrx_word' id='word_1_312' title='bbox 602 2160 644 2198; x_wconf 91' lang='lat' dir='ltr'><strong>p.</strong></span> <span class='ocrx_word' id='word_1_313' title='bbox 675 2147 770 2185; x_wconf 79' lang='lat'><strong>232.</strong></span> <span class='ocrx_word' id='word_1_314' title='bbox 790 2146 866 2192; x_wconf 86' lang='lat' dir='ltr'><strong>A.‚</strong></span> <span class='ocrx_word' id='word_1_315' title='bbox 898 2146 1086 2184; x_wconf 78' lang='lat' dir='ltr'><strong>foeminas</strong></span> <span class='ocrx_word' id='word_1_316' title='bbox 1104 2158 1261 2198; x_wconf 80' lang='lat' dir='ltr'><strong>quoque</strong></span> <span class='ocrx_word' id='word_1_317' title='bbox 1276 2145 1371 2196; x_wconf 85' lang='lat' dir='ltr'><strong>regii</strong></span> <span class='ocrx_word' id='word_1_318' title='bbox 1398 2145 1558 2194; x_wconf 75' lang='lat' dir='ltr'><strong>sangui-</strong></span> 
     </span>
     <span class='ocr_line' id='line_1_37' title="bbox 128 2198 1557 2252; baseline -0.001 -15"><span class='ocrx_word' id='word_1_319' title='bbox 128 2200 191 2238; x_wconf 89' lang='lat' dir='ltr'><strong>nis</strong></span> <span class='ocrx_word' id='word_1_320' title='bbox 228 2214 319 2238; x_wconf 85' lang='lat' dir='ltr'><strong>cum</strong></span> <span class='ocrx_word' id='word_1_321' title='bbox 349 2201 593 2252; x_wconf 85' lang='lat' dir='ltr'><strong>Imperatore</strong></span> <span class='ocrx_word' id='word_1_322' title='bbox 621 2201 796 2252; x_wconf 83' lang='lat' dir='ltr'><strong>epulatas</strong></span> <span class='ocrx_word' id='word_1_323' title='bbox 835 2201 966 2239; x_wconf 80' lang='lat' dir='ltr'><strong>fiJisse.</strong></span> <span class='ocrx_word' id='word_1_324' title='bbox 1024 2199 1102 2238; x_wconf 90' lang='lat' dir='ltr'><strong>Sed</strong></span> <span class='ocrx_word' id='word_1_325' title='bbox 1139 2199 1204 2238; x_wconf 92' lang='lat' dir='ltr'><strong>ille</strong></span> <span class='ocrx_word' id='word_1_326' title='bbox 1234 2199 1288 2238; x_wconf 89' lang='lat' dir='ltr'><strong>ibi</strong></span> <span class='ocrx_word' id='word_1_327' title='bbox 1315 2199 1365 2237; x_wconf 93' lang='lat' dir='ltr'><strong>de</strong></span> <span class='ocrx_word' id='word_1_328' title='bbox 1392 2198 1557 2251; x_wconf 80' lang='lat' dir='ltr'><strong>privatis</strong></span> 
     </span>
     <span class='ocr_line' id='line_1_38' title="bbox 127 2253 1238 2307; baseline 0 -15"><span class='ocrx_word' id='word_1_329' title='bbox 127 2253 281 2307; x_wconf 88' lang='lat' dir='ltr'><strong>epulis,</strong></span> <span class='ocrx_word' id='word_1_330' title='bbox 310 2268 390 2292; x_wconf 90' lang='lat' dir='ltr'><strong>non</strong></span> <span class='ocrx_word' id='word_1_331' title='bbox 418 2255 469 2292; x_wconf 90' lang='lat' dir='ltr'><strong>de</strong></span> <span class='ocrx_word' id='word_1_332' title='bbox 494 2253 664 2307; x_wconf 87' lang='lat' dir='ltr'><strong>publicis</strong></span> <span class='ocrx_word' id='word_1_333' title='bbox 691 2257 803 2294; x_wconf 83' lang='lat' dir='ltr'><strong>statis</strong></span> <span class='ocrx_word' id='word_1_334' title='bbox 830 2255 1022 2294; x_wconf 80' lang='lat' dir='ltr'><strong>conviviis</strong></span> <span class='ocrx_word' id='word_1_335' title='bbox 1048 2253 1238 2307; x_wconf 85' lang='lat' dir='ltr'><strong>loquitur.</strong></span> 
     </span>
    </p>

    <p class='ocr_par' dir='ltr' id='par_1_5' title="bbox 127 2304 1559 2524">
     <span class='ocr_line' id='line_1_39' title="bbox 238 2304 1559 2362; baseline -0.002 -16"><span class='ocrx_word' id='word_1_336' title='bbox 238 2308 286 2346; x_wconf 91' lang='lat' dir='ltr'><strong>C.</strong></span> <span class='ocrx_word' id='word_1_337' title='bbox 313 2309 354 2347; x_wconf 84' lang='lat'><strong>5.</strong></span> <span class='ocrx_word' id='word_1_338' title='bbox 384 2307 498 2362; x_wconf 75' lang='lat'><strong>[727,</strong></span> <span class='ocrx_word' id='word_1_339' title='bbox 522 2307 580 2362; x_wconf 73' lang='grc'><strong>2.]</strong></span> <span class='ocrx_word' id='word_1_340' title='bbox 622 2310 693 2361; x_wconf 71' lang='grc' dir='ltr'><strong>τῆς</strong></span> <span class='ocrx_word' id='word_1_341' title='bbox 731 2309 928 2361; x_wconf 77' lang='grc' dir='ltr'><em>δευτέρας</em></span> <span class='ocrx_word' id='word_1_342' title='bbox 954 2304 1189 2359; x_wconf 76' lang='grc' dir='ltr'>ὑπάρχουσι</span> <span class='ocrx_word' id='word_1_343' title='bbox 1213 2305 1381 2356; x_wconf 77' lang='grc' dir='ltr'><strong>τάξεως.</strong></span> <span class='ocrx_word' id='word_1_344' title='bbox 1453 2305 1559 2359; x_wconf 73' lang='lat' dir='ltr'><strong>Satis</strong></span> 
     </span>
     <span class='ocr_line' id='line_1_40' title="bbox 128 2360 1557 2417; baseline -0.001 -16"><span class='ocrx_word' id='word_1_345' title='bbox 128 2361 229 2401; x_wconf 86' lang='lat' dir='ltr'><strong>haec</strong></span> <span class='ocrx_word' id='word_1_346' title='bbox 255 2362 376 2401; x_wconf 79' lang='lat' dir='ltr'><strong>verba</strong></span> <span class='ocrx_word' id='word_1_347' title='bbox 403 2363 609 2412; x_wconf 74' lang='lat' dir='ltr'><strong>indicant,</strong></span> <span class='ocrx_word' id='word_1_348' title='bbox 639 2363 884 2417; x_wconf 86' lang='lat' dir='ltr'><strong>reliquarum</strong></span> <span class='ocrx_word' id='word_1_349' title='bbox 916 2364 1095 2402; x_wconf 84' lang='lat' dir='ltr'><strong>omnium</strong></span> <span class='ocrx_word' id='word_1_350' title='bbox 1126 2362 1362 2415; x_wconf 87' lang='lat' dir='ltr'><strong>dignitatum</strong></span> <span class='ocrx_word' id='word_1_351' title='bbox 1403 2360 1557 2400; x_wconf 87' lang='lat' dir='ltr'><strong>nullam</strong></span> 
     </span>
     <span class='ocr_line' id='line_1_41' title="bbox 127 2417 1558 2470; baseline -0.001 -15"><span class='ocrx_word' id='word_1_352' title='bbox 127 2417 181 2455; x_wconf 88' lang='lat' dir='ltr'><strong>ad</strong></span> <span class='ocrx_word' id='word_1_353' title='bbox 206 2424 425 2469; x_wconf 87' lang='lat' dir='ltr'><strong>separatam</strong></span> <span class='ocrx_word' id='word_1_354' title='bbox 455 2431 628 2456; x_wconf 88' lang='lat' dir='ltr'><strong>mensam</strong></span> <span class='ocrx_word' id='word_1_355' title='bbox 656 2419 774 2457; x_wconf 82' lang='lat' dir='ltr'><strong>fuisse</strong></span> <span class='ocrx_word' id='word_1_356' title='bbox 799 2419 1025 2457; x_wconf 59' lang='lat' dir='ltr'><strong>admissama</strong></span> <span class='ocrx_word' id='word_1_357' title='bbox 1080 2418 1208 2470; x_wconf 78' lang='lat' dir='ltr'><strong>Atqui</strong></span> <span class='ocrx_word' id='word_1_358' title='bbox 1234 2425 1366 2456; x_wconf 90' lang='lat' dir='ltr'><strong>tamen</strong></span> <span class='ocrx_word' id='word_1_359' title='bbox 1397 2422 1558 2455; x_wconf 76' lang='lat' dir='ltr'><strong>contra-</strong></span> 
     </span>
     <span class='ocr_line' id='line_1_42' title="bbox 128 2471 875 2524; baseline 0.003 -14"><span class='ocrx_word' id='word_1_360' title='bbox 128 2471 234 2510; x_wconf 82' lang='lat' dir='ltr'><strong>rium</strong></span> <span class='ocrx_word' id='word_1_361' title='bbox 261 2473 379 2510; x_wconf 84' lang='lat' dir='ltr'><strong>toties</strong></span> <span class='ocrx_word' id='word_1_362' title='bbox 404 2471 588 2524; x_wconf 90' lang='lat' dir='ltr'><strong>deinceps</strong></span> <span class='ocrx_word' id='word_1_363' title='bbox 616 2479 875 2512; x_wconf 84' lang='lat' dir='ltr'><strong>asseveratur.</strong></span> 
     </span>
    </p>

    <p class='ocr_par' dir='ltr' id='par_1_6' title="bbox 130 2522 1557 2799">
     <span class='ocr_line' id='line_1_43' title="bbox 238 2522 1555 2579; baseline -0.002 -15"><span class='ocrx_word' id='word_1_364' title='bbox 238 2525 284 2564; x_wconf 91' lang='lat' dir='ltr'><strong>C.</strong></span> <span class='ocrx_word' id='word_1_365' title='bbox 316 2524 359 2577; x_wconf 72' lang='grc'><strong>4.</strong></span> <span class='ocrx_word' id='word_1_366' title='bbox 389 2524 579 2579; x_wconf 49' lang='grc'><strong>[727,5«]</strong></span> <span class='ocrx_word' id='word_1_367' title='bbox 618 2522 640 2565; x_wconf 85' lang='grc' dir='ltr'><em>ὃ</em></span> <span class='ocrx_word' id='word_1_368' title='bbox 662 2525 916 2579; x_wconf 77' lang='grc' dir='ltr'><strong>μα’γιστρος,</strong></span> <span class='ocrx_word' id='word_1_369' title='bbox 957 2523 982 2564; x_wconf 78' lang='grc' dir='ltr'><em>ὅ</em></span> <span class='ocrx_word' id='word_1_370' title='bbox 1019 2524 1258 2578; x_wconf 78' lang='grc' dir='ltr'><strong>μᾰγιστρος.</strong></span> <span class='ocrx_word' id='word_1_371' title='bbox 1333 2523 1555 2563; x_wconf 86' lang='lat' dir='ltr'><strong>Credebam</strong></span> 
     </span>
     <span class='ocr_line' id='line_1_44' title="bbox 131 2575 1557 2634; baseline -0.001 -15"><span class='ocrx_word' id='word_1_372' title='bbox 131 2579 359 2634; x_wconf 83' lang='lat' dir='ltr'><strong>aliquando,</strong></span> <span class='ocrx_word' id='word_1_373' title='bbox 393 2580 614 2619; x_wconf 90' lang='lat' dir='ltr'><strong>secundum</strong></span> <span class='ocrx_word' id='word_1_374' title='bbox 641 2575 663 2619; x_wconf 80' lang='grc' dir='ltr'><em>ὃ</em></span> <span class='ocrx_word' id='word_1_375' title='bbox 687 2578 911 2632; x_wconf 71' lang='grc' dir='ltr'><em>μάγιστρος</em></span> <span class='ocrx_word' id='word_1_376' title='bbox 938 2582 1080 2620; x_wconf 85' lang='lat' dir='ltr'><strong>vitiose</strong></span> <span class='ocrx_word' id='word_1_377' title='bbox 1097 2583 1284 2620; x_wconf 88' lang='lat' dir='ltr'><strong>iteratum</strong></span> <span class='ocrx_word' id='word_1_378' title='bbox 1305 2593 1401 2621; x_wconf 90' lang='lat' dir='ltr'><strong>esse.</strong></span> <span class='ocrx_word' id='word_1_379' title='bbox 1437 2579 1557 2627; x_wconf 83' lang='lat' dir='ltr'><strong>Certe</strong></span> 
     </span>
     <span class='ocr_line' id='line_1_45' title="bbox 130 2633 1554 2688; baseline 0.001 -17"><span class='ocrx_word' id='word_1_380' title='bbox 130 2647 170 2685; x_wconf 86' lang='lat' dir='ltr'><strong>p.</strong></span> <span class='ocrx_word' id='word_1_381' title='bbox 198 2633 292 2685; x_wconf 67' lang='lat'><strong>423.</strong></span> <span class='ocrx_word' id='word_1_382' title='bbox 313 2635 355 2676; x_wconf 91' lang='lat' dir='ltr'><strong>C.</strong></span> <span class='ocrx_word' id='word_1_383' title='bbox 374 2634 413 2684; x_wconf 73' lang='grc'><strong>4.</strong></span> <span class='ocrx_word' id='word_1_384' title='bbox 443 2642 598 2673; x_wconf 88' lang='lat' dir='ltr'><strong>tantum</strong></span> <span class='ocrx_word' id='word_1_385' title='bbox 626 2635 745 2674; x_wconf 91' lang='lat' dir='ltr'><strong>semel</strong></span> <span class='ocrx_word' id='word_1_386' title='bbox 759 2636 986 2674; x_wconf 84' lang='lat' dir='ltr'><strong>nominatur</strong></span> <span class='ocrx_word' id='word_1_387' title='bbox 1000 2637 1200 2688; x_wconf 87' lang='lat' dir='ltr'><strong>magister.</strong></span> <span class='ocrx_word' id='word_1_388' title='bbox 1244 2634 1396 2674; x_wconf 89' lang='lat' dir='ltr'><strong>Verum</strong></span> <span class='ocrx_word' id='word_1_389' title='bbox 1423 2640 1554 2687; x_wconf 78' lang='lat' dir='ltr'><strong>potest</strong></span> 
     </span>
     <span class='ocr_line' id='line_1_46' title="bbox 132 2687 1553 2730; baseline 0.001 -4"><span class='ocrx_word' id='word_1_390' title='bbox 132 2687 316 2728; x_wconf 80' lang='lat' dir='ltr'><strong>librarius</strong></span> <span class='ocrx_word' id='word_1_391' title='bbox 352 2689 525 2728; x_wconf 88' lang='lat' dir='ltr'><strong>defendi.</strong></span> <span class='ocrx_word' id='word_1_392' title='bbox 582 2689 679 2730; x_wconf 87' lang='lat' dir='ltr'><strong>Nam</strong></span> <span class='ocrx_word' id='word_1_393' title='bbox 715 2697 755 2728; x_wconf 89' lang='lat' dir='ltr'><strong>et</strong></span> <span class='ocrx_word' id='word_1_394' title='bbox 794 2690 890 2728; x_wconf 79' lang='lat' dir='ltr'><strong>alibi</strong></span> <span class='ocrx_word' id='word_1_395' title='bbox 928 2692 1054 2729; x_wconf 86' lang='lat' dir='ltr'><strong>nostri</strong></span> <span class='ocrx_word' id='word_1_396' title='bbox 1093 2690 1252 2730; x_wconf 87' lang='lat' dir='ltr'><strong>Codicis</strong></span> <span class='ocrx_word' id='word_1_397' title='bbox 1279 2696 1553 2728; x_wconf 85' lang='lat' dir='ltr'><strong>memorantur</strong></span> 
     </span>
     <span class='ocr_line' id='line_1_47' title="bbox 130 2741 1550 2799; baseline 0.001 -19"><span class='ocrx_word' id='word_1_398' title='bbox 130 2741 211 2781; x_wconf 78' lang='lat' dir='ltr'><strong>(luo</strong></span> <span class='ocrx_word' id='word_1_399' title='bbox 226 2744 427 2797; x_wconf 84' lang='lat' dir='ltr'><strong>magistri,</strong></span> <span class='ocrx_word' id='word_1_400' title='bbox 462 2758 635 2798; x_wconf 87' lang='lat' dir='ltr'><strong>quorum</strong></span> <span class='ocrx_word' id='word_1_401' title='bbox 663 2757 766 2783; x_wconf 80' lang='lat' dir='ltr'><strong>unus</strong></span> <span class='ocrx_word' id='word_1_402' title='bbox 790 2745 948 2784; x_wconf 84' lang='lat' dir='ltr'><strong>videtur</strong></span> <span class='ocrx_word' id='word_1_403' title='bbox 979 2746 1018 2784; x_wconf 89' lang='lat' dir='ltr'><strong>in</strong></span> <span class='ocrx_word' id='word_1_404' title='bbox 1046 2753 1159 2799; x_wconf 78' lang='lat' dir='ltr'><strong>parte</strong></span> <span class='ocrx_word' id='word_1_405' title='bbox 1174 2745 1345 2798; x_wconf 82' lang='lat' dir='ltr'><strong>Augusti</strong></span> <span class='ocrx_word' id='word_1_406' title='bbox 1371 2745 1550 2795; x_wconf 78' lang='lat' dir='ltr'><strong>maioris,</strong></span> 
     </span>
    </p>
   </div>
  </div>
 </body>
</html>
