1884 3132
220 154 295 196 An
337 153 649 198 CONSTANT„
673 152 867 195 Pomm.
909 154 979 193 DE
1006 152 1196 194 OEmM.
1236 154 1333 194 Lm.
1373 156 1407 194 1.
1463 133 1576 208 3¹7

148 254 392 308 significetne
427 254 495 305 id,
539 253 647 308 quod
679 254 829 293 editum
869 253 970 301 suit,
1012 268 1063 292 an
1094 251 1403 307 εὖφημοῦντος,
1446 269 1569 309 quum

143 309 356 348 decernere
376 323 590 362 nequeam,
622 308 707 348 aliis
725 307 906 362 relinquo
933 308 1190 347 iudicandum
1264 308 1418 349 Inclino
1435 317 1568 349 tamen
1588 311 1646 347 Ed.
1671 311 1707 350 L,
1739 324 1801 349 που

145 377 222 413 eo,
251 371 298 403 ut
326 371 488 417 putem,
526 364 733 403 lectionem
762 363 963 417 vulgatam
1002 357 1240 416 εὐφημοῦσι
1281 364 1405 403 altera
1439 367 1570 405 conie-

144 425 258 457 ctura
290 426 505 472 praestare.
562 419 598 456 F
599 420 839 458 actionarius
866 419 956 470 quis
983 418 1127 464 fuerit,
1160 433 1240 457 non
1267 419 1368 458 bene
1401 428 1571 460 constat.

145 473 341 512 Videatur
377 487 423 513 ex
455 473 598 512 celebri
637 473 724 512 loco
765 474 908 512 Leonis
950 473 1208 512 Grammatiei
1242 489 1280 527 p.
1322 474 1416 525 453.
1451 476 1497 514 Β.
1532 477 1570 515 3.

146 526 363 582 *[Symeon
394 528 563 581 Logoth.
594 542 632 581 p.
653 526 748 579 452.
765 535 804 566 et
823 528 967 580 Georg.
999 528 1188 566 Monach.
1213 542 1253 580 p.
1280 528 1417 583 ὄις-Τ*
1443 530 1575 584 colligi

143 596 260 634 posse
278 612 290 633 ‚
334 583 611 622 factionarium
651 596 977 636 unumquemque
1018 582 1139 620 fuisse
1171 582 1221 621 de
1261 583 1431 623 factlone
1463 587 1576 624 circi.

145 637 299 676 Verum
339 651 386 676 ex
432 637 508 676 hoc
542 636 630 676 loeo
671 639 803 690 potius
844 637 1067 690 colligitur,
1124 644 1163 676 et
1206 651 1252 676 cx
1303 637 1390 678 aliis
1435 640 1572 680 multis

146 694 271 731 nostri
300 691 472 742 codicis,
502 694 645 745 cuique
670 692 834 731 factioni
862 706 944 731 non
975 691 1094 730 fuisse
1127 693 1203 730 nisi
1229 707 1354 732 unum
1383 693 1574 734 factiona-

144 747 266 785 rium.
324 746 485 785 Glossae
511 747 616 799 apud
646 747 713 785 Du
751 748 885 800 Gange
918 746 1048 785 Gloss.
1079 746 1151 784 Gr.
1187 746 1229 785 h.
1267 761 1328 798 v.,
1357 763 1459 801 quae
1486 764 1571 802 φα-

142 797 356 855 κτονάριος
383 801 554 840 reddunt
581 815 653 855 per
685 798 883 853 ποιητὴς,
912 798 1125 852 τεχνίτης,
1155 816 1239 840 rem
1272 805 1395 856 magis
1430 803 1574 843 obscu-

138 862 243 894 rant.
297 856 478 894 Dubium
513 858 643 904 enim,
676 871 727 895 au
761 870 836 895 vox
868 853 1039 908 ποιητὴς
1070 870 1144 909 pro
1174 864 1318 910 poeta,
1350 860 1572 899 carminum

139 910 380 958 conditore,
398 911 540 950 debeat
566 913 715 964 accipi,
751 926 802 949 an
831 924 904 964 pro
930 913 1072 963 quovis
1100 913 1291 966 cuiusque
1317 915 1448 967 operis
1477 929 1574 953 con-

136 964 294 1013 ditore,
326 965 578 1006 fabricatore.
633 967 751 1006 Prius
783 967 815 1004 si
848 965 1024 1011 obtinet,
1058 974 1213 1005 constat
1247 982 1269 1006 e
1301 970 1572 1021 superioribus

139 1027 299 1073 poetam
333 1021 582 1060 factionalem
618 1036 641 1060 a
681 1021 914 1060 factionario
944 1021 1145 1060 diversum
1174 1022 1309 1062 fuisse.
1367 1025 1407 1063 Si
1439 1032 1573 1077 poste-

139 1076 246 1122 rius,
274 1089 355 1114 non
387 1074 539 1128 liquet,
578 1076 779 1129 quomodo
828 1091 850 1114 a
902 1078 1159 1128 manganario
1201 1091 1270 1116 seu
1302 1078 1571 1118 cancellorum

138 1136 334 1168 structore
371 1130 550 1170 diversus
578 1134 643 1170 sit.
701 1130 922 1186 *[Elegans.
939 1131 1142 1184 inscriptio
1171 1132 1278 1184 apud
1304 1134 1571 1173 Muratorium

141 1183 192 1222 de
229 1184 462 1224 faetionario
496 1185 714 1239 circensi.]*
771 1186 937 1224 Utinam
966 1187 1018 1223 V.
1050 1186 1103 1224 D.
1130 1189 1316 1239 paginam
1346 1189 1570 1230 indicasset.

138 1238 200 1277 Ex
227 1253 265 1291 p.
300 1238 389 1278 182.
422 1241 466 1279 B.
501 1242 623 1280 nostri
654 1241 799 1280 codicis
827 1247 934 1293 patet
964 1240 1241 1280 factionarium
1270 1242 1388 1282 fuisse
1416 1244 1465 1283 de
1493 1247 1572 1283 mi-

140 1293 303 1332 nisterio
332 1295 548 1334 factionum
586 1294 740 1335 viliore.
813 1296 1040 1334 Obscurum
1077 1296 1249 1350 denique
1290 1301 1439 1350 pariter
1479 1307 1537 1337 est
1557 1330 1569 1350 ,

138 1347 227 1400 quis
269 1349 389 1388 suerit
437 1352 710 1405 micropanites
723 1382 735 1401 ‚
779 1364 901 1402 penes
943 1365 1062 1403 quem
1108 1347 1153 1390 τὸ
1200 1346 1352 1403 μικρὸν
1389 1354 1536 1392 πανίαν
1556 1384 1568 1403 ,

138 1415 286 1454 parvus
315 1418 495 1456 pannus,
536 1419 606 1444 seu
643 1419 812 1458 parvum
841 1405 1028 1444 vexillum
1058 1406 1218 1444 videtur
1246 1407 1382 1446 fuisse.
1440 1409 1570 1459 Quale

139 1463 272 1495 autem
300 1458 420 1497 suerit
446 1473 613 1511 parvum
640 1458 852 1509 vexillum,
882 1467 922 1498 et
949 1459 1067 1513 quale
1095 1475 1282 1512 magnum
1298 1492 1308 1509 ,
1341 1470 1380 1502 et
1408 1465 1471 1511 cuj
1510 1464 1567 1502 rei

137 1517 256 1563 atque
282 1513 450 1565 tempori
477 1515 680 1563 servierit,
714 1528 794 1552 non
822 1515 931 1552 novi.
989 1515 1112 1552 Forte
1154 1515 1274 1554 fuerit
1310 1517 1566 1556 factionarius

137 1564 205 1603 ille
221 1595 233 1615 ‚
271 1567 340 1618 qui
368 1581 530 1606 currum
561 1569 786 1606 Circensem
828 1570 940 1620 equis
982 1570 1162 1621 iungeret
1201 1583 1351 1622 suoque
1389 1572 1565 1624 periculo

137 1627 306 1659 certaret
323 1650 334 1671 ,
375 1623 568 1674 agitator,
619 1624 730 1661 cuius
772 1623 981 1670 deuterus,
1033 1623 1110 1660 hoc
1156 1631 1215 1662 est
1249 1626 1564 1677 secundicerius,

137 1674 310 1714 vicarius
338 1684 407 1715 aut
434 1677 565 1716 minor
594 1680 652 1728 (ut
679 1691 778 1716 aevo
806 1679 936 1716 medio
978 1677 1255 1730 loquebantur)
1291 1680 1410 1719 fuerit
1443 1676 1464 1718 ὃ
1492 1695 1564 1731 μι-

138 1730 414 1782 ’κροπανίτηῃ
452 1746 547 1771 sane
585 1746 625 1785 p.
674 1746 761 1786 190.
791 1732 870 1770 fine
899 1733 1044 1770 dieitur
1071 1747 1093 1770 e
1127 1734 1388 1786 micropanita
1424 1735 1563 1774 sactio-

137 1784 272 1822 narius
298 1785 410 1838 fieri3
446 1800 488 1838 p.
525 1801 615 1840 ¹9¹·
642 1787 693 1825 A.
731 1786 771 1825 8.
802 1787 947 1825 dicitur
983 1788 1170 1825 deuterus
1207 1790 1247 1826 in
1287 1789 1566 1830 factionarium

135 1851 376 1890 promoveri.
434 1841 543 1879 Idem
572 1856 666 1895 ergo
694 1842 839 1880 suerint
868 1856 1024 1880 necesse
1054 1849 1112 1880 est
1144 1842 1330 1883 deuterus
1358 1853 1398 1884 et
1418 1848 1563 1884 micro-

133 1894 301 1944 panites.
355 1895 508 1934 Ibidem
537 1896 684 1935 dicitur
710 1897 762 1934 D.
787 1911 826 1934 2.
847 1897 1034 1936 deuterus
1061 1899 1103 1935 in
1134 1895 1299 1948 ἡνίοχον
1314 1926 1338 1949 ,-
1360 1903 1554 1953 aurigam,

135 1948 383 1999 agitatorem,
411 1951 541 1990 evehi.
595 1951 705 2005 Ergo
732 1952 836 1990 idem
861 1952 1009 1991 fuerint
1031 1959 1200 2004 ag1tat0r
1220 1960 1260 1992 et
1291 1954 1562 2007 factionarius,

136 2004 404 2056 consequitur.

1411 2066 1441 2096 θ

225 2101 312 2142 181.
341 2104 385 2142 C.
403 2118 495 2157 pen.
523 2105 640 2159 [ὅπῃ
669 2104 748 2160 17·]
780 2102 965 2158 συνήθει.
1020 2107 1066 2145 In
1092 2108 1226 2147 codice
1256 2116 1314 2150 est
1334 2122 1438 2162 συνη
1457 2109 1563 2150 unde

134 2156 263 2196 efficio
318 2157 555 2210 συνηθείας.
638 2162 795 2215 Accipit
835 2175 912 2214 pro
951 2163 1220 2201 consuetudine
1255 2178 1324 2202 Sua
1339 2195 1350 2209 ‚
1402 2166 1563 2203 nomine

134 2213 431 2251 consuetudinis
458 2228 574 2264 suae,
603 2225 679 2254 tres
702 2216 840 2254 hor-dei
867 2216 1037 2266 modim,
1071 2224 1140 2255 aut
1167 2226 1318 2270 sportas
1333 2220 1559 2257 eunuclatas.

132 2267 196 2305 De
224 2268 506 2320 significatione
534 2272 642 2308 vocis
670 2266 790 2324 λόγῳ,
815 2284 915 2323 pro,
953 2272 1120 2317 nomine,
1158 2285 1277 2324 supra
1313 2274 1387 2326 egi.
1458 2274 1562 2313 Con—

132 2323 315 2370 suetudo,
365 2317 591 2374 συνήθειιι,
638 2323 702 2362 hic
742 2331 800 2362 est
839 2325 1016 2363 tribulum
1049 2326 1230 2374 solenne,
1272 2329 1561 2380 constitutum,

135 2373 284 2425 fixum‘,
319 2374 437 2414 alicui
465 2377 550 2415 dari
583 2377 754 2417 solitum.
811 2379 865 2417 Et
894 2379 943 2418 de
971 2379 1046 2418 hoc
1073 2394 1231 2433 quoque
1263 2381 1459 2421 vocabulo
1494 2397 1562 2422 su·

134 2443 208 2482 pra
234 2430 385 2469 dictum
415 2438 487 2470 est.
552 2429 756 2483 Ταγάριον
785 2440 843 2471 est
870 2441 939 2472 aut
962 2443 1120 2488 sporta,
1147 2436 1371 2483 canistrum,
1405 2444 1475 2476 aut
1497 2452 1563 2491 po-

136 2484 215 2523 tius
243 2485 407 2524 modius.
465 2486 510 2524 In
540 2500 682 2538 genere
707 2494 746 2525 et
775 2501 892 2526 omne
908 2516 919 2537 ,
951 2490 992 2526 in
1020 2502 1100 2541 quo
1121 2489 1247 2539 ταγαί
1260 2508 1273 2536 3
1293 2492 1556 2545 praebendae,

133 2538 351 2590 pabulum,
393 2540 521 2579 victus
559 2555 750 2593 equorum
790 2549 1041 2580 mensuratur
1083 2549 1152 2581 aut
1187 2545 1437 2596 continetur3
1477 2547 1559 2587 vid.

133 2592 202 2630 Du
230 2594 363 2647 Cange
389 2594 517 2634 Gloss.
551 2596 622 2634 Gr.
654 2596 695 2633 h.
727 2610 769 2634 v.
827 2596 1010 2650 Sportam
1034 2597 1253 2643 significare
1279 2598 1384 2639 hanc
1420 2615 1560 2640 vocem

136 2652 175 2682 et
202 2648 236 2684 ei
265 2649 423 2687 affinem
451 2645 683 2701 τάγιστρον,
714 2650 925 2688 concludas
953 2665 997 2689 ex
1027 2665 1089 2702 eo,
1118 2652 1226 2705 quod
1254 2655 1358 2706 apud
1378 2655 1559 2694 Nicetam

137 2698 317 2740 Choniat.
344 2717 386 2756 p.
420 2703 514 2743 238.
544 2705 587 2745 C.
616 2705 652 2746 3.
681 2718 753 2757 pro
782 2700 985 2760 onvpcdlaeg)
1014 2707 1052 2743 in
1084 2707 1322 2758 quibusdam
1357 2710 1559 2749 codicibus
