1884 3132
239 151 314 194 An
351 151 644 195 CONSTANT.
684 150 879 193 Pomm.
920 151 991 191 DE
1029 149 1208 192 cmm.
1251 151 1351 190 121ss.
1390 152 1422 190 1.
1474 131 1584 205 373

162 253 357 308 Ap'prime
382 255 462 294 huc
492 255 587 294 facit
614 254 724 302 locus
744 253 907 292 Macar-ii
927 251 1078 292 Homil.
1109 250 1178 303 45.
1195 266 1207 289 :
1242 244 1378 303 ὥσπερ
1401 251 1583 302 πολέμου

165 308 520 362 συγκροτουμένου
554 308 629 347 οὐκ
672 307 920 359 α’πέρχονται
958 303 995 346 οἱ
1023 307 1147 359 σοφοί
1173 305 1245 353 nal
1273 305 1509 357 μεγιστᾶνες
1541 304 1584 344 ἐ-

161 366 248 413 κεῖ,
277 361 381 402 ἀλλὰ
414 359 665 415 φοβούμενοι
687 358 758 402 τὸν
784 358 966 401 θάνατον
1005 358 1280 409 ἆπομὲνουσι,
1310 356 1454 399 λοιπὸν
1481 373 1585 412 προ-

160 412 383 469 βάλλονται
412 417 543 471 [velut
568 425 723 456 scutum
748 417 841 470 ipsis
868 417 1130 462 obiiciuntur,
1162 422 1199 453 et
1223 417 1486 466 proiiciuntur
1510 415 1583 453 ad-

161 486 299 512 versus
326 471 473 525 hostes]
504 469 542 510 οἱ
568 469 736 522 ἐἴρωνες
764 467 836 509 καί
861 467 898 509 οἱ
926 471 1092 522 πένητες
1111 467 1186 508 καί
1212 466 1248 508 οἱ
1278 468 1453 508 ἰδιῶται.
1484 470 1580 509 Vid.

161 527 230 566 Du
268 527 400 579 Gange
429 527 558 566 Gloss.
592 526 732 564 Graec.
765 525 808 564 h.
836 539 878 564 v.
949 526 1149 574 Quoniam
1178 523 1276 562 tales
1307 523 1471 562 militiae
1498 526 1585 576 opi-

164 595 255 620 mae
279 588 415 628 eraut,
446 589 485 620 et
511 587 581 619 aut
608 581 713 633 rogis
741 580 908 631 annuis,
949 586 1018 617 aut
1045 579 1176 616 fundis
1204 578 1440 617 militaribus
1469 579 1584 617 dota-

162 643 254 686 tae,
283 643 323 676 et
348 635 575 675 facultatem
607 635 831 682 habebant,
867 635 936 687 qui
965 648 1029 672 eas
1066 633 1311 686 possiderent
1330 662 1341 683 ‚
1372 633 1457 671 aliis
1484 647 1584 672 ven-

165 690 286 729 dendi
301 721 312 739 ‚
342 691 428 730 iure
455 689 747 743 approbationis
771 690 1001 741 Imperatori
1030 695 1230 727 reservato
1244 717 1254 734 ‚
1282 701 1374 725 caro
1403 687 1584 727 solebant

166 743 259 784 illae
285 744 448 785 militiae
475 747 636 794 venire,
677 751 716 782 et
744 745 903 796 grandis
930 757 1088 796 quoque
1125 750 1210 781 erat
1237 749 1326 780 taxa
1366 756 1439 794 pro
1484 757 1582 781 con-

163 799 386 839 firmatione
423 799 514 839 talis
555 805 780 838 contractus
805 799 898 839 fisco
934 797 1137 838 solvenda.
1195 797 1274 836 Sed
1300 797 1398 836 haec
1426 811 1450 836 a
1478 797 1584 836 lctis

164 854 305 894 melius
330 854 476 894 tradita
505 868 588 893 esse
617 868 698 892 non
724 854 876 895 dubito.

271 909 317 948 Β.
343 923 378 948 ι.
413 908 526 963 [589,
551 907 631 962 18.]
671 908 727 963 τῷ
756 908 875 959 μέρει
914 908 987 960 τῆς
1026 906 1253 959 δεσποίνης.
1321 907 1382 946 Ita
1425 921 1584 960 quoque

166 963 300 1004 Latini
320 978 419 1018 pars
456 964 594 1002 dicunt
630 977 703 1016 pro
740 964 980 1018 obsequium,
1010 964 1248 1001 comitativa.
1306 963 1379 1001 Res
1399 964 1586 1016 privatae

159 1020 290 1073 partis
316 1018 512 1071 Augustae
545 1025 604 1057 est
645 1020 688 1057 in
715 1017 862 1057 Notitia
898 1018 1068 1070 imperii.
1137 1018 1274 1066 Quum
1300 1017 1350 1056 de
1376 1024 1489 1069 parte
1517 1031 1587 1055 seu

165 1073 258 1112 aula
283 1081 323 1113 et
338 1073 467 1112 aulica
492 1074 770 1112 constitutione
788 1087 924 1112 rerum
939 1074 1143 1125 Augustae
1161 1072 1345 1111 CPtanae
1371 1086 1585 1124 perparum

167 1135 401 1168 annotatum
445 1130 662 1181 reperiam,
701 1135 740 1166 et
778 1128 1050 1180 Augustarum
1086 1141 1176 1165 rara
1205 1129 1355 1166 mentio
1384 1127 1453 1165 fiat
1479 1127 1586 1179 apud

166 1185 377 1237 scriptores
408 1183 661 1236 Byzantinos,
701 1181 814 1233 libet,
857 1197 958 1236 quae
986 1182 1176 1221 hactenus
1217 1182 1428 1221 observavi
1468 1181 1588 1220 huius

165 1239 225 1278 rei
250 1238 331 1277 huc
364 1239 407 1277 in
443 1238 604 1277 brevem
641 1237 878 1287 indiculum,
912 1237 1024 1276 nulla
1061 1237 1197 1275 habita
1225 1237 1374 1275 ordinis
1415 1237 1601 1286 ratione,>

166 1294 372 1335 coniicere.
426 1293 582 1331 Dicitur
606 1292 672 1331 hic
702 1291 779 1331 loci
807 1292 988 1345 Augusta
1027 1306 1143 1330 suum
1173 1291 1483 1330 referendarium
1512 1291 1585 1330 ha-

164 1347 313 1387 buisse.
334 1347 543 1386 Habebant
553 1361 646 1400 ergo
660 1347 863 1400 Augustae
873 1346 1112 1399 peculiarem
1139 1346 1215 1385 sibi
1234 1345 1366 1384 aulam
1384 1353 1422 1384 et
1450 1346 1588 1384 eadem

169 1401 299 1440 officia
325 1409 443 1453 atque
480 1402 714 1454 Imperator,
744 1415 846 1454 quae
874 1402 1035 1453 quidem
1071 1401 1328 1439 foemininum
1357 1414 1492 1439 sexum
1519 1401 1590 1439 de-

170 1463 319 1495 cerent.
377 1456 487 1494 Idem
530 1457 579 1494 de
607 1457 749 1508 reginis
783 1457 974 1494 Franciae
1015 1454 1295 1494 observaverat
1324 1454 1376 1493 cl.
1404 1455 1589 1493 Leichius

169 1512 212 1549 in
239 1510 488 1549 adversariis.
556 1510 578 1532 *
594 1509 690 1562 [Les
715 1512 842 1548 reines
881 1510 931 1548 de
957 1511 1110 1548 France
1139 1511 1298 1547 avoient
1322 1508 1427 1546 leurs
1458 1507 1588 1546 offices

170 1579 325 1604 comme
352 1565 408 1604 les
433 1565 527 1603 rois.
584 1564 779 1602 Fauchet.
807 1578 898 1616 pag.
929 1562 1079 1616 477.]*
1135 1564 1199 1601 Sic
1227 1563 1426 1601 habebant
1451 1564 1590 1614 primi-

169 1621 321 1660 cerium
354 1633 484 1659 suum.
555 1619 788 1657 Eustathius
825 1620 866 1656 in
893 1620 975 1656 vita
1014 1618 1055 1656 S.
1093 1617 1280 1670 Eutychii
1296 1646 1307 1666 ‚
1336 1616 1591 1655 Patriarchae

172 1675 340 1722 CPtani‚
371 1681 653 1713 commemorat
686 1669 950 1724 πριμικήριον
978 1671 1132 1721 μέρους
1161 1669 1406 1723 Λύγούστης
1425 1700 1437 1721 ,
1483 1671 1590 1723 apud

170 1730 241 1768 Du
269 1729 402 1782 Gange
426 1742 469 1767 v.
499 1726 776 1779 πριμικήριος.
843 1727 943 1765 Erat
982 1728 1075 1778 ipsis
1109 1725 1310 1779 peculiare
1361 1726 1592 1764 vestiarium

169 1798 241 1824 seu
268 1782 590 1836 gazophylacium
619 1783 672 1833 (v.
704 1782 848 1834 Seript.
873 1788 960 1834 post
990 1780 1227 1833 Theophan.
1255 1795 1296 1832 p.
1329 1779 1428 1832 89.),
1455 1787 1494 1818 et
1521 1793 1588 1818 ae-

172 1840 339 1877 rarium.
397 1837 645 1889 Nicephorus
674 1837 868 1889 Gregoras
909 1837 958 1874 L.
990 1835 1083 1873 VII.
1120 1836 1299 1872 Histor.:
1331 1829 1428 1871 ὅθεν
1452 1829 1592 1884 χιλιά-

174 1892 252 1938 δας
276 1886 536 1941 νομισμάτων
563 1889 638 1929 οὐκ
666 1886 807 1940 ὀλίγας
833 1892 915 1935 τοῖς
947 1886 1176 1938 οἰκοδόμοις
1205 1883 1390 1933 δεδωκῶς
1418 1882 1439 1924 ὃ
1466 1888 1590 1937 βασι-

171 1942 271 1991 λεὺς
298 1942 343 1984 ἐκ
370 1946 452 1983 τῶν
478 1945 552 1996 τῆς
594 1944 807 1996 δεσποίνης
830 1940 1072 1995 χρημάτων.
1142 1942 1351 1980 Cudebant
1391 1949 1591 1980 monetam

174 2007 215 2040 et
240 1999 438 2038 officinam
479 2014 591 2038 suam
628 2001 887 2037 monetariam
926 1996 1142 2034 habebant.
1200 1996 1304 2034 Sane
1332 1996 1593 2048 Theophanes

174 2068 282 2094 anno
309 2067 374 2092 20.
404 2053 652 2092 Constantini
679 2054 737 2091 M.
769 2054 823 2091 ait
850 2066 941 2091 eum
970 2052 1087 2088 matri
1106 2050 1279 2088 Helenae
1307 2057 1504 2088 monetam
1530 2052 1593 2088 in-

175 2109 357 2148 dulsisse.
431 2109 576 2146 Putem
603 2115 736 2146 tamen
765 2107 807 2145 id
834 2107 883 2145 de
909 2105 1094 2144 omnibus
1122 2104 1379 2157 Augustabus
1406 2104 1484 2142 dici
1511 2118 1613 2143 non'

176 2177 317 2217 posse3
345 2161 413 2202 sed
439 2176 540 2214 quae
567 2162 724 2200 illarum
753 2175 799 2200 eo
821 2163 906 2199 iure
933 2160 1184 2207 fruerentur,
1216 2158 1302 2197 illas
1329 2172 1374 2196 ex
1402 2158 1593 2210 peculiari

177 2216 340 2257 indultu
364 2218 600 2254 maritorum
625 2223 694 2255 aut
720 2216 894 2254 filiorum
914 2214 1112 2252 habuisse.
1168 2213 1415 2251 Exercebant
1441 2227 1594 2252 merca-

178 2280 312 2311 turam
340 2272 420 2310 suis
456 2271 624 2309 navibus
641 2299 653 2320 ‚
692 2278 738 2308 ut
765 2284 811 2308 ex
839 2269 1002 2307 historia
1025 2267 1239 2319 Theophili
1267 2274 1444 2316 constat,
1472 2280 1613 2320 quam⁴

179 2327 351 2365 Gedren.
380 2339 421 2377 p.
453 2323 548 2375 514.
575 2325 629 2362 D.
659 2331 808 2362 narrat.
863 2322 1012 2362 Diebus
1041 2322 1146 2360 festis
1162 2328 1360 2360 matronas
1386 2332 1612 2374 procerum'

181 2381 233 2419 ad
258 2394 299 2419 se
325 2378 568 2433 gratulatum
604 2379 860 2430 procedentes
902 2376 1146 2429 excipiebant
1182 2375 1383 2428 epulisque
1428 2375 1594 2414 adhibe-

179 2434 300 2482 bant,
331 2442 376 2472 ut
403 2448 448 2472 ex
476 2432 610 2471 multis
638 2432 767 2470 Nostri
795 2430 890 2469 locis
928 2434 984 2481 (v.
1029 2445 1068 2482 p.
1093 2445 1181 2483 172.
1211 2430 1253 2468 C.
1282 2429 1374 2479 ult.)
1403 2437 1442 2468 et
1464 2444 1486 2468 e
1511 2430 1595 2468 Pa·

182 2489 378 2542 chymeris
392 2488 507 2526 VIII.
523 2501 562 2537 q.
582 2493 757 2536 constat,
787 2486 897 2524 cuius
922 2485 1020 2522 haec
1047 2491 1140 2522 sunt
1170 2483 1291 2522 verba
1306 2498 1318 2522 :
1349 2479 1489 2535 ἐπειδή
1512 2480 1592 2535 γὰρ

182 2537 303 2594 ἑορτὴ
331 2536 383 2592 ἦν
402 2540 475 2580 καί
495 2532 578 2580 ἔδει
595 2537 781 2587 συνάξεις
799 2538 876 2589 μὲν
899 2538 979 2577 τῶν
991 2534 1247 2588 μεγιστάνων
1273 2537 1377 2588 πρὸς
1401 2537 1592 2588 βασιλέα,

136 2639 140 2642 ,
186 2592 420 2645 προσόδους
445 2608 489 2634 τε
516 2590 588 2633 καὶ
611 2594 693 2632 τῶν
720 2592 948 2643 ματρωνῶν
976 2588 1089 2642 παρὰ
1119 2587 1192 2644 τὴν
1219 2584 1469 2642 Αὕγουσταν
1493 2587 1598 2642 γίνε-

187 2648 305 2688 σθαι.
359 2649 437 2688 Sed
477 2649 755 2688 assistebantne
798 2649 839 2685 in
874 2646 1104 2685 consistorio
1122 2675 1135 2695 ,
1171 2646 1331 2698 quando
1356 2659 1419 2684 res
1443 2647 1599 2699 imperii

186 2707 473 2746 tractarentur?
500 2703 703 2743 Interdum
730 2702 772 2741 id
798 2701 945 2740 factum
971 2707 1082 2754 puto,
1113 2707 1161 2739 ut
1185 2699 1344 2754 quamlo
1375 2700 1506 2740 mariti
1536 2714 1597 2739 es-
