1884 3132
249 121 361 176 650
565 140 637 181 ιο.
678 140 782 182 1AC.
822 143 1019 183 Rmsxn
1060 140 1439 186 COMMENTARH

251 259 410 298 cunque
456 244 609 284 formae
627 275 637 292 ‚
686 245 771 285 sive
799 247 841 284 in
869 245 1033 299 longum
1061 248 1302 301 productum
1324 277 1336 299 ‚
1364 249 1449 288 sive
1478 246 1698 288 rotundum

255 308 384 350 esset,
416 314 658 354 quacunque
686 301 847 340 tandem
877 316 920 340 re
940 332 950 348 ‚
981 316 1051 341 seu
1078 303 1228 342 vitibus
1244 334 1256 353 ‚
1285 318 1355 343 seu
1382 303 1512 358 palliis
1538 305 1699 354 sericis,

251 363 402 395 tectum
432 363 471 394 et
498 355 802 395 obumbratum.
833 357 899 397 Ad
925 357 1124 398 Athenaei
1151 359 1375 411 exemplum
1403 374 1447 412 p.
1473 358 1563 408 148.
1584 359 1631 397 C.
1661 372 1696 398 ι.

253 418 294 450 et
321 426 361 450 2.
399 407 574 462 σχεδιοὶν
602 418 642 449 et
670 405 846 463 ἄντρον,
892 427 965 451 une
987 423 1136 466 grone,
1182 423 1341 453 antrum
1357 415 1592 468 factitium,
1625 414 1706 452 cito

252 467 425 506 structile
454 466 643 519 appelles.
722 467 839 506 Conf.
874 468 1002 507 ciusd.
1033 483 1071 521 p,
1098 469 1187 523 196.
1223 477 1358 523 antep.
1389 478 1430 509 et
1456 484 1498 523 p.
1530 483 1622 508 200.
1651 467 1700 507 C.

254 537 295 561 2.
355 521 415 561 Ut
443 522 574 560 Latini
612 537 775 561 cum’am
804 530 842 561 et
883 524 1115 574 curwalam,
1146 525 1201 563 sic
1229 526 1373 564 Graeci
1403 520 1604 578 τροπικὴν
1632 538 1705 576 ap-

254 576 460 630 pellabant
501 592 524 616 a
552 575 690 628 τρέπω
713 608 723 623 ,
755 588 880 628 vet-to,
911 593 1048 629 curvo,
1081 581 1227 627 volvo,
1259 582 1446 630 volutam,
1476 595 1550 618 une
1573 580 1704 618 volite.

252 634 473 685 Propterea
491 639 597 671 recte
611 632 810 671 Combefis
830 635 869 672 in
883 634 1043 674 Contin.
1055 635 1296 688 Theophan.
1311 650 1352 688 p.
1374 636 1440 689 87.
1459 636 1513 674 D.
1525 634 1566 674 8.
1583 635 1706 675 vertit

255 690 375 744 apsis.
399 688 448 727 P.
463 689 557 742 273.
578 690 699 727 vertit
712 691 880 743 tropica,
902 691 956 727 sie
973 690 1097 729 dictus
1111 692 1260 746 palacii
1273 692 1391 730 locus.
1410 691 1538 729 Forte
1550 690 1706 728 induxit

257 758 365 794 eum,
395 751 439 782 ut
454 743 586 783 locum
615 743 750 796 palatii
765 746 821 783 sic
852 744 1004 783 dictum
1020 746 1213 793 crederet,
1247 747 1301 796 (in
1329 761 1409 800 quo
1438 745 1582 784 falsu-m
1613 758 1709 784 eum.

253 799 375 839 fuisse
386 798 513 838 nolim
539 800 723 852 equidem
746 799 1008 854 asseverare,)
1031 800 1140 840 locus
1153 801 1412 855 Theophanis
1432 816 1474 854 p.
1499 800 1708 854 373.fine,

254 854 326 894 ubi
356 855 407 894 de
435 854 576 894 Niceta
603 855 828 908 patriarcha
869 855 1109 908 imagiuibus
1140 858 1300 896 inimico
1327 857 1426 896 haec
1454 855 1600 895 habet:
1634 853 1713 901 τὰς

254 909 300 949 ἐν
326 910 386 965 τῷ
412 909 698 964 πατριαρχείῳ
728 907 888 956 εἰκόνας
903 910 979 949 τοῦ
1006 911 1162 964 μικροῦ
1182 911 1376 964 σεκρέτου
1408 907 1479 951 διὰ
1507 908 1707 961 μουσείου

257 957 386 1011 οὔσας
413 961 577 1015 ἔξεσεν,
606 966 678 1004 καί
704 965 779 1004 τοῦ
804 961 988 1016 μεγάλου
1018 965 1215 1018 σεκρέτου
1244 967 1319 1018 τῆς
1346 966 1543 1017 τροπικῆς
1571 965 1615 1013 ἐξ
1659 959 1711 1002 ὗ-

254 1018 493 1074 λογραφίας
512 1013 643 1066 οὔσας
662 1015 920 1072 κατήνεγκεν,
940 1030 1135 1060 exstantes
1166 1023 1208 1061 in
1222 1023 1477 1077 patriar-clleo
1500 1021 1707 1072 imagines,

256 1076 407 1114 musivo
445 1075 603 1130 quidem
644 1089 763 1129 opere
795 1076 940 1126 factas
992 1077 1035 1114 ιή
1069 1091 1205 1131 parvo
1249 1086 1394 1116 secreto
1442 1075 1608 1122 abradi,
1663 1075 1707 1113 in

256 1144 400 1183 magno
449 1139 576 1169 autem
610 1139 751 1169 secreto
779 1132 951 1185 tropicae
994 1133 1036 1169 ilz
1088 1132 1197 1184 ligno
1225 1134 1353 1186 pictas
1404 1132 1493 1171 tolli
1540 1130 1711 1169 curavit.

260 1185 309 1224 In
349 1199 432 1239 quo
470 1184 559 1224 loco
588 1186 888 1239 interpretando
927 1186 1108 1226 instituta
1137 1201 1161 1226 a
1191 1188 1328 1226 Goaro
1355 1187 1458 1225 ratio
1485 1185 1584 1224 mihi
1618 1186 1711 1238 qui-

259 1240 351 1279 dem
379 1254 462 1280 non
506 1240 651 1294 placet.
716 1241 857 1282 Potuit
898 1241 1061 1293 quidem
1100 1242 1276 1295 Tropiea
1313 1255 1462 1280 nomen
1501 1243 1714 1294 proprium

260 1295 428 1335 alicuius
468 1302 692 1335 structurae
733 1296 775 1334 in
805 1295 955 1348 palatio
985 1296 1123 1345 fuisse,
1172 1299 1288 1351 eique
1317 1297 1360 1336 id
1386 1311 1533 1336 nomen
1561 1294 1712 1334 adhae-

261 1352 357 1391 sisse
404 1351 457 1390 ab
502 1351 690 1390 adiuncta
730 1365 854 1390 curva
899 1352 1068 1404 porticu.
1134 1352 1213 1391 Sed
1241 1354 1282 1391 in
1322 1352 1398 1391 hoc
1427 1351 1591 1406 quidem
1621 1350 1717 1389 loco

261 1406 522 1460 Theophanis
550 1407 704 1460 tropica
732 1421 813 1446 non
834 1406 989 1460 palatii,
1020 1407 1089 1446 sed
1116 1408 1357 1461 patriarchei
1384 1413 1642 1452 memoratur,
1674 1412 1715 1444 et

259 1472 444 1501 secretum
468 1464 643 1516 tropicae
684 1461 837 1501 dictum
878 1463 969 1501 ideo
1011 1463 1110 1502 mihi
1138 1463 1298 1503 videtur
1315 1493 1326 1513 ‚
1365 1463 1474 1516 quod
1500 1460 1713 1502 'curvulam

262 1517 493 1559 adiunctam
523 1517 705 1557 haberet.
764 1518 1027 1557 Consuevisse
1052 1518 1152 1558 tales
1180 1520 1364 1572 porticus
1386 1517 1537 1557 vitibus
1565 1517 1713 1556 obum-

260 1573 397 1613 bratas
435 1572 592 1626 palatiis
616 1580 660 1622 pt
683 1572 855 1612 basilicis
901 1587 971 1612 seu
1008 1574 1182 1613 ecclesiis
1210 1575 1385 1627 apponi,
1414 1579 1569 1613 constat
1596 1586 1618 1610 e
1645 1571 1718 1609 Du·

261 1628 414 1682 Cangio
441 1643 481 1667 v.
507 1629 633 1667 Lobia
648 1636 687 1668 et
704 1629 851 1669 Laubia
879 1629 973 1680 [vox
1000 1636 1059 1668 est
1075 1627 1350 1682 Germanica]‚
1380 1627 1487 1667 unde
1516 1628 1596 1666 duo
1623 1634 1718 1665 tan-

261 1690 350 1722 tum
377 1684 497 1723 hosce
536 1683 644 1723 locos
673 1698 881 1738 excerpere
910 1685 1053 1735 iuvat,
1090 1699 1217 1723 unum
1245 1684 1406 1723 chartae
1434 1683 1579 1722 veteris
1607 1681 1718 1734 apud*

263 1738 545 1779 Puricellum:
579 1749 672 1794 peto
691 1768 702 1789 ,
732 1749 774 1778 uc
811 1749 949 1778 tectum
987 1755 1052 1778 seu
1090 1741 1238 1779 lobiam
1279 1747 1463 1778 moveant
1490 1739 1646 1793 penitus
1679 1745 1717 1775 et

263 1796 470 1846 azfierant,
500 1810 618 1851 quam
647 1797 838 1847 ficerunt
877 1796 944 1833 vel
962 1795 1070 1849 'fieri
1079 1797 1269 1845 ¹fieefflvmt
1282 1824 1292 1840 ‚
1324 1795 1439 1832 iuxta
1465 1806 1622 1831 murum
1652 1806 1715 1830 ec-

266 1851 426 1898 clesiae,
471 1858 510 1890 et
539 1850 710 1890 alterum
753 1851 917 1890 alterius
944 1851 1104 1889 chartae
1144 1850 1339 1889 Ludoviei
1370 1849 1442 1887 IV.
1479 1849 1579 1901 Imp.
1608 1846 1717 1900 apud

267 1905 490 1959 Ughellum
510 1936 521 1956 ‚
566 1920 668 1959 quae
697 1905 789 1945 data
818 1906 965 1944 dicitur
1014 1907 1056 1944 in
1078 1907 1262 1960 palatio,
1294 1904 1402 1959 quod
1426 1912 1482 1942 est
1493 1903 1720 1955 fimdatum

267 1961 383 2000 iaxta
411 1961 574 2000 basilica
603 1962 812 2000 beatissimi
835 1962 1031 2014 principis
1060 1960 1342 2015 Apostolorum
1356 1989 1368 2008 ‚
1399 1959 1605 1998 itt-laubias
1632 1970 1720 1996 ma-

265 2017 377 2069 giore
416 2018 536 2071 ipsius
578 2018 741 2072 palacii.
829 2015 971 2055 Talem
1009 2018 1234 2069 porticum,
1273 2015 1421 2053 lobiam
1447 2015 1483 2064 (a
1509 2013 1649 2062 Lanb‚
1677 2011 1721 2050 id

269 2079 329 2111 est
356 2072 569 2111 frondibus
606 2079 646 2111 et
686 2070 868 2125 virgultis
897 2071 1078 2119 dletam‚)
1107 2072 1268 2109 Marcus
1297 2071 1472 2108 carmine
1500 2070 1542 2107 in
1571 2068 1615 2106 S.
1644 2067 1721 2105 Be-

268 2127 474 2166 nedictum
510 2126 686 2181 appellat
711 2129 853 2166 silmzm
887 2128 1009 2165 comis
1041 2127 1270 2176 domatam,
1310 2125 1353 2164 id
1395 2131 1455 2163 est
1481 2125 1524 2163 in
1553 2123 1724 2172 domae,

269 2181 375 2221 tholi*
402 2197 472 2222 seu
490 2182 686 2236 cuppolae
712 2182 878 2222 modum
905 2188 1136 2220 arcuatam:

461 2249 744 2304 pomfirz’sqzae
771 2249 874 2287 viret
896 2248 1001 2286 silva
1021 2247 1181 2285 domata
1210 2248 1343 2286 comz'S.

268 2314 333 2354 De
355 2316 512 2369 porticu
538 2323 663 2353 curva
683 2314 767 2353 vid.
789 2312 959 2353 Salmas.
991 2313 1043 2351 ad
1072 2312 1155 2353 Ser.
1187 2313 1243 2351 H.
1274 2312 1382 2366 Aug.
1417 2312 1469 2350 T.
1499 2311 1529 2348 1.
1558 2323 1596 2362 p.
1608 2306 1720 2358 656„

272 2369 322 2407 de
351 2369 510 2408 tric-hila
538 2369 643 2409 idem
672 2384 713 2422 p.
736 2368 824 2418 86.‚
854 2369 924 2407 ubi
950 2376 1086 2406 tamen
1121 2367 1325 2421 vulgatam
1355 2380 1428 2420 ego
1456 2364 1618 2418 quidem
1647 2376 1723 2400 ser-

275 2437 368 2462 vare
389 2425 538 2463 malim.
570 2423 769 2463 Curvnlas
782 2437 942 2476 quoque
958 2422 1082 2462 dictas
1097 2422 1218 2462 fuisse
1243 2421 1428 2476 pergulas
1456 2419 1554 2458 tates
1574 2416 1725 2456 vitibus

273 2479 532 2518 obumbratas
561 2486 600 2518 et
629 2479 847 2532 perplexas,
879 2480 1047 2517 coniicio
1084 2492 1105 2517 e
1133 2478 1221 2517 loeo
1262 2477 1435 2530 quodam
1461 2474 1619 2512 Ioannis
1647 2471 1725 2510 Ca-

274 2535 368 2571 nani
401 2548 442 2586 p.
473 2534 588 2588 189.:
618 2533 843 2573 κατέκαυσε
886 2533 959 2572 καί
986 2529 1205 2585 ἐνεπύρισε
1242 2532 1323 2570 πᾶν
1368 2525 1488 2578 ξύλον
1517 2523 1727 2589 κάρπιιμον

273 2587 347 2625 καί
375 2586 544 2641 δένδρον
583 2582 793 2640 εὔκαρπον
810 2618 820 2638 ,
866 2584 939 2626 καὶ
964 2583 1038 2633 τὰς
1066 2585 1329 2639 κουρβούλας
1355 2583 1436 2623 τῶν
1465 2581 1726 2632 α’μπελωνων

275 2639 323 2679 ἐκ
361 2639 478 2694 ῥίζης
521 2641 756 2694 α’πέτεμον,
801 2643 871 2681 ubi
910 2657 1050 2681 vocem
1093 2641 1204 2680 illam
1241 2635 1477 2689 κουρβούλα
1519 2650 1542 2674 a
1582 2636 1729 2674 Latino

275 2710 425 2743 curva,
458 2699 642 2747 cumula,
674 2712 819 2751 nempe
851 2699 1058 2750 porticus,
1099 2710 1219 2748 quam
1261 2708 1284 2732 a
1317 2689 1496 2743 κου’ρμος
1531 2704 1604 2743 pro
1632 2687 1730 2741 κόρ-

280 2763 356 2800 μθς
373 2780 383 2798 ,
418 2760 603 2804 truncus,
634 2753 817 2793 derivare
847 2751 998 2792 maljm.
1054 2751 1220 2792 Praeter
1245 2746 1422 2800 exempla
1448 2746 1568 2785 huius
1594 2746 1727 2792 voci5‚
