1884 3132
265 122 377 178 586
575 139 648 179 10.
691 137 797 179 1Αο.
844 141 1039 182 RE15K11
1066 140 1447 184 conmmTAmt

261 261 285 285 e
314 243 446 283 medio
475 256 600 294 aem,
631 243 740 296 quod
768 243 928 284 habitus
957 243 1169 292 vultuum,
1215 244 1324 299 longi
1355 245 1486 300 capilli
1515 254 1555 285 et
1580 254 1703 287 stem-

263 315 328 340 ma
359 314 429 338 seu
457 297 583 338 insula
614 300 691 337 viri
711 298 868 353 aliaque
898 303 992 340 satis
1018 300 1204 354 probant.
1251 302 1464 340 Praestant
1490 302 1703 355 imaginem

262 354 550 410 propolomatis
587 368 748 408 quoque
789 358 944 395 nummi
984 364 1023 395 et
1065 356 1216 409 lapides
1257 371 1399 396 aerave
1435 364 1619 408 vetusta,
1660 359 1703 397 in

262 413 410 465 quibus
444 411 574 461 imago
606 410 678 462 τῆς
709 406 977 465 πυργοφόρου
1001 409 1134 464 Ῥείης
1164 417 1221 464 (ut
1248 413 1290 451 in
1310 411 1534 466 Antholog.
1554 427 1595 466 p.
1609 411 1704 468 457.

264 471 335 518 cst)
364 466 621 519 conspicitur.

377 523 421 562 C.
442 535 481 560 2.
507 519 620 574 [5oo‚
647 520 730 573 ι4.]
752 517 941 571 ὁμοίωμα
980 518 1191 575 στεφάνου
1216 518 1563 574 χρυσοῦφάντου.
1620 522 1704 562 Pro

265 591 364 617 auro
389 579 564 616 intextae
589 575 725 615 malim
754 580 794 616 in
825 578 978 616 Latinis
1006 579 1144 631 reponi
1170 591 1269 617 auro
1307 586 1525 616 contextae.
1584 578 1702 617 Refe-

266 634 380 672 rebat
411 633 475 671 hie
503 645 648 671 aureus
676 632 849 671 circulus
878 647 1068 671 coronam
1097 640 1277 671 veterum
1309 634 1458 685 Impp.,
1486 633 1563 672 nisi
1590 633 1701 686 quod

267 689 371 727 sorte
399 687 586 727 dentibus
615 695 684 726 aut
712 689 832 727 radiis
861 703 930 742 per
962 689 1157 727 ambitum
1189 695 1355 727 careret.
1389 688 1474 726 Aut
1500 694 1586 726 erat
1614 688 1705 728 loco

267 743 464 783 frontalis.
492 743 680 796 Sugerius
708 745 814 797 apud
831 746 897 782 Du
917 744 1112 797 Cangium
1135 758 1172 786 v.
1194 744 1414 796 Phrygiam
1438 743 1613 796 appellat
1635 758 1702 783 or—

265 807 489 838 numentum
530 799 734 853 imperiale
760 802 886 839 instar
909 801 1046 852 galeae
1072 801 1217 838 circulo
1247 814 1366 838 aureo
1393 799 1709 837 circumcircina-

268 864 364 894 tum.
419 855 549 893 Locus
577 854 641 892 hic
670 856 821 909 integer
850 863 940 894 est:
982 856 1060 909 ipsi
1089 854 1272 908 [Callisto
1303 853 1379 907 ll.]
1419 868 1525 892 mor-e
1557 855 1705 892 Roma-

268 924 320 949 no
353 931 406 939 -
440 909 725 949 circwndances
758 912 882 965 capiti
918 912 997 948 eius
1017 911 1194 962 fiigimn
1235 909 1333 963 [hoc
1378 916 1437 947 est
1469 908 1704 948 calanticam

271 965 539 1019 phrygionico
566 979 685 1017 opere
714 963 981 1018 breudatam]
999 997 1009 1014 ,
1036 974 1311 1004 ornamentum
1343 964 1550 1018 imperiale
1591 963 1710 1018 [alias

266 1019 487 1071 βασιλείαν
502 1048 513 1070 ,
542 1034 718 1072 regnum,
737 1020 904 1075 dictum]
934 1023 1058 1059 instat·
1073 1021 1210 1073 galeae
1227 1020 1370 1058 circulo
1398 1032 1520 1057 aureo
1539 1021 1705 1057 circum-

266 1077 498 1115 circinatum
538 1076 755 1129 imponunt.
809 1078 1002 1115 Fueritne
1031 1076 1096 1114 hic
1124 1075 1296 1115 circulus
1325 1088 1469 1113 aureus
1496 1081 1603 1113 totus
1631 1088 1704 1112 au-

268 1145 361 1170 reus
383 1161 395 1178 ,
426 1129 588 1169 metallo
618 1131 702 1170 solo
730 1139 769 1170 et
797 1131 926 1170 solido
945 1162 955 1179 ‚
999 1146 1049 1169 au
1081 1132 1211 1170 aureis
1239 1130 1314 1169 filis
1347 1135 1553 1168 contextus
1571 1159 1583 1179 ,
1622 1143 1704 1169 non

269 1185 408 1239 liquet.
469 1186 517 1224 In
543 1186 684 1225 ordine
712 1187 761 1226 ad
791 1187 1108 1226 benedicendum
1139 1186 1282 1225 ducem
1299 1184 1541 1238 Aquitaniae
1568 1185 1705 1237 appel-

268 1241 378 1280 latur
404 1241 604 1294 garlanda
636 1257 756 1281 aurea
776 1260 788 1280 .·
824 1245 1011 1297 princeps
1050 1243 1161 1281 debet
1188 1242 1324 1280 venire
1364 1240 1552 1278 baronum
1584 1242 1706 1278 comi-

270 1306 372 1336 tatus
395 1306 556 1335 caterva
600 1305 638 1334 et
664 1299 791 1352 capite
826 1312 893 1337 suo
922 1297 1121 1350 garlanda
1145 1294 1312 1351 [taenia]
1342 1295 1543 1335 redimittes
1564 1309 1698 1343 aurea,

268 1351 486 1391 cuiusmodi
506 1352 671 1390 circ-ulem
696 1367 833 1392 aureus
861 1368 887 1392 a
922 1355 1048 1408 capite
1093 1354 1173 1391 eius
1190 1383 1201 1403 ‚
1245 1366 1363 1407 quum
1393 1351 1450 1388 ibi
1474 1350 1704 1401 advenerit,

270 1408 525 1447 amovebitur.
580 1407 642 1446 De
671 1408 821 1447 circulo
847 1422 969 1447 aureo
997 1409 1258 1462 patriciorum
1286 1406 1382 1445 alibi
1408 1419 1497 1458 ago.

382 1462 430 1501 C.
450 1477 486 1517 7.
506 1461 614 1516 [5oo,
652 1462 738 1517 18.]
778 1463 1035 1516 σημεντὲϊνα.
1090 1464 1214 1503 Facta
1243 1462 1453 1516 segmentis
1483 1475 1549 1500 seu
1580 1462 1706 1500 serico

273 1518 445 1566 villoso,
484 1518 592 1571 quod
633 1519 806 1558 secando
849 1519 1065 1558 resecando
1094 1519 1159 1558 fila
1188 1525 1379 1572 paratur3
1411 1516 1518 1555 unde
1545 1530 1706 1555 nomen.

271 1574 369 1612 Vid.
387 1574 456 1611 Du
471 1573 606 1627 Cange
636 1588 675 1613 v.
698 1574 960 1628 Segmentcmz.
992 1576 1084 1613 Dixi
1103 1576 1183 1613 iam
1204 1572 1323 1622 alibi,
1347 1586 1429 1611 non
1447 1573 1579 1610 minus
1595 1586 1707 1610 com-

273 1629 392 1668 mode
418 1628 471 1667 ab
495 1628 571 1667 hac
599 1643 697 1669 voce
724 1640 957 1683 segmentum
985 1630 1157 1669 derivari
1187 1642 1301 1683 posse
1328 1627 1570 1667 vocabulum
1589 1626 1708 1666 Sam-

273 1693 354 1724 met
381 1683 582 1739 [velour],
617 1698 739 1738 quam
767 1686 818 1724 ab
839 1687 1059 1736 hex-amito,
1089 1685 1196 1724 unde
1223 1683 1343 1736 vulgo
1374 1684 1583 1735 repetitur.

384 1740 431 1778 C.
476 1754 538 1779 10.
572 1739 671 1794 [500
692 1771 703 1791 ‚
735 1739 820 1794 20.]
861 1741 1047 1794 ἐγχειρια
1076 1739 1334 1794 φορούντων.
1391 1738 1492 1777 Sunt
1520 1732 1714 1789 s'yxsc'ytoe

273 1794 550 1843 manucciola‚
581 1796 763 1844 sudaria,
795 1796 949 1835 facialia
965 1828 977 1847 ‚
1005 1798 1134 1835 oraria
1155 1826 1166 1841 ,
1215 1794 1499 1848 abstergendae
1527 1792 1641 1831 faciei
1669 1798 1710 1830 et

274 1853 350 1889 ori.
410 1850 574 1890 Glossae
590 1851 824 1891 Basilicor.:
868 1846 1011 1890 ὄδόνια
1041 1850 1112 1890 καί
1141 1845 1342 1899 ὅδονάρια
1375 1849 1451 1904 [sic
1482 1846 1710 1887 scribebant

273 1902 510 1959 ΡιῸὸθόνια
540 1903 612 1945 καί
639 1903 875 1961 ὄθονάρια],
907 1902 1138 1959 ὑφάσματα
1161 1902 1356 1958 ἐπιμήκη,
1387 1900 1416 1943 (ἲ
1443 1901 1515 1942 καί
1542 1898 1738 1954 αἷράρια,

273 1957 393 2014 παρά
423 1975 531 2001 τισιν
558 1960 733 2014 λέγεται.
786 1963 924 2001 ταῦτα
965 1960 1011 2000 δὲ
1056 1957 1093 1999 οἱ
1123 1960 1182 2007 εἰς
1209 1959 1254 2000 τὸ
1283 1956 1487 1999 παλάτιον
1515 1953 1713 2002 εἰσιόντες

273 2016 540 2070 συγκλητικοί
563 2013 857 2071 ἐπιφερόμενοι
882 2017 927 2056 ἐν
957 2015 1097 2063 αὐτοῖς
1124 2015 1196 2055 καί
1215 2012 1495 2065 οἷπεμύττοντο
1517 2011 1591 2051 καί
1607 2009 1709 2050 α’πέ-

273 2085 422 2111 πτυον.
480 2072 631 2111 Lucem
660 2072 835 2126 aliquam
863 2072 929 2111 hic
956 2071 1066 2110 locus
1094 2071 1208 2110 alteri
1237 2071 1305 2110 dat
1332 2069 1438 2123 apud
1467 2067 1711 2107 Oecumeni-

275 2141 346 2165 um
374 2127 426 2166 ad
454 2126 556 2166 Acta
585 2128 848 2180 Apostolor.:
878 2126 927 2167 τὰ
957 2124 1201 2180 σημικίνθια
1231 2125 1275 2165 ἐν
1302 2128 1395 2181 τρεῖς
1419 2119 1567 2176 χερσίν
1594 2118 1712 2160 κατέ-

274 2194 423 2233 χουσιν
453 2177 491 2221 οἱ
518 2178 576 2234 μὴ
607 2181 831 2233 δυνάμενοι
859 2180 1022 2233 ὥράρια
1054 2180 1257 2235 φορέσαι,
1305 2177 1395 2220 οἱοί
1429 2178 1592 2233 [nempe
1620 2189 1713 2214 ora-

278 2238 339 2276 ria
368 2236 567 2291 gerentes]
606 2237 712 2277 εἰσιν
756 2234 794 2276 οἱ
834 2237 1061 2291 φοροῦντες
1102 2232 1309 2282 ὑπατικὰς
1336 2230 1488 2280 στολὰς
1514 2231 1587 2271 καί
1613 2242 1711 2269 του-

276 2288 365 2342 βιἀ.
420 2294 535 2344 Quae
562 2307 635 2332 nos
662 2293 781 2332 hodie
809 2294 851 2331 in
879 2293 1013 2331 boxeis
1041 2292 1355 2331 circumferimus
1383 2289 1568 2335 sudaria,
1601 2291 1711 2325 vete-

277 2361 341 2387 res
369 2349 410 2387 in
437 2348 622 2387 manibus
648 2348 877 2401 gestabant,
911 2355 958 2387 ut
985 2347 1103 2387 latius
1131 2347 1248 2398 dico,
1285 2346 1356 2385 ubi
1396 2345 1446 2383 de
1485 2341 1620 2382 acacia
1648 2339 1716 2379 vel

277 2405 511 2442 anexicacia
539 2403 714 2456 disputo.

388 2459 435 2498 C.
473 2473 534 2497 12.
569 2458 661 2512 [501
681 2488 693 2509 ‚
725 2458 784 2513 2.]
816 2454 1034 2512 ἀρχόντων
1062 2450 1216 2497 αὗτῶν.
1276 2455 1383 2495 Male
1411 2456 1452 2492 in
1482 2451 1632 2490 Latinis
1660 2449 1714 2488 ad

279 2521 451 2553 rectores
479 2513 669 2552 militares
697 2514 843 2564 retuli,
875 2528 1048 2567 quorum
1068 2520 1176 2552 certe
1195 2519 1395 2564 gestamen
1423 2521 1505 2546 non
1532 2512 1617 2568 erat
1645 2518 1712 2542 ca·-

279 2568 392 2607 misia
421 2577 460 2607 et
488 2569 716 2619 chlanidia3
761 2566 900 2608 αὐτῶν
931 2571 1103 2622 pertinet
1130 2568 1181 2606 ad
1212 2563 1466 2612 factionale53
1508 2566 1715 2615 magistta-

279 2627 345 2659 tus
381 2637 520 2661 eorum
564 2624 788 2663 demarchis
824 2624 1074 2663 subminores
1104 2623 1384 2676 designantur,
1432 2629 1604 2670 quorum
1633 2615 1714 2654 fre-

281 2689 407 2728 quens
434 2678 479 2716 fit
506 2679 546 2716 in
579 2678 656 2718 hoc
683 2679 822 2718 codice
848 2680 1013 2718 mentio.

363 2730 458 2785 289.
486 2732 538 2771 A.
568 2747 601 2771 1.
624 2733 738 2787 [501‚
761 2732 826 2787 8.]
858 2731 1105 2773 α’πελατικοί
1151 2724 1427 2783 στρατηγικοὶ.
1504 2723 1719 2766 Subintell.
