1884 3132
275 110 388 178 462
573 130 647 179 ιο,
682 130 787 173 mc,
828 122 1024 175 REiSKu
1063 120 1442 178 commearunt

275 233 341 273 vel
383 231 550 273 Francis
586 242 656 274 aut
704 238 896 290 Barangis
939 239 1198 291 derivamus,
1244 255 1422 294 quorum
1466 255 1597 283 sermo
1624 245 1730 285 unus

275 284 373 328 olim
401 290 590 343 idemque
619 291 694 330 fuit
713 322 725 342 ,
754 301 868 333 notat
907 308 984 333 vox
1010 299 1325 349 scaramagm'um
1349 297 1470 348 idem,
1497 299 1607 351 quod
1635 298 1730 340 σκέ-

276 360 334 397 πη
351 375 362 395 ,
391 352 550 399 tegmen
567 375 579 397 ,
619 353 800 387 tutamen
821 379 832 399 ,
873 349 1052 390 del'ensio
1070 381 1080 397 ,
1122 353 1336 404 protectio·
1391 352 1606 393 Sohar-men
1633 355 1731 394 olim

276 400 465 440 dicebant
491 416 565 455 pro
594 415 643 441 eo
658 431 670 453 ,
709 404 819 458 quod
863 419 937 444 nos
965 407 1155 446 sckirnaen
1171 435 1184 456 ,
1218 408 1453 447 bescha-men
1467 437 1480 458 ,
1510 411 1703 449 occultare
1717 440 1730 460 ,

275 466 401 510 tegere
414 486 426 507 ,
468 458 573 496 ttaerc‘
627 458 816 498 adversus
858 461 1040 500 iniurias.
1104 462 1351 516 Sclzaramag
1390 469 1430 503 et
1456 464 1734 519 Scharamang
1783 492 1787 495 ι

275 513 375 552 olim
402 513 590 552 dicebant
629 528 704 567 pro
732 515 983 569 Scherming,
1021 523 1067 556 ut
1094 517 1254 571 Belgae,
1293 526 1332 557 et
1357 518 1620 574 Sclzirnmng,
1648 521 1732 560 Be-

273 571 497 622 schirmwzg
512 600 523 617 ‚
564 575 611 608 ut
650 570 842 610 Germani
886 570 1073 612 dicimus.
1139 573 1338 613 Dicebant
1380 589 1543 628 quoque
1578 583 1733 615 veteres

274 624 564 677 Sclzarameye‚
595 626 705 678 quod
735 626 811 666 illis
840 626 948 666 idem
976 627 1145 667 sonabat
1162 660 1172 676 ,
1204 637 1324 683 atque
1352 630 1470 670 nobis
1497 629 1731 671 Scharame-

276 695 340 733 ge.
398 681 504 720 Nam
546 680 658 733 quod
699 694 773 721 nos
814 697 886 735 per
923 699 953 736 g
986 684 1219 735 scribimus,
1259 686 1475 725 exarabant
1501 685 1559 724 illi
1587 701 1660 740 per
1677 703 1728 739 y,

276 737 391 775 cuius
419 737 477 775 rei
506 735 686 790 exempla
733 739 896 790 profero
927 739 967 778 in
998 739 1265 794 disputatione
1294 740 1344 779 de
1372 741 1613 792 Chosbaitis,
1641 744 1733 782 uni-

276 802 370 830 cum
399 792 465 830 hic
493 799 650 831 tantum
697 792 879 847 allegabo
910 794 1204 847 Scluzrawayta
1248 810 1322 849 pro
1355 795 1658 850 Sclzarcwvagta,
1691 813 1733 838 v.

276 848 346 886 Du
369 847 504 902 Gange
543 862 584 887 v.
617 847 892 902 Scaraguayta
915 879 926 900 ,
983 849 1265 890 Sclzarwacloe.
1298 851 1558 890 Vocabulum
1587 853 1734 892 Sclzar-

275 911 385 954 meye
405 917 480 957 pro
511 907 785 958 scaramagnio
803 904 926 944 habet
954 905 1118 944 Stettler
1145 908 1187 944 in
1206 906 1434 946 Annalibus
1448 906 1666 947 Helveticis
1687 923 1726 962 p.

280 957 404 1009 254.:
435 958 503 998 Sie
535 958 635 1015 [dux
672 961 928 1014 Burgundiae
958 961 1127 1001 Carolus
1158 961 1304 1000 Audax
1348 969 1388 1001 et
1425 963 1619 1002 exercitus
1647 964 1732 1003 eius

278 1013 331 1053 ab
361 1014 542 1054 Helvetls
570 1014 824 1069 profligatus]
873 1016 999 1055 haben
1026 1017 1110 1055 ihre
1141 1018 1319 1056 seidinen
1337 1016 1603 1069 Sclmrmeyen
1622 1017 1732 1073 [pal-

278 1068 367 1123 lia]‚
397 1070 566 1109 Kleider
587 1070 737 1125 [vestes
766 1070 996 1125 interiores]
1039 1072 1124 1111 und
1154 1073 1301 1111 andere
1326 1073 1621 1112 Lostbarkeicen
1649 1076 1732 1114 wi-

279 1124 421 1166 deram
448 1128 690 1179 zugerichtet.
751 1126 917 1166 Veteres
962 1129 1005 1165 in
1032 1142 1107 1166 usu
1137 1126 1341 1167 habebant
1359 1128 1661 1168 terminationes
1690 1130 1732 1168 in

277 1196 352 1235 ag,
383 1195 459 1235 eg,
477 1196 591 1236 quae
620 1181 730 1235 apud
760 1196 833 1221 nos
851 1214 861 1230 ,
893 1184 1120 1236 ignorantia
1146 1184 1346 1222 veteribus
1375 1198 1402 1236 y
1430 1190 1476 1222 ut
1509 1198 1734 1223 consonan-

277 1245 359 1277 tem
387 1252 412 1291 g
440 1238 562 1277 fuisse
587 1239 913 1292 pronuntiatum,
943 1245 990 1276 ut
1006 1239 1052 1276 ai
1085 1237 1151 1278 vel
1197 1240 1237 1277 ei
1270 1238 1496 1289 efferimus,
1545 1246 1591 1278 ut
1618 1239 1734 1279 Hea-

280 1294 416 1342 clzeley
448 1307 486 1332 e.
516 1307 568 1343 c.,
617 1293 856 1347 hypocrisis,
885 1293 1105 1344 Armetay,
1153 1301 1384 1346 paupertas.
1442 1295 1610 1334 Veteres
1655 1295 1734 1334 hoc

285 1349 497 1400 Ormestay
527 1352 677 1398 (nostro
714 1362 826 1388 more
855 1349 1083 1402 Ormestag)
1114 1348 1348 1398 efferebant,
1377 1349 1486 1388 unde
1518 1351 1733 1403 corruptus

280 1405 471 1444 Orosiani
510 1403 606 1443 libri
653 1404 794 1444 titulus
834 1412 953 1443 natus
997 1404 1180 1443 ormesta
1225 1405 1386 1454 mundi,
1434 1419 1507 1458 pro
1543 1414 1733 1453 ormesley·

283 1461 448 1511 mundi,
486 1459 675 1511 Armeley
701 1460 775 1498 det·
802 1459 942 1508 l'Velt,
968 1462 1176 1513 pauperies
1192 1491 1202 1507 ,
1235 1460 1394 1499 miseria
1421 1459 1578 1499 mundi.
1613 1460 1730 1500 Cous.

280 1516 350 1555 Du
381 1515 513 1569 Gange
541 1530 580 1555 v.
615 1516 917 1563 Guarnacchia,
958 1530 1061 1569 quae
1090 1523 1149 1554 est
1182 1530 1205 1554 a
1247 1530 1390 1561 wat-n,
1430 1515 1622 1562 wehren,
1654 1516 1734 1555 Be-

281 1571 506 1625 wehrung,
543 1579 784 1625 apparatuS,
831 1572 1042 1610 instructio
1071 1571 1132 1610 sui
1171 1570 1411 1618 defensoria,
1444 1571 1553 1610 unde
1578 1572 1737 1623 gar-nir,-

279 1627 489 1680 garandir.
524 1627 691 1666 Veteres
715 1627 858 1665 dixisse
869 1626 1035 1665 Scharm
1053 1626 1118 1665 vel
1136 1626 1348 1675 Sfflaram,
1379 1626 1450 1664 ubi
1476 1640 1550 1665 nos
1559 1625 1729 1675 Schirm,

282 1689 392 1735 patet
424 1697 468 1721 ex
498 1681 692 1721 Chronic.
731 1683 886 1722 Pictur.
913 1682 1108 1721 Bothonis
1139 1682 1199 1738 (p.
1238 1682 1332 1721 523.
1359 1682 1553 1734 Scriptor.
1581 1681 1734 1720 Rerum

281 1738 529 1789 Brunsuic.):
560 1738 628 1777 He
651 1738 748 1792 Izalp
769 1739 856 1776 &me
881 1753 955 1789 syn
980 1738 1067 1777 lant
1104 1739 1146 1776 in
1177 1738 1479 1789 Bescharminge
1528 1737 1732 1776 beholdem

283 1793 406 1833 Patet
437 1808 598 1847 quoque
628 1808 650 1833 e
677 1792 802 1832 verbo
830 1793 1104 1832 Sclzarnziiczel
1131 1800 1171 1832 et
1197 1793 1528 1839 escharmouclzer‚
1559 1791 1732 1840 velitari,

280 1849 484 1888 velitatIO:
519 1849 628 1902 quod
655 1850 766 1889 venit
797 1863 821 1888 a
850 1850 1054 1888 schal-men
1069 1878 1080 1895 ‚
1112 1847 1347 1902 gladiatoria
1378 1847 1562 1886 exercitia
1590 1854 1735 1887 veruto

283 1904 438 1955 facere,
479 1905 661 1955 batuere,
711 1904 806 1958 quia
834 1905 904 1958 qui
932 1904 975 1943 id
1003 1903 1154 1942 faciunt
1181 1917 1222 1942 se
1249 1909 1415 1942 tuentur
1444 1909 1484 1941 et
1513 1901 1735 1942 defendunt

281 1960 335 1998 ab
361 1959 512 1999 insultu
541 1960 687 1999 alieno.
745 1959 975 2006 Schermen,
999 1959 1257 1998 schermieren
1276 1957 1408 1997 adhuc
1438 1965 1615 2011 superest
1641 1972 1736 1997 cum

281 2016 418 2055 multis
449 2015 640 2055 derivatis
669 2029 742 2069 pro
771 2015 1048 2068 gladiatoriam
1083 2025 1278 2053 exercere.
1314 2014 1414 2052 Inde
1442 2012 1605 2066 praelia,
1630 2027 1734 2067 quae

282 2071 520 2124 gladiatorio
562 2070 634 2110 tali
664 2072 849 2110 exercitio
885 2077 1013 2108 essent
1057 2069 1198 2108 similia
1217 2099 1229 2119 ,
1258 2069 1532 2107 Sclmrmiitzel
1571 2068 1735 2108 fuerunt

281 2126 504 2180 appellata,
531 2128 646 2178 quasi
674 2126 784 2164 dicas
831 2124 983 2178 praelia
1010 2124 1270 2177 gladiatoria,
1301 2138 1383 2162 non
1412 2123 1616 2174 militaria,
1645 2122 1732 2162 vid,

281 2183 446 2236 Menag.
477 2182 590 2235 Orig.
619 2181 727 2220 Gall.
759 2195 802 2219 v.
835 2181 1053 2219 Escrimer.
1112 2180 1190 2219 Sed
1219 2178 1404 2218 Italicum
1431 2179 1704 2218 Scaramuccio
1719 2208 1731 2225 ‚

280 2237 513 2276 Scharmutz
537 2244 578 2276 et
601 2236 876 2276 Sclzenwenzel
904 2235 1019 2275 nobis
1039 2265 1051 2285 ,
1081 2250 1154 2288 pro
1179 2249 1352 2288 persona
1382 2233 1553 2274 ridicula
1575 2235 1619 2272 in
1647 2246 1733 2271 sce-

272 2288 334 2331 vna
351 2323 364 2343 ,
403 2292 462 2347 τῷ
479 2291 742 2346 γελωτοποιῷ
759 2322 772 2342 ,
815 2293 927 2330 venit
954 2305 978 2329 a
1005 2292 1159 2329 sclzarm
1176 2322 1186 2339 ‚
1218 2292 1365 2340 tzaela,
1392 2297 1431 2330 et
1457 2298 1586 2338 mutz,
1617 2287 1734 2326 bone-

280 2357 377 2398 tum,
406 2355 452 2387 ut
475 2347 672 2387 Sohar-m·
691 2356 794 2386 mutz
818 2348 870 2386 sit
897 2347 1072 2386 bonetum
1100 2342 1378 2398 defensoriam.
1434 2344 1548 2383 Talia
1586 2342 1735 2381 boneta·

281 2403 344 2442 vel
378 2403 470 2457 pilei
499 2410 616 2442 erant
643 2405 685 2441 in
714 2417 861 2441 conum
890 2409 1053 2440 acutum
1081 2402 1297 2456 fastigiati,
1346 2401 1417 2440 lati
1461 2401 1503 2438 in
1531 2398 1612 2437 imo
1641 2411 1734 2436 cum

282 2457 463 2498 umbella
510 2473 579 2498 seu
622 2460 729 2508 aere,
761 2459 831 2511 qui
865 2457 989 2496 solem
1018 2465 1198 2507 arceret,
1229 2456 1365 2510 quales
1392 2461 1486 2494 sunt
1511 2452 1606 2506 pilei
1630 2467 1735 2491 nau·-

281 2514 377 2564 tici3
415 2513 552 2567 quales
593 2516 689 2567 quia
732 2512 915 2552 buffones
947 2520 1098 2566 gestare
1127 2512 1300 2552 solerent
1320 2541 1332 2561 ,
1362 2510 1454 2548 inde
1483 2508 1558 2561 ipsi
1585 2521 1733 2547 nomen

282 2576 536 2622 acceperunt.
604 2570 790 2622 Denique
833 2567 1082 2607 dissimulare
1118 2582 1199 2606 non
1240 2579 1401 2620 possum
1429 2567 1699 2603 coniecturam
1719 2593 1733 2612 ,

283 2638 386 2675 quae
415 2624 634 2677 aliquando
664 2626 705 2662 in
733 2631 909 2662 mentem
938 2624 1064 2673 venit,
1094 2624 1215 2676 panni
1242 2620 1406 2660 colorati
1435 2619 1561 2658 striati
1590 2633 1732 2672 genus,

282 2678 391 2732 quod
417 2693 490 2717 nos
521 2679 739 2718 Calamank
766 2678 1039 2732 appellamus,
1072 2692 1095 2716 a
1127 2675 1396 2728 scaramagnio
1424 2676 1591 2716 venisse.

365 2733 459 2784 254.
487 2735 535 2774 B.
566 2747 605 2773 2.
634 2733 756 2788 [458‚
789 2733 870 2787 11⁸]
910 2730 1155 2785 καστιόριον.
1221 2732 1432 2769 Gestamus
1460 2729 1581 2769 hodie
1607 2728 1735 2783 pileo&
