<?xml version="1.0" encoding="UTF-8"?>
<!DOCTYPE html PUBLIC "-//W3C//DTD XHTML 1.0 Transitional//EN"
    "http://www.w3.org/TR/xhtml1/DTD/xhtml1-transitional.dtd">
<html xmlns="http://www.w3.org/1999/xhtml" xml:lang="en" lang="en">
 <head>
  <title>
</title>
<meta http-equiv="Content-Type" content="text/html;charset=utf-8" />
  <meta name='ocr-system' content='tesseract 3.04.00' />
  <meta name='ocr-capabilities' content='ocr_page ocr_carea ocr_par ocr_line ocrx_word'/>
</head>
<body>
  <div class='ocr_page' id='page_1' title='image "./corpusscriptorum08niebuoft/corpusscriptorum08niebuoft_0020.png"; bbox 0 0 1826 3126; ppageno 0'>
   <div class='ocr_carea' id='block_1_1' title="bbox 258 47 1436 199">
    <p class='ocr_par' dir='ltr' id='par_1_1' title="bbox 258 47 1436 199">
     <span class='ocr_line' id='line_1_1' title="bbox 820 47 857 87; baseline 0 0"><span class='ocrx_word' id='word_1_1' title='bbox 820 47 857 87; x_wconf 66' lang='grc' dir='ltr'>Ο</span> 
     </span>
     <span class='ocr_line' id='line_1_2' title="bbox 258 154 1436 199; baseline 0.003 -4"><span class='ocrx_word' id='word_1_2' title='bbox 258 155 318 188; x_wconf 85' lang='lat'><em>12</em></span> <span class='ocrx_word' id='word_1_3' title='bbox 557 155 629 196; x_wconf 83' lang='lat'><em>10.</em></span> <span class='ocrx_word' id='word_1_4' title='bbox 671 155 775 196; x_wconf 88' lang='lat' dir='ltr'><em>IAC.</em></span> <span class='ocrx_word' id='word_1_5' title='bbox 820 155 1015 195; x_wconf 84' lang='lat' dir='ltr'>REISKII</span> <span class='ocrx_word' id='word_1_6' title='bbox 1057 154 1436 199; x_wconf 80' lang='lat' dir='ltr'>COMMENTARII</span> 
     </span>
    </p>
   </div>
   <div class='ocr_carea' id='block_1_2' title="bbox 90 256 1706 1699">
    <p class='ocr_par' dir='ltr' id='par_1_2' title="bbox 90 256 1706 1699">
     <span class='ocr_line' id='line_1_3' title="bbox 248 256 1692 318; baseline 0.005 -22"><span class='ocrx_word' id='word_1_7' title='bbox 248 258 470 298; x_wconf 72' lang='lat' dir='ltr'><em>institutam</em></span> <span class='ocrx_word' id='word_1_8' title='bbox 493 258 627 298; x_wconf 83' lang='lat' dir='ltr'><em>verbis</em></span> <span class='ocrx_word' id='word_1_9' title='bbox 645 257 763 296; x_wconf 73' lang='lat' dir='ltr'><em>valde</em></span> <span class='ocrx_word' id='word_1_10' title='bbox 784 256 1113 297; x_wconf 81' lang='lat' dir='ltr'>memorabilibus</span> <span class='ocrx_word' id='word_1_11' title='bbox 1139 257 1329 298; x_wconf 84' lang='lat' dir='ltr'><strong>describit</strong></span> <span class='ocrx_word' id='word_1_12' title='bbox 1353 259 1523 302; x_wconf 76' lang='lat' dir='ltr'><em>Cedren.</em></span> <span class='ocrx_word' id='word_1_13' title='bbox 1546 276 1588 315; x_wconf 83' lang='lat' dir='ltr'><em>p.</em></span> <span class='ocrx_word' id='word_1_14' title='bbox 1606 264 1692 318; x_wconf 79' lang='lat'><em>739</em></span> 
     </span>
     <span class='ocr_line' id='line_1_4' title="bbox 249 307 1703 373; baseline 0.003 -21"><span class='ocrx_word' id='word_1_15' title='bbox 249 314 298 352; x_wconf 89' lang='lat' dir='ltr'><em>C.</em></span> <span class='ocrx_word' id='word_1_16' title='bbox 318 312 489 365; x_wconf 75' lang='grc' dir='ltr'><em>αὐχμοῦ</em></span> <span class='ocrx_word' id='word_1_17' title='bbox 511 313 557 353; x_wconf 76' lang='grc' dir='ltr'><em>δὲ</em></span> <span class='ocrx_word' id='word_1_18' title='bbox 573 313 793 365; x_wconf 74' lang='grc' dir='ltr'><em>γενομένου</em></span> <span class='ocrx_word' id='word_1_19' title='bbox 815 309 872 359; x_wconf 76' lang='grc' dir='ltr'><em>ὥς</em></span> <span class='ocrx_word' id='word_1_20' title='bbox 892 310 964 351; x_wconf 74' lang='grc' dir='ltr'><em>ἐπὶ</em></span> <span class='ocrx_word' id='word_1_21' title='bbox 983 313 1121 365; x_wconf 82' lang='grc' dir='ltr'><em>μῆνας</em></span> <span class='ocrx_word' id='word_1_22' title='bbox 1138 307 1263 361; x_wconf 78' lang='grc' dir='ltr'><em>ὅλους</em></span> <span class='ocrx_word' id='word_1_23' title='bbox 1282 314 1326 363; x_wconf 75' lang='grc' dir='ltr'><em>ἓξ</em></span> <span class='ocrx_word' id='word_1_24' title='bbox 1348 311 1408 367; x_wconf 77' lang='grc' dir='ltr'><em>μὴ</em></span> <span class='ocrx_word' id='word_1_25' title='bbox 1425 312 1703 373; x_wconf 75' lang='grc' dir='ltr'><em>καταῤῥαγῆ-·</em></span> 
     </span>
     <span class='ocr_line' id='line_1_5' title="bbox 247 362 1695 427; baseline 0.003 -20"><span class='ocrx_word' id='word_1_26' title='bbox 247 366 319 408; x_wconf 88' lang='grc' dir='ltr'><em>ναι</em></span> <span class='ocrx_word' id='word_1_27' title='bbox 347 365 493 419; x_wconf 76' lang='grc' dir='ltr'><em>ὑετὸν,</em></span> <span class='ocrx_word' id='word_1_28' title='bbox 528 366 741 407; x_wconf 78' lang='grc' dir='ltr'><em>λιτανείαν</em></span> <span class='ocrx_word' id='word_1_29' title='bbox 758 362 1008 420; x_wconf 80' lang='grc' dir='ltr'><em>ἐποιήσαντο</em></span> <span class='ocrx_word' id='word_1_30' title='bbox 1040 364 1080 407; x_wconf 80' lang='grc' dir='ltr'><em>οἱ</em></span> <span class='ocrx_word' id='word_1_31' title='bbox 1104 368 1179 408; x_wconf 84' lang='grc' dir='ltr'><em>τοῦ</em></span> <span class='ocrx_word' id='word_1_32' title='bbox 1203 367 1412 420; x_wconf 80' lang='grc' dir='ltr'><em>βασιλέως</em></span> <span class='ocrx_word' id='word_1_33' title='bbox 1443 368 1640 427; x_wconf 77' lang='grc' dir='ltr'><em>ἀδελφοὶ,</em></span> <span class='ocrx_word' id='word_1_34' title='bbox 1668 370 1695 412; x_wconf 76' lang='grc' dir='ltr'>ὅ</span> 
     </span>
     <span class='ocr_line' id='line_1_6' title="bbox 246 418 1700 478; baseline 0.004 -15"><span class='ocrx_word' id='word_1_35' title='bbox 246 424 327 473; x_wconf 84' lang='grc' dir='ltr'><em>μὲν</em></span> <span class='ocrx_word' id='word_1_36' title='bbox 357 421 550 475; x_wconf 76' lang='grc' dir='ltr'><em>Ἰωάννης</em></span> <span class='ocrx_word' id='word_1_37' title='bbox 579 419 803 474; x_wconf 79' lang='grc' dir='ltr'><em>βαστάζων</em></span> <span class='ocrx_word' id='word_1_38' title='bbox 836 421 882 463; x_wconf 85' lang='grc' dir='ltr'><em>τὸ</em></span> <span class='ocrx_word' id='word_1_39' title='bbox 915 418 1033 476; x_wconf 79' lang='grc' dir='ltr'><em>ἅγιον</em></span> <span class='ocrx_word' id='word_1_40' title='bbox 1057 420 1313 475; x_wconf 75' lang='grc' dir='ltr'><em>μανδύλιον,</em></span> <span class='ocrx_word' id='word_1_41' title='bbox 1348 422 1371 464; x_wconf 80' lang='grc' dir='ltr'>ὅ</span> <span class='ocrx_word' id='word_1_42' title='bbox 1391 425 1524 478; x_wconf 78' lang='grc' dir='ltr'><em>μέγας</em></span> <span class='ocrx_word' id='word_1_43' title='bbox 1545 427 1593 468; x_wconf 80' lang='grc' dir='ltr'><em>δὲ</em></span> <span class='ocrx_word' id='word_1_44' title='bbox 1611 427 1700 468; x_wconf 79' lang='grc' dir='ltr'><em>Δο-·</em></span> 
     </span>
     <span class='ocr_line' id='line_1_7' title="bbox 246 472 1698 533; baseline 0.002 -14"><span class='ocrx_word' id='word_1_45' title='bbox 246 478 439 529; x_wconf 82' lang='grc' dir='ltr'><em>μέοτικος</em></span> <span class='ocrx_word' id='word_1_46' title='bbox 469 476 545 531; x_wconf 79' lang='grc' dir='ltr'><em>τὴν</em></span> <span class='ocrx_word' id='word_1_47' title='bbox 576 474 682 532; x_wconf 78' lang='grc' dir='ltr'><em>πρὸς</em></span> <span class='ocrx_word' id='word_1_48' title='bbox 710 472 916 533; x_wconf 74' lang='grc' dir='ltr'><em>Αὕγαρον</em></span> <span class='ocrx_word' id='word_1_49' title='bbox 945 475 1164 531; x_wconf 80' lang='grc' dir='ltr'><em>ἐπιστολήν</em></span> <span class='ocrx_word' id='word_1_50' title='bbox 1203 480 1280 519; x_wconf 80' lang='grc' dir='ltr'><em>τοῦ</em></span> <span class='ocrx_word' id='word_1_51' title='bbox 1316 481 1534 533; x_wconf 75' lang='grc' dir='ltr'><em>Χριστοῦ,</em></span> <span class='ocrx_word' id='word_1_52' title='bbox 1564 483 1638 522; x_wconf 84' lang='grc' dir='ltr'>καί</span> <span class='ocrx_word' id='word_1_53' title='bbox 1671 481 1698 522; x_wconf 75' lang='grc' dir='ltr'><em>ὅ</em></span> 
     </span>
     <span class='ocr_line' id='line_1_8' title="bbox 247 528 1701 590; baseline 0.004 -18"><span class='ocrx_word' id='word_1_54' title='bbox 247 529 625 587; x_wconf 72' lang='grc' dir='ltr'><em>πρὼτοβεστιάριος</em></span> <span class='ocrx_word' id='word_1_55' title='bbox 663 530 714 573; x_wconf 77' lang='grc' dir='ltr'><em>τά</em></span> <span class='ocrx_word' id='word_1_56' title='bbox 752 528 853 586; x_wconf 75' lang='grc' dir='ltr'><em>ἅγια</em></span> <span class='ocrx_word' id='word_1_57' title='bbox 881 529 1118 586; x_wconf 75' lang='grc' dir='ltr'><em>σπάργανα.</em></span> <span class='ocrx_word' id='word_1_58' title='bbox 1175 534 1272 574; x_wconf 72' lang='grc' dir='ltr'><em>Καὶ</em></span> <span class='ocrx_word' id='word_1_59' title='bbox 1309 535 1417 590; x_wconf 82' lang='grc' dir='ltr'><em>πεζῇ</em></span> <span class='ocrx_word' id='word_1_60' title='bbox 1451 531 1701 585; x_wconf 76' lang='grc' dir='ltr'><em>ὁδεύσαντες</em></span> 
     </span>
     <span class='ocr_line' id='line_1_9' title="bbox 250 583 1701 646; baseline 0.004 -19"><span class='ocrx_word' id='word_1_61' title='bbox 250 585 334 627; x_wconf 75' lang='grc' dir='ltr'><em>ἀπὸ</em></span> <span class='ocrx_word' id='word_1_62' title='bbox 380 589 459 628; x_wconf 82' lang='grc' dir='ltr'><em>τοῦ</em></span> <span class='ocrx_word' id='word_1_63' title='bbox 490 583 674 640; x_wconf 77' lang='grc' dir='ltr'><em>μεγάλου</em></span> <span class='ocrx_word' id='word_1_64' title='bbox 713 589 918 630; x_wconf 82' lang='grc' dir='ltr'><em>παλατίου</em></span> <span class='ocrx_word' id='word_1_65' title='bbox 973 587 1171 643; x_wconf 72' lang='grc' dir='ltr'><em>ἀφίκοντο</em></span> <span class='ocrx_word' id='word_1_66' title='bbox 1211 583 1316 644; x_wconf 73' lang='grc' dir='ltr'><em>ἄχρι</em></span> <span class='ocrx_word' id='word_1_67' title='bbox 1363 591 1441 630; x_wconf 78' lang='grc' dir='ltr'><em>τοῦ</em></span> <span class='ocrx_word' id='word_1_68' title='bbox 1481 593 1585 632; x_wconf 83' lang='grc' dir='ltr'><em>ναοῦ</em></span> <span class='ocrx_word' id='word_1_69' title='bbox 1624 593 1701 646; x_wconf 80' lang='grc' dir='ltr'><em>τῆς</em></span> 
     </span>
     <span class='ocr_line' id='line_1_10' title="bbox 247 640 1700 699; baseline 0.004 -17"><span class='ocrx_word' id='word_1_70' title='bbox 247 640 482 698; x_wconf 78' lang='grc' dir='ltr'><em>ὖπεραγίας</em></span> <span class='ocrx_word' id='word_1_71' title='bbox 524 640 727 685; x_wconf 82' lang='grc' dir='ltr'><em>Θεοτόκου</em></span> <span class='ocrx_word' id='word_1_72' title='bbox 758 645 840 684; x_wconf 77' lang='grc' dir='ltr'><em>τῶν</em></span> <span class='ocrx_word' id='word_1_73' title='bbox 876 645 1148 698; x_wconf 80' lang='grc' dir='ltr'><em>Βλαχερνῶν.</em></span> <span class='ocrx_word' id='word_1_74' title='bbox 1203 643 1395 699; x_wconf 79' lang='grc' dir='ltr'><em>Ἐποίησε</em></span> <span class='ocrx_word' id='word_1_75' title='bbox 1439 645 1486 686; x_wconf 75' lang='grc' dir='ltr'><em>δὲ</em></span> <span class='ocrx_word' id='word_1_76' title='bbox 1507 646 1582 686; x_wconf 80' lang='grc' dir='ltr'><em>καὶ</em></span> <span class='ocrx_word' id='word_1_77' title='bbox 1610 643 1700 688; x_wconf 72' lang='grc' dir='ltr'><em>ἑτέ-</em></span> 
     </span>
     <span class='ocr_line' id='line_1_11' title="bbox 249 695 1698 757; baseline 0.003 -19"><span class='ocrx_word' id='word_1_78' title='bbox 249 713 331 752; x_wconf 79' lang='grc' dir='ltr'><em>ραν</em></span> <span class='ocrx_word' id='word_1_79' title='bbox 368 695 484 751; x_wconf 76' lang='grc' dir='ltr'><em>λιτήν</em></span> <span class='ocrx_word' id='word_1_80' title='bbox 522 697 547 738; x_wconf 78' lang='grc' dir='ltr'><em>ὅ</em></span> <span class='ocrx_word' id='word_1_81' title='bbox 598 697 862 754; x_wconf 75' lang='grc' dir='ltr'><em>πατριάρχης</em></span> <span class='ocrx_word' id='word_1_82' title='bbox 913 697 991 740; x_wconf 77' lang='grc' dir='ltr'><em>σὺν</em></span> <span class='ocrx_word' id='word_1_83' title='bbox 1044 700 1106 755; x_wconf 75' lang='grc' dir='ltr'><em>τῷ</em></span> <span class='ocrx_word' id='word_1_84' title='bbox 1155 696 1308 757; x_wconf 75' lang='grc' dir='ltr'><strong><em>κλήρῳ.</em></strong></span> <span class='ocrx_word' id='word_1_85' title='bbox 1373 701 1519 742; x_wconf 85' lang='lat' dir='ltr'><em>Tanta</em></span> <span class='ocrx_word' id='word_1_86' title='bbox 1554 712 1698 743; x_wconf 86' lang='lat' dir='ltr'><em>autem</em></span> 
     </span>
     <span class='ocr_line' id='line_1_12' title="bbox 248 755 1700 811; baseline 0.004 -18"><span class='ocrx_word' id='word_1_87' title='bbox 248 755 436 794; x_wconf 86' lang='lat' dir='ltr'><em>subnata</em></span> <span class='ocrx_word' id='word_1_88' title='bbox 465 756 690 802; x_wconf 71' lang='lat' dir='ltr'><em>siccitate,</em></span> <span class='ocrx_word' id='word_1_89' title='bbox 727 764 772 795; x_wconf 85' lang='lat' dir='ltr'><em>ut</em></span> <span class='ocrx_word' id='word_1_90' title='bbox 794 757 902 801; x_wconf 62' lang='lat' dir='ltr'><em>‚totis</em></span> <span class='ocrx_word' id='word_1_91' title='bbox 938 770 1017 795; x_wconf 77' lang='lat' dir='ltr'><em>sex</em></span> <span class='ocrx_word' id='word_1_92' title='bbox 1047 757 1255 797; x_wconf 86' lang='lat' dir='ltr'><em>mensibus</em></span> <span class='ocrx_word' id='word_1_93' title='bbox 1293 769 1378 796; x_wconf 87' lang='lat' dir='ltr'><em>non</em></span> <span class='ocrx_word' id='word_1_94' title='bbox 1410 758 1599 811; x_wconf 80' lang='lat' dir='ltr'><em>plueret,</em></span> <span class='ocrx_word' id='word_1_95' title='bbox 1633 759 1700 799; x_wconf 88' lang='lat' dir='ltr'><em>in·</em></span> 
     </span>
     <span class='ocr_line' id='line_1_13' title="bbox 249 810 1699 868; baseline 0.004 -21"><span class='ocrx_word' id='word_1_96' title='bbox 249 810 483 850; x_wconf 84' lang='lat' dir='ltr'><em>stituebant</em></span> <span class='ocrx_word' id='word_1_97' title='bbox 515 811 902 867; x_wconf 86' lang='lat' dir='ltr'><em>supplicabundam</em></span> <span class='ocrx_word' id='word_1_98' title='bbox 930 812 1240 867; x_wconf 80' lang='lat' dir='ltr'><em>processionem</em></span> <span class='ocrx_word' id='word_1_99' title='bbox 1278 812 1558 868; x_wconf 85' lang='lat' dir='ltr'><em>Imperatoris</em></span> <span class='ocrx_word' id='word_1_100' title='bbox 1590 812 1699 867; x_wconf 88' lang='lat' dir='ltr'><em>fra-</em></span> 
     </span>
     <span class='ocr_line' id='line_1_14' title="bbox 252 867 1701 918; baseline 0.003 -14"><span class='ocrx_word' id='word_1_101' title='bbox 252 873 337 904; x_wconf 83' lang='lat' dir='ltr'><em>tres</em></span> <span class='ocrx_word' id='word_1_102' title='bbox 358 882 374 910; x_wconf 92' lang='lat'><em>;</em></span> <span class='ocrx_word' id='word_1_103' title='bbox 414 879 593 918; x_wconf 88' lang='lat' dir='ltr'><em>quorum</em></span> <span class='ocrx_word' id='word_1_104' title='bbox 636 880 740 906; x_wconf 87' lang='lat' dir='ltr'><em>unus</em></span> <span class='ocrx_word' id='word_1_105' title='bbox 781 881 950 907; x_wconf 88' lang='lat' dir='ltr'><em>sacrum</em></span> <span class='ocrx_word' id='word_1_106' title='bbox 984 867 1159 906; x_wconf 88' lang='lat' dir='ltr'><em>mantile</em></span> <span class='ocrx_word' id='word_1_107' title='bbox 1194 870 1291 917; x_wconf 90' lang='lat' dir='ltr'><em>(seu</em></span> <span class='ocrx_word' id='word_1_108' title='bbox 1327 867 1534 907; x_wconf 85' lang='lat' dir='ltr'><em>sudarium</em></span> <span class='ocrx_word' id='word_1_109' title='bbox 1568 869 1701 908; x_wconf 78' lang='lat' dir='ltr'><em>Edes-</em></span> 
     </span>
     <span class='ocr_line' id='line_1_15' title="bbox 251 921 1700 978; baseline 0.003 -19"><span class='ocrx_word' id='word_1_110' title='bbox 251 921 416 972; x_wconf 89' lang='lat' dir='ltr'><em>senum)</em></span> <span class='ocrx_word' id='word_1_111' title='bbox 457 923 695 975; x_wconf 87' lang='lat' dir='ltr'><em>portabat;</em></span> <span class='ocrx_word' id='word_1_112' title='bbox 743 923 856 961; x_wconf 89' lang='lat' dir='ltr'><em>alter</em></span> <span class='ocrx_word' id='word_1_113' title='bbox 888 932 1057 969; x_wconf 83' lang='lat' dir='ltr'><em>autem,</em></span> <span class='ocrx_word' id='word_1_114' title='bbox 1091 936 1270 974; x_wconf 86' lang='lat' dir='ltr'><em>magnus</em></span> <span class='ocrx_word' id='word_1_115' title='bbox 1299 937 1447 978; x_wconf 83' lang='lat' dir='ltr'><em>nempe</em></span> <span class='ocrx_word' id='word_1_116' title='bbox 1486 923 1700 963; x_wconf 86' lang='lat' dir='ltr'><em>Domesti-</em></span> 
     </span>
     <span class='ocr_line' id='line_1_16' title="bbox 252 977 1700 1030; baseline 0.001 -14"><span class='ocrx_word' id='word_1_117' title='bbox 252 989 358 1023; x_wconf 89' lang='lat' dir='ltr'><em>cus,</em></span> <span class='ocrx_word' id='word_1_118' title='bbox 398 977 624 1030; x_wconf 83' lang='lat' dir='ltr'><em>epistolam</em></span> <span class='ocrx_word' id='word_1_119' title='bbox 663 991 694 1016; x_wconf 88' lang='lat' dir='ltr'><em>a</em></span> <span class='ocrx_word' id='word_1_120' title='bbox 730 977 896 1018; x_wconf 76' lang='lat' dir='ltr'><em>Christo</em></span> <span class='ocrx_word' id='word_1_121' title='bbox 940 978 1005 1018; x_wconf 88' lang='lat' dir='ltr'><em>ad</em></span> <span class='ocrx_word' id='word_1_122' title='bbox 1038 978 1256 1030; x_wconf 84' lang='lat' dir='ltr'><em>Abgarum</em></span> <span class='ocrx_word' id='word_1_123' title='bbox 1291 979 1466 1018; x_wconf 82' lang='lat' dir='ltr'><em>missam</em></span> <span class='ocrx_word' id='word_1_124' title='bbox 1486 1008 1503 1026; x_wconf 86' lang='lat'><em>,</em></span> <span class='ocrx_word' id='word_1_125' title='bbox 1550 979 1700 1019; x_wconf 82' lang='lat' dir='ltr'><em>tertius</em></span> 
     </span>
     <span class='ocr_line' id='line_1_17' title="bbox 90 1030 1699 1088; baseline 0.002 -19"><span class='ocrx_word' id='word_1_126' title='bbox 90 1030 465 1086; x_wconf 73' lang='lat' dir='ltr'><em>Ed.L-4denique‚</em></span> <span class='ocrx_word' id='word_1_127' title='bbox 495 1031 688 1083; x_wconf 81' lang='lat' dir='ltr'><strong><em>idemque</em></strong></span> <span class='ocrx_word' id='word_1_128' title='bbox 723 1033 1113 1080; x_wconf 80' lang='lat' dir='ltr'><em>Protovestiarius,</em></span> <span class='ocrx_word' id='word_1_129' title='bbox 1149 1048 1300 1074; x_wconf 86' lang='lat' dir='ltr'><em>sacras</em></span> <span class='ocrx_word' id='word_1_130' title='bbox 1334 1033 1492 1073; x_wconf 78' lang='lat' dir='ltr'><em>Christi</em></span> <span class='ocrx_word' id='word_1_131' title='bbox 1510 1033 1699 1088; x_wconf 83' lang='lat' dir='ltr'><em>fascias.</em></span> 
     </span>
     <span class='ocr_line' id='line_1_18' title="bbox 249 1084 1702 1143; baseline 0.002 -18"><span class='ocrx_word' id='word_1_132' title='bbox 249 1084 316 1125; x_wconf 89' lang='lat' dir='ltr'><em>Hi</em></span> <span class='ocrx_word' id='word_1_133' title='bbox 354 1086 522 1142; x_wconf 81' lang='lat' dir='ltr'><em>pedites</em></span> <span class='ocrx_word' id='word_1_134' title='bbox 563 1090 778 1141; x_wconf 83' lang='lat' dir='ltr'><em>progressi</em></span> <span class='ocrx_word' id='word_1_135' title='bbox 816 1103 837 1128; x_wconf 90' lang='lat' dir='ltr'><em>e</em></span> <span class='ocrx_word' id='word_1_136' title='bbox 893 1103 1048 1140; x_wconf 80' lang='lat' dir='ltr'><em>magno</em></span> <span class='ocrx_word' id='word_1_137' title='bbox 1084 1089 1254 1143; x_wconf 86' lang='lat' dir='ltr'><em>palatio</em></span> <span class='ocrx_word' id='word_1_138' title='bbox 1299 1102 1429 1143; x_wconf 86' lang='lat' dir='ltr'><em>usque</em></span> <span class='ocrx_word' id='word_1_139' title='bbox 1478 1090 1544 1129; x_wconf 85' lang='lat' dir='ltr'><em>ad</em></span> <span class='ocrx_word' id='word_1_140' title='bbox 1594 1090 1702 1130; x_wconf 65' lang='lat' dir='ltr'><em>Dei⁴</em></span> 
     </span>
     <span class='ocr_line' id='line_1_19' title="bbox 247 1142 1700 1200; baseline 0.002 -19"><span class='ocrx_word' id='word_1_141' title='bbox 247 1155 407 1198; x_wconf 87' lang='lat' dir='ltr'><em>param</em></span> <span class='ocrx_word' id='word_1_142' title='bbox 447 1142 785 1183; x_wconf 83' lang='lat' dir='ltr'><em>Blachernarum</em></span> <span class='ocrx_word' id='word_1_143' title='bbox 813 1145 1118 1198; x_wconf 86' lang='lat' dir='ltr'><em>procedebant.</em></span> <span class='ocrx_word' id='word_1_144' title='bbox 1177 1145 1364 1184; x_wconf 87' lang='lat' dir='ltr'><em>Seorsim</em></span> <span class='ocrx_word' id='word_1_145' title='bbox 1396 1157 1560 1200; x_wconf 84' lang='lat' dir='ltr'><em>quoque</em></span> <span class='ocrx_word' id='word_1_146' title='bbox 1595 1158 1700 1200; x_wconf 87' lang='lat' dir='ltr'><em>pro-</em></span> 
     </span>
     <span class='ocr_line' id='line_1_20' title="bbox 252 1198 1706 1254; baseline 0.002 -18"><span class='ocrx_word' id='word_1_147' title='bbox 252 1199 482 1238; x_wconf 87' lang='lat' dir='ltr'><em>cessionem</em></span> <span class='ocrx_word' id='word_1_148' title='bbox 534 1211 628 1238; x_wconf 89' lang='lat' dir='ltr'><em>cum</em></span> <span class='ocrx_word' id='word_1_149' title='bbox 683 1198 805 1239; x_wconf 89' lang='lat' dir='ltr'><em>Clero</em></span> <span class='ocrx_word' id='word_1_150' title='bbox 844 1199 1045 1253; x_wconf 74' lang='lat' dir='ltr'><em>faciebat</em></span> <span class='ocrx_word' id='word_1_151' title='bbox 1095 1201 1379 1241; x_wconf 80' lang='lat' dir='ltr'><em>Patriarcha.</em></span> <span class='ocrx_word' id='word_1_152' title='bbox 1460 1199 1706 1254; x_wconf 77' lang='lat' dir='ltr'><em>Intelligitur</em></span> 
     </span>
     <span class='ocr_line' id='line_1_21' title="bbox 250 1252 1704 1309; baseline 0.003 -18"><span class='ocrx_word' id='word_1_153' title='bbox 250 1252 348 1292; x_wconf 89' lang='lat' dir='ltr'><em>hinc</em></span> <span class='ocrx_word' id='word_1_154' title='bbox 390 1267 522 1292; x_wconf 84' lang='lat' dir='ltr'><em>sacras</em></span> <span class='ocrx_word' id='word_1_155' title='bbox 556 1253 745 1308; x_wconf 87' lang='lat' dir='ltr'><em>reliquias</em></span> <span class='ocrx_word' id='word_1_156' title='bbox 777 1257 819 1294; x_wconf 91' lang='lat' dir='ltr'><em>in</em></span> <span class='ocrx_word' id='word_1_157' title='bbox 853 1256 1174 1309; x_wconf 89' lang='lat' dir='ltr'><em>processionibus</em></span> <span class='ocrx_word' id='word_1_158' title='bbox 1211 1255 1464 1296; x_wconf 83' lang='lat' dir='ltr'><em>circumlatas</em></span> <span class='ocrx_word' id='word_1_159' title='bbox 1496 1255 1642 1306; x_wconf 84' lang='lat' dir='ltr'><em>fuisse,</em></span> <span class='ocrx_word' id='word_1_160' title='bbox 1663 1263 1704 1296; x_wconf 82' lang='lat' dir='ltr'><em>et</em></span> 
     </span>
     <span class='ocr_line' id='line_1_22' title="bbox 253 1307 1704 1366; baseline 0.003 -20"><span class='ocrx_word' id='word_1_161' title='bbox 253 1307 356 1356; x_wconf 87' lang='lat' dir='ltr'><em>duos</em></span> <span class='ocrx_word' id='word_1_162' title='bbox 389 1307 628 1362; x_wconf 82' lang='lat' dir='ltr'><em>plerumque</em></span> <span class='ocrx_word' id='word_1_163' title='bbox 662 1310 807 1350; x_wconf 87' lang='lat' dir='ltr'><em>choros</em></span> <span class='ocrx_word' id='word_1_164' title='bbox 858 1311 1160 1365; x_wconf 84' lang='lat' dir='ltr'><em>procedentium</em></span> <span class='ocrx_word' id='word_1_165' title='bbox 1180 1341 1192 1363; x_wconf 83' lang='lat'>,</span> <span class='ocrx_word' id='word_1_166' title='bbox 1235 1326 1411 1366; x_wconf 89' lang='lat' dir='ltr'><em>quorum</em></span> <span class='ocrx_word' id='word_1_167' title='bbox 1441 1325 1569 1350; x_wconf 88' lang='lat' dir='ltr'><em>unum</em></span> <span class='ocrx_word' id='word_1_168' title='bbox 1618 1311 1704 1350; x_wconf 88' lang='lat' dir='ltr'><em>Im-</em></span> 
     </span>
     <span class='ocr_line' id='line_1_23' title="bbox 253 1364 1702 1419; baseline 0.002 -17"><span class='ocrx_word' id='word_1_169' title='bbox 253 1371 433 1418; x_wconf 84' lang='lat' dir='ltr'><em>perator,</em></span> <span class='ocrx_word' id='word_1_170' title='bbox 484 1372 554 1404; x_wconf 82' lang='lat' dir='ltr'><em>aut</em></span> <span class='ocrx_word' id='word_1_171' title='bbox 581 1364 734 1419; x_wconf 84' lang='lat' dir='ltr'><em>legatus</em></span> <span class='ocrx_word' id='word_1_172' title='bbox 766 1367 850 1406; x_wconf 83' lang='lat' dir='ltr'><em>eius</em></span> <span class='ocrx_word' id='word_1_173' title='bbox 874 1397 885 1418; x_wconf 86' lang='lat'>‚</span> <span class='ocrx_word' id='word_1_174' title='bbox 916 1366 1086 1406; x_wconf 83' lang='lat' dir='ltr'><em>alterum</em></span> <span class='ocrx_word' id='word_1_175' title='bbox 1124 1367 1362 1407; x_wconf 73' lang='lat' dir='ltr'><em>Patriarcha</em></span> <span class='ocrx_word' id='word_1_176' title='bbox 1393 1367 1572 1406; x_wconf 83' lang='lat' dir='ltr'><em>duceret.</em></span> <span class='ocrx_word' id='word_1_177' title='bbox 1646 1366 1702 1406; x_wconf 83' lang='lat' dir='ltr'><em>Hi</em></span> 
     </span>
     <span class='ocr_line' id='line_1_24' title="bbox 255 1420 1704 1473; baseline 0.001 -15"><span class='ocrx_word' id='word_1_178' title='bbox 255 1420 371 1459; x_wconf 85' lang='lat' dir='ltr'><em>chori</em></span> <span class='ocrx_word' id='word_1_179' title='bbox 409 1422 453 1459; x_wconf 90' lang='lat' dir='ltr'><em>in</em></span> <span class='ocrx_word' id='word_1_180' title='bbox 496 1421 564 1459; x_wconf 88' lang='lat' dir='ltr'><em>via</em></span> <span class='ocrx_word' id='word_1_181' title='bbox 600 1422 676 1460; x_wconf 87' lang='lat' dir='ltr'><em>sibi</em></span> <span class='ocrx_word' id='word_1_182' title='bbox 720 1430 974 1462; x_wconf 85' lang='lat' dir='ltr'><em>occurrentes</em></span> <span class='ocrx_word' id='word_1_183' title='bbox 1010 1423 1171 1463; x_wconf 84' lang='lat' dir='ltr'><em>coibant</em></span> <span class='ocrx_word' id='word_1_184' title='bbox 1193 1452 1205 1473; x_wconf 86' lang='lat'>‚</span> <span class='ocrx_word' id='word_1_185' title='bbox 1244 1430 1284 1463; x_wconf 89' lang='lat' dir='ltr'><em>et</em></span> <span class='ocrx_word' id='word_1_186' title='bbox 1323 1436 1464 1462; x_wconf 84' lang='lat' dir='ltr'><em>rursus</em></span> <span class='ocrx_word' id='word_1_187' title='bbox 1516 1421 1704 1461; x_wconf 81' lang='lat' dir='ltr'><em>discede-</em></span> 
     </span>
     <span class='ocr_line' id='line_1_25' title="bbox 253 1475 1696 1529; baseline 0.003 -16"><span class='ocrx_word' id='word_1_188' title='bbox 253 1475 355 1515; x_wconf 88' lang='lat' dir='ltr'><em>bant</em></span> <span class='ocrx_word' id='word_1_189' title='bbox 372 1503 385 1526; x_wconf 82' lang='lat'>,</span> <span class='ocrx_word' id='word_1_190' title='bbox 433 1490 514 1529; x_wconf 89' lang='lat' dir='ltr'><em>qua</em></span> <span class='ocrx_word' id='word_1_191' title='bbox 556 1476 608 1515; x_wconf 89' lang='lat' dir='ltr'><em>de</em></span> <span class='ocrx_word' id='word_1_192' title='bbox 653 1492 698 1517; x_wconf 88' lang='lat' dir='ltr'><em>re</em></span> <span class='ocrx_word' id='word_1_193' title='bbox 738 1478 835 1517; x_wconf 85' lang='lat' dir='ltr'><em>alias</em></span> <span class='ocrx_word' id='word_1_194' title='bbox 873 1478 1031 1518; x_wconf 90' lang='lat' dir='ltr'><em>dicendi</em></span> <span class='ocrx_word' id='word_1_195' title='bbox 1073 1480 1228 1518; x_wconf 87' lang='lat' dir='ltr'><em>occasio</em></span> <span class='ocrx_word' id='word_1_196' title='bbox 1276 1480 1354 1518; x_wconf 87' lang='lat' dir='ltr'><em>erit</em></span> <span class='ocrx_word' id='word_1_197' title='bbox 1394 1479 1439 1517; x_wconf 89' lang='lat' dir='ltr'><em>in</em></span> <span class='ocrx_word' id='word_1_198' title='bbox 1473 1478 1538 1517; x_wconf 89' lang='lat' dir='ltr'><em>his</em></span> <span class='ocrx_word' id='word_1_199' title='bbox 1571 1478 1696 1518; x_wconf 82' lang='lat' dir='ltr'><em>notis.</em></span> 
     </span>
     <span class='ocr_line' id='line_1_26' title="bbox 251 1532 1702 1587; baseline -0.001 -14"><span class='ocrx_word' id='word_1_200' title='bbox 251 1532 414 1573; x_wconf 86' lang='lat' dir='ltr'><em>Morem</em></span> <span class='ocrx_word' id='word_1_201' title='bbox 445 1532 554 1570; x_wconf 87' lang='lat' dir='ltr'><em>hunc</em></span> <span class='ocrx_word' id='word_1_202' title='bbox 581 1533 752 1584; x_wconf 78' lang='lat' dir='ltr'><em>publicis</em></span> <span class='ocrx_word' id='word_1_203' title='bbox 793 1534 1114 1587; x_wconf 83' lang='lat' dir='ltr'><em>processionibus</em></span> <span class='ocrx_word' id='word_1_204' title='bbox 1150 1534 1333 1587; x_wconf 88' lang='lat' dir='ltr'><em>pluviam</em></span> <span class='ocrx_word' id='word_1_205' title='bbox 1358 1548 1383 1573; x_wconf 85' lang='lat' dir='ltr'><em>a</em></span> <span class='ocrx_word' id='word_1_206' title='bbox 1418 1534 1508 1572; x_wconf 90' lang='lat' dir='ltr'><em>Deo</em></span> <span class='ocrx_word' id='word_1_207' title='bbox 1552 1546 1702 1586; x_wconf 83' lang='lat' dir='ltr'><em>rogan-</em></span> 
     </span>
     <span class='ocr_line' id='line_1_27' title="bbox 250 1586 1704 1641; baseline 0.002 -17"><span class='ocrx_word' id='word_1_208' title='bbox 250 1586 293 1625; x_wconf 92' lang='lat' dir='ltr'><em>di</em></span> <span class='ocrx_word' id='word_1_209' title='bbox 312 1587 642 1626; x_wconf 82' lang='lat' dir='ltr'><em>Muhammedani</em></span> <span class='ocrx_word' id='word_1_210' title='bbox 674 1591 769 1628; x_wconf 83' lang='lat' dir='ltr'><em>satis</em></span> <span class='ocrx_word' id='word_1_211' title='bbox 796 1597 953 1637; x_wconf 78' lang='lat' dir='ltr'><em>mature</em></span> <span class='ocrx_word' id='word_1_212' title='bbox 983 1604 1007 1628; x_wconf 88' lang='lat' dir='ltr'><em>a</em></span> <span class='ocrx_word' id='word_1_213' title='bbox 1039 1591 1201 1629; x_wconf 84' lang='lat' dir='ltr'><em>Graecis</em></span> <span class='ocrx_word' id='word_1_214' title='bbox 1214 1619 1226 1641; x_wconf 82' lang='lat'><strong><em>‚</em></strong></span> <span class='ocrx_word' id='word_1_215' title='bbox 1254 1596 1325 1629; x_wconf 84' lang='lat' dir='ltr'><em>aut</em></span> <span class='ocrx_word' id='word_1_216' title='bbox 1355 1589 1593 1628; x_wconf 84' lang='lat' dir='ltr'><em>Christianis</em></span> <span class='ocrx_word' id='word_1_217' title='bbox 1618 1589 1704 1627; x_wconf 84' lang='lat' dir='ltr'><em>ori-</em></span> 
     </span>
     <span class='ocr_line' id='line_1_28' title="bbox 251 1642 1705 1699; baseline 0.001 -19"><span class='ocrx_word' id='word_1_218' title='bbox 251 1642 468 1694; x_wconf 65' lang='lat' dir='ltr'><em>cunalibus,</em></span> <span class='ocrx_word' id='word_1_219' title='bbox 490 1649 538 1681; x_wconf 87' lang='lat' dir='ltr'><em>ut</em></span> <span class='ocrx_word' id='word_1_220' title='bbox 555 1643 704 1683; x_wconf 88' lang='lat' dir='ltr'><em>multos</em></span> <span class='ocrx_word' id='word_1_221' title='bbox 735 1644 835 1684; x_wconf 86' lang='lat' dir='ltr'><em>alios</em></span> <span class='ocrx_word' id='word_1_222' title='bbox 854 1646 955 1684; x_wconf 86' lang='lat' dir='ltr'><em>ritus</em></span> <span class='ocrx_word' id='word_1_223' title='bbox 974 1645 1197 1699; x_wconf 84' lang='lat' dir='ltr'><em>religiosos,</em></span> <span class='ocrx_word' id='word_1_224' title='bbox 1226 1651 1478 1699; x_wconf 83' lang='lat' dir='ltr'><em>acceperunt.</em></span> <span class='ocrx_word' id='word_1_225' title='bbox 1525 1644 1585 1683; x_wconf 75' lang='lat' dir='ltr'><em>lta</em></span> <span class='ocrx_word' id='word_1_226' title='bbox 1607 1657 1705 1683; x_wconf 62' lang='lat' dir='ltr'><em>nar-e</em></span> 
     </span>
    </p>
   </div>
   <div class='ocr_carea' id='block_1_3' title="bbox 252 1698 1713 2806">
    <p class='ocr_par' dir='ltr' id='par_1_3' title="bbox 252 1698 1713 2806">
     <span class='ocr_line' id='line_1_29' title="bbox 253 1698 1700 1754; baseline 0.003 -19"><span class='ocrx_word' id='word_1_227' title='bbox 253 1704 318 1736; x_wconf 87' lang='lat' dir='ltr'><em>rat</em></span> <span class='ocrx_word' id='word_1_228' title='bbox 347 1698 551 1738; x_wconf 86' lang='lat' dir='ltr'><em>Abulfeda</em></span> <span class='ocrx_word' id='word_1_229' title='bbox 583 1699 658 1738; x_wconf 91' lang='lat' dir='ltr'><em>sub</em></span> <span class='ocrx_word' id='word_1_230' title='bbox 690 1701 860 1754; x_wconf 88' lang='lat' dir='ltr'><em>imperio</em></span> <span class='ocrx_word' id='word_1_231' title='bbox 904 1701 1047 1740; x_wconf 83' lang='lat' dir='ltr'><em>Omarl</em></span> <span class='ocrx_word' id='word_1_232' title='bbox 1084 1701 1136 1740; x_wconf 86' lang='lat' dir='ltr'><em>ad</em></span> <span class='ocrx_word' id='word_1_233' title='bbox 1157 1701 1237 1742; x_wconf 87' lang='lat' dir='ltr'><em>An.</em></span> <span class='ocrx_word' id='word_1_234' title='bbox 1269 1701 1334 1742; x_wconf 86' lang='lat'><em>18.</em></span> <span class='ocrx_word' id='word_1_235' title='bbox 1370 1714 1442 1740; x_wconf 87' lang='lat' dir='ltr'><em>seu</em></span> <span class='ocrx_word' id='word_1_236' title='bbox 1477 1699 1576 1738; x_wconf 87' lang='lat' dir='ltr'><em>Chr.</em></span> <span class='ocrx_word' id='word_1_237' title='bbox 1605 1699 1700 1752; x_wconf 75' lang='lat'><em>639.</em></span> 
     </span>
     <span class='ocr_line' id='line_1_30' title="bbox 252 1775 1703 1855; baseline 0.002 -35"><span class='ocrx_word' id='word_1_238' title='bbox 252 1775 376 1836; x_wconf 42' lang='lat' dir='ltr'><em>&amp;ms</em></span> <span class='ocrx_word' id='word_1_239' title='bbox 420 1797 544 1847; x_wconf 44' lang='grc' dir='ltr'><em>ξφ,</em></span> <span class='ocrx_word' id='word_1_240' title='bbox 590 1778 711 1838; x_wconf 42' lang='lat' dir='ltr'><em>&amp;ms</em></span> <span class='ocrx_word' id='word_1_241' title='bbox 774 1796 870 1840; x_wconf 63' lang='grc' dir='ltr'><em>ω,</em></span> <span class='ocrx_word' id='word_1_242' title='bbox 917 1800 1001 1844; x_wconf 43' lang='lat'><em>52</em></span> <span class='ocrx_word' id='word_1_243' title='bbox 1059 1785 1205 1855; x_wconf 57' lang='lat' dir='ltr'><em>&lt;ze-5&gt;</em></span> <span class='ocrx_word' id='word_1_244' title='bbox 1249 1777 1415 1826; x_wconf 44' lang='grc' dir='ltr'><em>,βω</em></span> <span class='ocrx_word' id='word_1_245' title='bbox 1446 1776 1588 1822; x_wconf 51' lang='lat' dir='ltr'><em>..s-zat</em></span> <span class='ocrx_word' id='word_1_246' title='bbox 1623 1777 1703 1836; x_wconf 72' lang='grc' dir='ltr'><em>ω,</em></span> 
     </span>
     <span class='ocr_line' id='line_1_31' title="bbox 256 1940 1711 2011; baseline -0.001 -11"><span class='ocrx_word' id='word_1_247' title='bbox 256 1940 402 2000; x_wconf 55' lang='grc' dir='ltr'><em>ω”Ῑ-μὲῐ</em></span> <span class='ocrx_word' id='word_1_248' title='bbox 468 1942 589 2000; x_wconf 44' lang='lat' dir='ltr'><em>ollandi-2</em></span> <span class='ocrx_word' id='word_1_249' title='bbox 644 1956 932 2011; x_wconf 58' lang='lat' dir='ltr'><em>OQ</em></span> <span class='ocrx_word' id='word_1_250' title='bbox 985 1944 1109 2004; x_wconf 58' lang='lat' dir='ltr'><em>ommi</em></span> <span class='ocrx_word' id='word_1_251' title='bbox 1167 1942 1279 2000; x_wconf 48' lang='lat' dir='ltr'><em>&amp;3ss</em></span> <span class='ocrx_word' id='word_1_252' title='bbox 1337 1942 1454 2011; x_wconf 48' lang='grc' dir='ltr'><em>«Τίν’,</em></span> <span class='ocrx_word' id='word_1_253' title='bbox 1518 1940 1711 1999; x_wconf 44' lang='lat' dir='ltr'><em>W*</em></span> 
     </span>
     <span class='ocr_line' id='line_1_32' title="bbox 263 2027 1706 2085; baseline 0 -18"><span class='ocrx_word' id='word_1_254' title='bbox 263 2027 444 2081; x_wconf 85' lang='lat' dir='ltr'><em>Urgente</em></span> <span class='ocrx_word' id='word_1_255' title='bbox 481 2032 701 2081; x_wconf 83' lang='lat' dir='ltr'><em>siccitate,</em></span> <span class='ocrx_word' id='word_1_256' title='bbox 743 2031 1040 2085; x_wconf 83' lang='lat' dir='ltr'><em>egrediebatur</em></span> <span class='ocrx_word' id='word_1_257' title='bbox 1074 2031 1210 2070; x_wconf 88' lang='lat' dir='ltr'><em>Omar</em></span> <span class='ocrx_word' id='word_1_258' title='bbox 1239 2029 1301 2085; x_wconf 84' lang='lat' dir='ltr'><em>[ex</em></span> <span class='ocrx_word' id='word_1_259' title='bbox 1337 2029 1375 2069; x_wconf 83' lang='lat' dir='ltr'><em>al</em></span> <span class='ocrx_word' id='word_1_260' title='bbox 1402 2027 1583 2082; x_wconf 86' lang='lat' dir='ltr'><em>Madina]</em></span> <span class='ocrx_word' id='word_1_261' title='bbox 1611 2041 1706 2068; x_wconf 83' lang='lat' dir='ltr'><em>cum</em></span> 
     </span>
     <span class='ocr_line' id='line_1_33' title="bbox 257 2083 1702 2144; baseline -0.002 -20"><span class='ocrx_word' id='word_1_262' title='bbox 257 2083 315 2121; x_wconf 85' lang='lat' dir='ltr'><em>Al</em></span> <span class='ocrx_word' id='word_1_263' title='bbox 351 2085 524 2126; x_wconf 88' lang='lat' dir='ltr'><em>Abbaso</em></span> <span class='ocrx_word' id='word_1_264' title='bbox 571 2089 616 2127; x_wconf 90' lang='lat' dir='ltr'><em>in</em></span> <span class='ocrx_word' id='word_1_265' title='bbox 661 2102 883 2144; x_wconf 81' lang='lat' dir='ltr'><em>campum,</em></span> <span class='ocrx_word' id='word_1_266' title='bbox 922 2100 1160 2140; x_wconf 82' lang='lat' dir='ltr'><em>magnaque</em></span> <span class='ocrx_word' id='word_1_267' title='bbox 1201 2094 1354 2125; x_wconf 86' lang='lat' dir='ltr'><em>coacta</em></span> <span class='ocrx_word' id='word_1_268' title='bbox 1381 2084 1702 2139; x_wconf 86' lang='lat' dir='ltr'><em>procedentium</em></span> 
     </span>
     <span class='ocr_line' id='line_1_34' title="bbox 259 2139 1706 2197; baseline -0.001 -20"><span class='ocrx_word' id='word_1_269' title='bbox 259 2140 388 2179; x_wconf 87' lang='lat' dir='ltr'><em>turba</em></span> <span class='ocrx_word' id='word_1_270' title='bbox 421 2144 602 2197; x_wconf 73' lang='lat' dir='ltr'><em>supplex</em></span> <span class='ocrx_word' id='word_1_271' title='bbox 651 2145 943 2185; x_wconf 87' lang='lat' dir='ltr'><em>obtestabatur</em></span> <span class='ocrx_word' id='word_1_272' title='bbox 977 2143 1138 2189; x_wconf 85' lang='lat' dir='ltr'><em>Deum,</em></span> <span class='ocrx_word' id='word_1_273' title='bbox 1172 2141 1304 2187; x_wconf 83' lang='lat' dir='ltr'><em>velit,</em></span> <span class='ocrx_word' id='word_1_274' title='bbox 1347 2139 1501 2179; x_wconf 77' lang='lat' dir='ltr'><em>habita</em></span> <span class='ocrx_word' id='word_1_275' title='bbox 1536 2139 1706 2178; x_wconf 87' lang='lat' dir='ltr'><em>ratione</em></span> 
     </span>
     <span class='ocr_line' id='line_1_35' title="bbox 259 2194 1702 2251; baseline 0 -19"><span class='ocrx_word' id='word_1_276' title='bbox 259 2196 502 2236; x_wconf 82' lang='lat' dir='ltr'><em>meritorum</em></span> <span class='ocrx_word' id='word_1_277' title='bbox 527 2208 567 2237; x_wconf 87' lang='lat' dir='ltr'><em>et</em></span> <span class='ocrx_word' id='word_1_278' title='bbox 586 2201 894 2240; x_wconf 82' lang='lat' dir='ltr'><em>sanctimoniae</em></span> <span class='ocrx_word' id='word_1_279' title='bbox 923 2199 1044 2237; x_wconf 82' lang='lat' dir='ltr'><em>huius</em></span> <span class='ocrx_word' id='word_1_280' title='bbox 1071 2196 1160 2236; x_wconf 82' lang='lat' dir='ltr'><em>viri</em></span> <span class='ocrx_word' id='word_1_281' title='bbox 1197 2196 1367 2251; x_wconf 86' lang='lat' dir='ltr'><em>[Abbasi</em></span> <span class='ocrx_word' id='word_1_282' title='bbox 1395 2194 1524 2249; x_wconf 87' lang='lat' dir='ltr'><em>puta],</em></span> <span class='ocrx_word' id='word_1_283' title='bbox 1555 2194 1702 2245; x_wconf 78' lang='lat' dir='ltr'><em>largos</em></span> 
     </span>
     <span class='ocr_line' id='line_1_36' title="bbox 260 2250 1706 2306; baseline 0 -19"><span class='ocrx_word' id='word_1_284' title='bbox 260 2250 415 2289; x_wconf 84' lang='lat' dir='ltr'><em>imbres</em></span> <span class='ocrx_word' id='word_1_285' title='bbox 453 2252 674 2306; x_wconf 79' lang='lat' dir='ltr'><em>effundere</em></span> <span class='ocrx_word' id='word_1_286' title='bbox 692 2272 705 2294; x_wconf 90' lang='lat'><em>.·</em></span> <span class='ocrx_word' id='word_1_287' title='bbox 757 2263 799 2294; x_wconf 85' lang='lat' dir='ltr'><em>et</em></span> <span class='ocrx_word' id='word_1_288' title='bbox 829 2267 932 2294; x_wconf 89' lang='lat' dir='ltr'><em>sane</em></span> <span class='ocrx_word' id='word_1_289' title='bbox 963 2260 1128 2292; x_wconf 84' lang='lat' dir='ltr'><em>tantum</em></span> <span class='ocrx_word' id='word_1_290' title='bbox 1160 2253 1386 2291; x_wconf 80' lang='lat' dir='ltr'><em>valuerunt</em></span> <span class='ocrx_word' id='word_1_291' title='bbox 1433 2251 1544 2290; x_wconf 86' lang='lat' dir='ltr'><em>istae</em></span> <span class='ocrx_word' id='word_1_292' title='bbox 1603 2261 1706 2303; x_wconf 85' lang='lat' dir='ltr'><em>pre-</em></span> 
     </span>
     <span class='ocr_line' id='line_1_37' title="bbox 262 2304 1707 2364; baseline -0.007 -12"><span class='ocrx_word' id='word_1_293' title='bbox 262 2317 351 2351; x_wconf 68' lang='lat' dir='ltr'><em>ces,</em></span> <span class='ocrx_word' id='word_1_294' title='bbox 398 2316 443 2346; x_wconf 83' lang='lat' dir='ltr'><em>ut</em></span> <span class='ocrx_word' id='word_1_295' title='bbox 482 2318 712 2364; x_wconf 81' lang='lat' dir='ltr'><em>antequam</em></span> <span class='ocrx_word' id='word_1_296' title='bbox 747 2312 791 2350; x_wconf 84' lang='lat' dir='ltr'><em>in</em></span> <span class='ocrx_word' id='word_1_297' title='bbox 828 2310 971 2349; x_wconf 82' lang='lat' dir='ltr'><em>urbem</em></span> <span class='ocrx_word' id='word_1_298' title='bbox 1012 2307 1196 2347; x_wconf 86' lang='lat' dir='ltr'><em>reditum</em></span> <span class='ocrx_word' id='word_1_299' title='bbox 1232 2314 1366 2353; x_wconf 88' lang='lat' dir='ltr'><em>esset,</em></span> <span class='ocrx_word' id='word_1_300' title='bbox 1410 2304 1591 2359; x_wconf 72' lang='lat' dir='ltr'><em>conferti</em></span> <span class='ocrx_word' id='word_1_301' title='bbox 1624 2317 1707 2342; x_wconf 88' lang='lat' dir='ltr'><em>nu-</em></span> 
     </span>
     <span class='ocr_line' id='line_1_38' title="bbox 264 2358 1712 2418; baseline 0 -21"><span class='ocrx_word' id='word_1_302' title='bbox 264 2358 376 2398; x_wconf 88' lang='lat' dir='ltr'><em>bium</em></span> <span class='ocrx_word' id='word_1_303' title='bbox 407 2376 573 2417; x_wconf 81' lang='lat' dir='ltr'><em>seseque</em></span> <span class='ocrx_word' id='word_1_304' title='bbox 599 2365 814 2406; x_wconf 78' lang='lat' dir='ltr'><em>trudentes</em></span> <span class='ocrx_word' id='word_1_305' title='bbox 833 2364 948 2418; x_wconf 84' lang='lat' dir='ltr'><em>globi</em></span> <span class='ocrx_word' id='word_1_306' title='bbox 969 2363 1139 2402; x_wconf 79' lang='lat' dir='ltr'><em>divitem</em></span> <span class='ocrx_word' id='word_1_307' title='bbox 1173 2377 1195 2401; x_wconf 88' lang='lat' dir='ltr'><em>e</em></span> <span class='ocrx_word' id='word_1_308' title='bbox 1221 2376 1294 2402; x_wconf 88' lang='lat' dir='ltr'><em>suo</em></span> <span class='ocrx_word' id='word_1_309' title='bbox 1316 2362 1409 2401; x_wconf 81' lang='lat' dir='ltr'><em>sinu</em></span> <span class='ocrx_word' id='word_1_310' title='bbox 1420 2361 1609 2416; x_wconf 82' lang='lat' dir='ltr'><em>pluviam</em></span> <span class='ocrx_word' id='word_1_311' title='bbox 1632 2370 1712 2397; x_wconf 78' lang='lat' dir='ltr'><em>ex-</em></span> 
     </span>
     <span class='ocr_line' id='line_1_39' title="bbox 263 2412 1707 2472; baseline -0.001 -20"><span class='ocrx_word' id='word_1_312' title='bbox 263 2422 462 2456; x_wconf 83' lang='lat' dir='ltr'><em>cuterent.</em></span> <span class='ocrx_word' id='word_1_313' title='bbox 519 2418 609 2472; x_wconf 79' lang='lat' dir='ltr'><em>Quo</em></span> <span class='ocrx_word' id='word_1_314' title='bbox 636 2421 843 2461; x_wconf 85' lang='lat' dir='ltr'><em>miraculo</em></span> <span class='ocrx_word' id='word_1_315' title='bbox 882 2428 1049 2460; x_wconf 87' lang='lat' dir='ltr'><em>tantam</em></span> <span class='ocrx_word' id='word_1_316' title='bbox 1097 2419 1394 2458; x_wconf 84' lang='lat' dir='ltr'><em>auctoritatem</em></span> <span class='ocrx_word' id='word_1_317' title='bbox 1430 2429 1461 2456; x_wconf 88' lang='lat' dir='ltr'><em>a</em></span> <span class='ocrx_word' id='word_1_318' title='bbox 1490 2412 1610 2470; x_wconf 86' lang='lat' dir='ltr'><em>plebe</em></span> <span class='ocrx_word' id='word_1_319' title='bbox 1644 2425 1707 2451; x_wconf 90' lang='lat' dir='ltr'><em>re-</em></span> 
     </span>
     <span class='ocr_line' id='line_1_40' title="bbox 265 2467 1708 2531; baseline -0.001 -25"><span class='ocrx_word' id='word_1_320' title='bbox 265 2473 572 2526; x_wconf 55' lang='lat' dir='ltr'><em>verendamque</em></span> <span class='ocrx_word' id='word_1_321' title='bbox 604 2475 785 2531; x_wconf 86' lang='lat' dir='ltr'><em>adeptus</em></span> <span class='ocrx_word' id='word_1_322' title='bbox 802 2475 895 2529; x_wconf 85' lang='lat' dir='ltr'><em>fuit</em></span> <span class='ocrx_word' id='word_1_323' title='bbox 933 2475 1078 2515; x_wconf 88' lang='lat' dir='ltr'><em>Abbas</em></span> <span class='ocrx_word' id='word_1_324' title='bbox 1091 2502 1108 2520; x_wconf 87' lang='lat'><em>,</em></span> <span class='ocrx_word' id='word_1_325' title='bbox 1149 2481 1194 2511; x_wconf 88' lang='lat' dir='ltr'><em>ut</em></span> <span class='ocrx_word' id='word_1_326' title='bbox 1215 2471 1424 2527; x_wconf 85' lang='lat' dir='ltr'><em>fimbrias</em></span> <span class='ocrx_word' id='word_1_327' title='bbox 1450 2469 1581 2525; x_wconf 86' lang='lat' dir='ltr'><em>pallii</em></span> <span class='ocrx_word' id='word_1_328' title='bbox 1619 2467 1708 2506; x_wconf 85' lang='lat' dir='ltr'><em>eius</em></span> 
     </span>
     <span class='ocr_line' id='line_1_41' title="bbox 264 2523 1711 2580; baseline -0.002 -17"><span class='ocrx_word' id='word_1_329' title='bbox 264 2527 571 2566; x_wconf 82' lang='lat' dir='ltr'><em>venerabunda</em></span> <span class='ocrx_word' id='word_1_330' title='bbox 601 2545 729 2570; x_wconf 89' lang='lat' dir='ltr'><em>manu</em></span> <span class='ocrx_word' id='word_1_331' title='bbox 762 2538 1074 2572; x_wconf 85' lang='lat' dir='ltr'><em>contrectarent</em></span> <span class='ocrx_word' id='word_1_332' title='bbox 1099 2558 1111 2579; x_wconf 89' lang='lat'>‚</span> <span class='ocrx_word' id='word_1_333' title='bbox 1157 2528 1338 2580; x_wconf 87' lang='lat' dir='ltr'><em>indeque</em></span> <span class='ocrx_word' id='word_1_334' title='bbox 1381 2525 1534 2565; x_wconf 83' lang='lat' dir='ltr'><em>avulsa</em></span> <span class='ocrx_word' id='word_1_335' title='bbox 1581 2523 1711 2575; x_wconf 87' lang='lat' dir='ltr'><em>quasi</em></span> 
     </span>
     <span class='ocr_line' id='line_1_42' title="bbox 265 2576 1707 2639; baseline -0.005 -13"><span class='ocrx_word' id='word_1_336' title='bbox 265 2583 574 2621; x_wconf 72' lang='lat' dir='ltr'><em>Sancll&#39;moniae</em></span> <span class='ocrx_word' id='word_1_337' title='bbox 619 2586 907 2626; x_wconf 84' lang='lat' dir='ltr'><em>benedictione</em></span> <span class='ocrx_word' id='word_1_338' title='bbox 928 2584 1099 2639; x_wconf 85' lang='lat' dir='ltr'><em>frontes</em></span> <span class='ocrx_word' id='word_1_339' title='bbox 1134 2583 1216 2622; x_wconf 88' lang='lat' dir='ltr'><em>sibi</em></span> <span class='ocrx_word' id='word_1_340' title='bbox 1243 2581 1543 2634; x_wconf 79' lang='lat' dir='ltr'><em>per-fricarent.</em></span> <span class='ocrx_word' id='word_1_341' title='bbox 1601 2576 1707 2630; x_wconf 84' lang='lat' dir='ltr'><em>*[De</em></span> 
     </span>
     <span class='ocr_line' id='line_1_43' title="bbox 266 2632 1709 2694; baseline -0.001 -22"><span class='ocrx_word' id='word_1_342' title='bbox 266 2640 519 2686; x_wconf 86' lang='lat' dir='ltr'><em>processione</em></span> <span class='ocrx_word' id='word_1_343' title='bbox 553 2641 716 2693; x_wconf 86' lang='lat' dir='ltr'><em>antiqua</em></span> <span class='ocrx_word' id='word_1_344' title='bbox 745 2640 1054 2694; x_wconf 83' lang='lat' dir='ltr'><em>Rothomagensi</em></span> <span class='ocrx_word' id='word_1_345' title='bbox 1082 2639 1136 2677; x_wconf 91' lang='lat' dir='ltr'><em>ob</em></span> <span class='ocrx_word' id='word_1_346' title='bbox 1164 2637 1316 2676; x_wconf 81' lang='lat' dir='ltr'><em>fructus</em></span> <span class='ocrx_word' id='word_1_347' title='bbox 1347 2644 1479 2675; x_wconf 88' lang='lat' dir='ltr'><em>terrae</em></span> <span class='ocrx_word' id='word_1_348' title='bbox 1510 2632 1594 2674; x_wconf 84' lang='lat' dir='ltr'><em>vid.</em></span> <span class='ocrx_word' id='word_1_349' title='bbox 1624 2633 1709 2671; x_wconf 89' lang='lat' dir='ltr'><em>Mo-</em></span> 
     </span>
     <span class='ocr_line' id='line_1_44' title="bbox 268 2686 1709 2750; baseline -0.015 -3"><span class='ocrx_word' id='word_1_350' title='bbox 268 2688 357 2728; x_wconf 68' lang='lat' dir='ltr'><em>leon</em></span> <span class='ocrx_word' id='word_1_351' title='bbox 389 2691 562 2744; x_wconf 69' lang='lat' dir='ltr'><em>Voyage</em></span> <span class='ocrx_word' id='word_1_352' title='bbox 591 2710 629 2747; x_wconf 73' lang='lat' dir='ltr'><em>p-</em></span> <span class='ocrx_word' id='word_1_353' title='bbox 673 2695 766 2750; x_wconf 76' lang='lat'><em>507.</em></span> <span class='ocrx_word' id='word_1_354' title='bbox 833 2696 1041 2736; x_wconf 86' lang='lat' dir='ltr'><em>Processio</em></span> <span class='ocrx_word' id='word_1_355' title='bbox 1071 2708 1163 2733; x_wconf 90' lang='lat' dir='ltr'><em>cum</em></span> <span class='ocrx_word' id='word_1_356' title='bbox 1197 2691 1406 2745; x_wconf 80' lang='lat' dir='ltr'><em>psallentio</em></span> <span class='ocrx_word' id='word_1_357' title='bbox 1441 2704 1510 2730; x_wconf 86' lang='lat' dir='ltr'><em>seu</em></span> <span class='ocrx_word' id='word_1_358' title='bbox 1542 2686 1709 2741; x_wconf 83' lang='lat' dir='ltr'><em>psalmis</em></span> 
     </span>
     <span class='ocr_line' id='line_1_45' title="bbox 268 2742 1713 2806; baseline 0.01 -23"><span class='ocrx_word' id='word_1_359' title='bbox 268 2746 375 2798; x_wconf 84' lang='lat' dir='ltr'><em>apud</em></span> <span class='ocrx_word' id='word_1_360' title='bbox 408 2747 592 2791; x_wconf 82' lang='lat' dir='ltr'><em>Anastas.</em></span> <span class='ocrx_word' id='word_1_361' title='bbox 612 2752 694 2790; x_wconf 79' lang='lat' dir='ltr'><em>vit.</em></span> <span class='ocrx_word' id='word_1_362' title='bbox 724 2752 871 2793; x_wconf 69' lang='lat' dir='ltr'><em>Pontis.</em></span> <span class='ocrx_word' id='word_1_363' title='bbox 904 2768 942 2806; x_wconf 88' lang='lat' dir='ltr'><em>p.</em></span> <span class='ocrx_word' id='word_1_364' title='bbox 970 2765 1058 2790; x_wconf 87' lang='lat'><em>120.</em></span> <span class='ocrx_word' id='word_1_365' title='bbox 1076 2780 1087 2802; x_wconf 90' lang='lat'><em>,</em></span> <span class='ocrx_word' id='word_1_366' title='bbox 1117 2756 1158 2788; x_wconf 87' lang='lat' dir='ltr'><em>et</em></span> <span class='ocrx_word' id='word_1_367' title='bbox 1189 2747 1282 2788; x_wconf 90' lang='lat' dir='ltr'><em>ibid.</em></span> <span class='ocrx_word' id='word_1_368' title='bbox 1303 2761 1341 2800; x_wconf 88' lang='lat' dir='ltr'><em>p.</em></span> <span class='ocrx_word' id='word_1_369' title='bbox 1367 2760 1453 2786; x_wconf 83' lang='lat'>120.</span> <span class='ocrx_word' id='word_1_370' title='bbox 1488 2742 1575 2784; x_wconf 67' lang='lat'><strong>10⁰³</strong></span> <span class='ocrx_word' id='word_1_371' title='bbox 1596 2755 1713 2796; x_wconf 64' lang='lat' dir='ltr'><strong>egre·</strong></span> 
     </span>
    </p>
   </div>
  </div>
 </body>
</html>
