1884 3132
174 168 249 212 An
288 169 585 213 consa-mr.
625 169 822 212 PORPH.
860 169 933 210 DE
967 167 1151 210 cmm.
1191 167 1292 208 Lm.
1332 169 1367 208 1.
1416 147 1531 215 343

208 271 255 310 C.
276 273 314 315 3.
333 271 449 327 [559,
473 270 557 326 20.]
573 264 710 322 ὥσπερ
739 266 784 309 τὸ
811 264 993 309 ἱππικὸν.
1047 268 1108 308 Ex
1138 267 1224 307 aliis
1243 281 1402 322 quoque
1417 268 1530 320 locis,

98 326 142 366 in
170 327 314 379 quibus
339 323 384 366 τὸ
410 323 549 378 βωτὸν
576 321 850 377 πεζοὸρόμιον
868 330 1125 371 memoratur,
1158 330 1203 362 ut
1223 337 1268 362 ex
1287 324 1362 363 hoc
1376 332 1530 376 nostro,

99 380 300 435 colligitur
338 383 380 420 in
422 388 516 421 voto
553 394 622 420 seu
669 381 772 419 votis
822 378 927 419 ludis
976 392 1095 417 cursu
1124 379 1295 434 pedestri
1322 386 1479 419 tantum
1507 395 1532 421 a

98 436 329 475 cursoribus
357 437 476 476 fuisse
503 442 710 475 certatum.

209 491 256 530 C.
276 505 314 545 9.
335 489 450 545 [360‚
469 490 534 544 6.]
564 490 748 541 λέγοντες
777 484 985 528 σκωπτικά
1013 483 1114 539 πρὸς
1151 484 1369 539 ἀλλήλους.
1425 491 1532 530 Con-

101 544 217 585 viciis
242 553 284 585 et
310 548 515 586 sarcasmis
542 545 682 584 obvios
710 542 923 596 impetendi
963 541 1123 581 licentia
1162 544 1205 581 in
1243 543 1319 584 hoc
1346 553 1532 586 votorum

100 599 196 639 ludo
217 599 400 640 trahebat
436 601 630 653 originem
669 613 693 638 a
730 605 886 637 vetusta
924 595 1107 636 libertate
1147 598 1335 650 circensi,
1373 600 1427 652 de.
1454 616 1534 655 qua

99 654 186 694 vid.
219 654 386 694 Salmas.
426 655 475 694 ad
516 654 604 694 Scr.
638 653 691 692 H.
726 653 779 692 A.
803 667 842 706 p.
861 650 955 703 848.
1016 653 1105 691 Mos
1142 651 1210 692 ille
1248 663 1462 695 scommata
1486 659 1527 696 in

101 723 301 764 quemque
330 709 502 749 iactandi
527 710 687 762 impune
714 715 753 747 et
779 721 934 746 summa
958 721 1051 745 cum
1074 707 1261 759 licentia,
1296 712 1475 750 manavit
1506 727 1529 751 a

98 766 264 818 satyris,
303 763 409 804 ludis
432 765 703 813 Graecorum,
730 762 836 802 unde
868 769 1023 816 satyrae
1048 776 1207 816 quoque
1242 778 1313 803 seu
1353 769 1530 806 carmina
1544 778 1607 812 Ed,
1636 778 1674 812 L,
1704 779 1765 817 103

99 819 384 860 contumeliosa
403 834 549 859 nomen
579 818 833 867 habuerunt3
861 817 956 856 item
983 831 1007 856 a
1037 817 1142 856 notis
1170 817 1247 857 illis
1275 819 1532 861 Atheniensi-

100 886 172 912 um
189 877 503 928 γεφυριασμοῖς.
562 875 711 913 Romae
740 863 901 926 quoque
925 873 969 911 in
995 874 1310 925 processionibus
1343 874 1532 917 ludorum

98 930 345 978 votivorum,
375 930 470 968 item
496 927 823 982 triumphalibus,
851 941 925 966 nec
960 941 1042 966 non
1080 929 1392 981 exsequialibus,
1422 939 1530 986 saty-

99 984 286 1023 mistarum
313 983 479 1033 choros,
508 979 613 1034 μετὰ
630 983 703 1035 τῆς
730 977 930 1035 κερτόμου
965 980 1040 1020 καί
1066 983 1330 1034 τωθαστικῆς
1358 986 1531 1033 παιδιᾶς

98 1037 282 1090 adfuisse,
312 1039 427 1078 docet
445 1039 661 1093 Dionysius
683 1037 947 1080 Halicarnass.
962 1036 1062 1076 Ant.
1085 1036 1202 1081 Rom.
1223 1039 1374 1079 L.V11.
1390 1040 1531 1095 p.477.

99 1093 204 1132 circa
223 1093 268 1144 f.‚
291 1094 433 1147 insigni
451 1093 555 1146 loco,
584 1107 703 1147 quem
722 1092 938 1132 lectoribus
956 1093 1207 1132 commendo.
1243 1093 1353 1133 Idem
1383 1096 1532 1136 factum

99 1149 156 1187 ait
192 1148 445 1188 Herodianus
486 1149 519 1187 Ι.
567 1163 626 1188 10.
669 1148 710 1186 in
747 1146 1050 1187 matronalibus.
1104 1148 1184 1186 Dio
1219 1148 1531 1202 Chrysostomus

100 1203 279 1242 oratione
292 1233 303 1251 ,
333 1203 600 1243 Alexandrina
618 1203 723 1241 dicta
742 1203 793 1241 de
812 1204 874 1250 iis,
905 1202 955 1241 ad
976 1216 1076 1255 quos
1102 1216 1191 1242 eam
1212 1203 1325 1255 dixit,
1355 1206 1535 1258 ipsorum

100 1257 381 1297 scurrilitatem
413 1266 452 1298 et
487 1257 746 1312 petulantiam
778 1260 952 1311 graviter
988 1259 1184 1310 increpat,
1234 1273 1315 1311 qua
1356 1274 1532 1301 summos

102 1326 285 1365 quosque
309 1315 416 1353 viros
442 1321 480 1352 et
506 1315 735 1352 innocentes
760 1312 917 1365 probris
960 1313 1120 1365 ingestis
1148 1312 1365 1353 foedabant
1396 1323 1436 1354 et
1463 1331 1534 1355 ve-

101 1367 263 1406 xabant.
319 1368 573 1421 Lampridius
611 1369 654 1406 in
681 1369 764 1406 vita
792 1367 1007 1406 Alexandri
1039 1367 1175 1406 Severi
1217 1382 1308 1422 pag.
1342 1383 1433 1423 909.
1457 1370 1531 1414 ult.

105 1420 149 1459 in
190 1420 450 1462 Antiochenis
493 1430 533 1461 et
572 1422 780 1475 Aegyptiis
807 1436 876 1460 seu
903 1421 1182 1461 Alexandrinis
1211 1430 1258 1461 ut
1285 1438 1370 1462 rem
1394 1432 1532 1464 notam

100 1482 216 1514 notat
250 1478 427 1529 ipsorum
463 1491 616 1516 morem
644 1486 811 1530 tempore
833 1477 968 1528 sesto,
1013 1483 1082 1514 aut
1101 1505 1113 1526 ,
1153 1484 1200 1516 ut
1227 1477 1442 1518 Salmasius
1476 1481 1533 1519 ait

102 1531 145 1569 in
172 1531 413 1571 membranis
441 1532 634 1570 Palatinis
660 1532 852 1583 reperisse
868 1560 880 1580 ‚
915 1539 1112 1585 temporae
1126 1533 1309 1583 famae,
1341 1534 1534 1574 conviciis

102 1584 167 1624 vel
200 1587 304 1638 ipsos
331 1585 597 1639 Imperatores
617 1615 630 1636 ,
670 1585 822 1623 nedum
855 1584 980 1635 alios,
1021 1585 1251 1625 lacessendi.
1306 1588 1437 1627 Locus
1467 1589 1533 1629 hic

103 1646 186 1680 est:
239 1641 407 1680 Volebat
435 1642 567 1680 videri
600 1641 790 1692 orlginem
821 1640 870 1678 de
903 1640 1169 1678 Romanorum
1205 1650 1315 1693 gente
1350 1644 1500 1681 trahere
1520 1674 1534 1695 ,

101 1697 196 1750 qus‘a
220 1710 305 1735 eum
326 1696 500 1750 pudebat
523 1696 667 1747 Syrum
692 1695 775 1733 dici
788 1723 800 1743 ,
827 1696 1006 1732 maxime
1028 1695 1135 1748 qaod
1155 1696 1325 1751 quodam
1361 1706 1534 1751 tempore

86 1750 226 1803 fisco,
248 1759 290 1790 ut
308 1750 709 1790 solentAntioclaenses
730 1757 768 1787 ec
785 1748 975 1802 Aegyptii
994 1764 1059 1787 seu
1069 1749 1352 1801 Alexandrini,
1377 1753 1533 1791 lacessi-

103 1813 246 1844 verant
278 1820 366 1844 eum
392 1806 641 1854 εοηυίεἱοῖίε,
683 1804 828 1855 Syrum
867 1805 1219 1857 archisynagogum
1257 1814 1296 1844 et
1334 1808 1534 1847 arclzierea

105 1869 300 1899 vocantes.
357 1860 519 1912 Ephesii
556 1861 695 1899 eadem
722 1858 881 1897 licentia
909 1859 951 1896 in
979 1873 1139 1897 omnem
1166 1859 1348 1901 ordinem
1375 1876 1535 1901 sexum-

104 1927 183 1966 que
211 1914 492 1967 grassabantur
522 1916 563 1953 in
591 1915 689 1954 festo
716 1913 892 1966 quodam
919 1909 1151 1965 καταγώγια
1191 1915 1330 1967 dicto;
1363 1923 1410 1954 ut
1439 1931 1535 1956 con-

104 1975 183 2008 stat
209 1982 232 2007 e
259 1969 327 2007 Du
355 1970 487 2023 Gange
515 1969 642 2009 Gloss.
664 1969 736 2007 Gr.
754 1983 795 2020 p.
818 1967 909 2022 607.
966 1967 1270 2020 Heliogabalus,
1296 1977 1396 2009 teste
1412 1972 1535 2010 Lam-

104 2022 236 2076 pridio
263 2023 312 2062 T.
335 2024 391 2062 11.
414 2025 501 2063 Ser.
523 2025 577 2063 H.
599 2023 705 2077 Aug.
725 2037 764 2075 p.
787 2022 881 2073 817.
905 2053 916 2073 ,
946 2024 1181 2071 institzoebat,
1208 2033 1250 2062 ut
1263 2026 1304 2063 in
1315 2026 1426 2076 fisto
1442 2028 1534 2065 vin-

105 2078 329 2116 demiarum
352 2080 474 2117 multa
494 2081 535 2117 in
556 2079 735 2118 dominos
761 2078 970 2125 iocularia,
1000 2079 1093 2131 ipsis
1128 2079 1393 2129 audientium,
1428 2081 1535 2120 dice-

105 2141 250 2173 rentur.
302 2132 363 2170 Ex
392 2133 588 2172 Athenaei
624 2148 664 2185 p.
703 2132 793 2171 182.
823 2131 876 2170 A.
905 2131 944 2174 6.
978 2139 1017 2171 et
1056 2133 1145 2187 187.
1190 2132 1244 2172 A.
1276 2148 1318 2188 9.
1343 2134 1532 2188 aliisque,

106 2189 176 2239 qui
205 2188 390 2226 convivia
416 2195 572 2226 vetusta
600 2193 815 2226 narrarunt
832 2216 846 2237 ,
886 2194 1039 2226 constat
1057 2217 1069 2237 ,
1115 2194 1268 2227 veteres
1306 2189 1410 2228 inter
1435 2205 1534 2243 epu-

106 2241 165 2281 las
192 2242 385 2280 studuisse
415 2249 576 2280 mutuae
602 2243 858 2281 dicteriorum
903 2242 1137 2291 iactationi,
1181 2249 1221 2281 et
1258 2242 1378 2282 fixisse
1414 2259 1535 2297 penes

106 2310 174 2336 eos
200 2304 353 2335 certum
382 2297 584 2349 quoddam
610 2297 819 2335 hominum
845 2310 993 2349 genus,
1038 2295 1136 2342 τούς
1166 2295 1444 2349 μυκτηριστὰς
1471 2299 1533 2337 di-

106 2357 215 2399 ctos,
245 2352 423 2390 diversos
450 2365 474 2390 a
500 2352 681 2403 parasitis
696 2381 708 2401 ,
752 2365 924 2404 quorum
952 2357 1053 2389 esset
1089 2353 1278 2390 convivas
1315 2352 1534 2392 subsanna-

108 2419 153 2445 re
179 2413 220 2445 et
259 2407 341 2447 acri
377 2405 457 2444 sale
495 2405 701 2444 defricare.
758 2405 910 2444 Eadem
953 2404 1112 2444 licentia
1139 2405 1343 2447 obtinebat
1369 2406 1535 2446 inludo

109 2459 281 2500 Gothico
305 2468 344 2499 et
371 2461 470 2499 festo
502 2459 714 2498 stultorum
730 2490 740 2507 ‚
772 2460 822 2499 de
849 2460 992 2512 quibus
1021 2462 1167 2512 partim
1183 2474 1255 2498 nos
1282 2460 1456 2500 dicemus
1481 2463 1533 2501 ad

109 2528 153 2566 p.
171 2529 291 2566 222.,
319 2517 464 2568 partim
491 2515 588 2553 dixit
607 2516 674 2552 Du
695 2515 825 2567 Cange
851 2528 890 2556 v.
908 2515 1064 2552 Festum
1080 2543 1091 2562 ,
1115 2521 1154 2552 et
1182 2517 1410 2567 nuperrime
1436 2517 1532 2556 Gal-

111 2567 173 2607 lus
208 2570 367 2622 quidam
384 2600 396 2620 ‚
445 2570 556 2608 cuius
601 2582 746 2608 nomen
793 2582 872 2606 non
909 2569 1102 2608 succurrit
1119 2597 1130 2616 ,
1172 2569 1360 2620 peculiari
1411 2571 1530 2611 libro.

112 2621 259 2662 Adhuc
292 2623 410 2663 hodie
438 2625 643 2663 rusticanis
667 2631 706 2662 et
734 2623 1024 2675 oppidanorum
1058 2623 1223 2662 mdibus
1255 2624 1464 2665 oblectatio
1493 2635 1533 2665 et

112 2677 183 2714 otii
205 2677 350 2718 abusus
374 2686 454 2729 est,
479 2681 522 2718 in
547 2679 732 2719 iaciendis
753 2678 921 2718 invicem
944 2678 1223 2718 scommatibus
1243 2679 1445 2733 ingenium
1466 2695 1531 2721 ex·
1650 2699 1656 2718 ι
1675 2695 1678 2699 ·

113 2732 231 2785 periri
259 2740 297 2772 et
324 2741 534 2775 ostentare.
