1884 3132
138 151 213 195 AD
251 148 548 195 consum.
582 149 780 193 Pomm.
808 151 880 191 DE
905 149 1087 193 cmm.
1112 152 1210 193 Lm.
1247 154 1301 193 11.
1389 133 1501 190 823

65 257 257 308 rebatur,
285 263 326 297 et
355 269 543 310 expensas
570 256 613 295 in
640 269 842 295 annonam
877 254 1051 295 militum
1090 256 1269 310 pariter3
1308 270 1350 296 v.
1385 269 1504 310 supra

65 313 172 352 dicta
198 313 251 351 ad
277 326 319 365 p.
355 311 444 364 ¹4⁰·
475 313 524 351 C.

174 368 224 407 C.
254 380 295 420 7.
325 365 439 421 [7⁰¹²
457 365 522 420 8.]
551 361 805 417 τετραγόνιν.
846 364 943 403 Fuit
968 379 1094 418 quum
1119 373 1313 418 putarem,
1334 366 1410 405 hoc
1430 380 1504 405 vo-

63 420 209 461 cabulo
235 421 514 474 apocombium
540 433 610 458 seu
640 419 843 458 sacculum
869 421 1040 458 sericum
1061 421 1256 473 designari
1273 423 1313 460 in
1335 421 1503 460 formam

64 475 427 529 quadrangularem
450 479 663 516 consutum
694 482 734 514 et
764 475 1076 523 conformatum,
1106 477 1171 514 cui
1193 477 1346 514 iusutae
1376 483 1503 514 oesent

63 531 201 573 decem
229 531 317 569 auri
345 530 470 572 litrae.
526 531 679 569 Verum
707 529 738 567 si
767 531 808 568 in
840 529 1146 568 numismatibus
1166 545 1236 569 seu
1256 529 1390 569 solidis
1405 544 1502 569 con-

63 586 250 625 stiterunt
275 584 367 624 illae
395 586 532 624 decem
560 585 701 630 litu-ae,
732 583 854 623 nimis
883 585 1043 637 grandis
1071 586 1194 623 evasit
1214 585 1280 624 illa
1310 585 1501 636 bursula,

17 658 22 662 ·
63 647 111 679 ut
139 655 243 694 quae
269 640 399 679 decies
427 641 495 695 74.
523 640 763 678 numismata
792 654 861 678 seu
879 638 972 693 740.
1000 641 1239 678 numismata
1267 641 1501 678 contineret.

63 695 195 734 Litras
221 696 264 734 in
293 696 455 749 integris
482 697 570 733 auri
598 694 736 732 massis
764 708 879 733 cusas
899 694 1030 739 fuisse,
1062 694 1386 748 quandoquidem
1403 694 1503 733 mihi

64 763 146 788 non
174 756 329 789 constat
345 779 357 798 ‚
387 764 569 803 quamvis
600 748 818 787 admodum
846 749 1054 801 probabile
1081 750 1131 787 sit
1153 778 1165 799 ‚
1215 752 1259 788 in
1286 749 1409 788 dubio
1435 763 1504 787 re-

65 803 262 858 linquam.
318 804 463 843 Putem
492 806 615 858 igitur
643 804 792 856 potius,
822 811 1091 856 tetragonium
1121 803 1197 842 hoc
1234 804 1359 843 fuisse
1397 818 1503 842 mas-

66 873 152 898 sam
179 873 341 899 auream
376 861 418 898 in
447 866 628 898 monetae
655 859 826 897 formam
854 873 990 897 cusam
1018 859 1154 897 decem
1187 858 1297 898 lilras
1324 859 1502 912 penden-

65 920 162 953 tem.
220 914 299 953 Sed
326 922 371 953 ut
396 929 536 954 verum
563 914 690 952 fatear
709 943 721 964 ‚
762 927 842 951 non
874 913 1004 951 habeo
1032 913 1257 966 exemplum
1286 909 1438 952 massae
1461 915 1504 952 in

66 982 277 1011 nummum
304 982 420 1010 cusae
447 970 575 1010 forma
601 968 797 1022 quadrata
823 969 930 1022 apud
958 969 1131 1008 Graecos
1157 976 1227 1009 aut
1254 970 1471 1008 Romanos.
