1884 3132
110 128 115 134 ’
162 134 261 214 4ΑἸ)
301 167 599 213 οοΝετΛΝΤ.
636 166 832 211 Pomm.
869 168 942 210 DE
969 166 1149 209 cmm.
1198 166 1296 207 Lm.
1335 167 1390 206 n.
1429 145 1542 203 863

109 269 315 312 ecclesiam
340 272 577 335 pertinuisse
602 277 772 311 constat.
808 325 819 334 ·
835 268 918 309 Ubi
945 276 1078 308 autem
1110 274 1205 308 sunt
1239 268 1448 320 monachi,
1485 268 1544 309 ibi

107 325 660 435 q⁰⁰q¹ifissffisslt⁸fsssffl¹35
714 325 978 432 ffiffi?
1006 324 1303 418 *isssse‘ssssiffimr
1340 379 1543 419 menium

109 435 495 488 voxfhedemtomm
511 465 522 482 ‚
552 434 622 474 sed
650 435 796 474 rectius
815 429 1090 486 φοιδεράτων.
1148 433 1257 473 Male
1275 435 1380 473 enim
1400 435 1545 473 distin-

109 492 196 544 guit
234 489 308 529 hos
346 489 399 529 ab
433 489 511 528 illis
539 490 662 528 Goar.
696 488 747 527 ad
779 487 947 530 Cedren.
974 503 1017 541 p.
1045 487 1140 543 487.
1179 489 1234 527 A.
1300 490 1385 528 Non
1413 489 1546 529 haheo

108 557 213 598 quaa
251 544 303 584 de
328 543 540 584 foederatis
575 550 665 598 post
704 543 772 583 Du
811 542 1008 596 Gangium
1047 545 1090 582 in
1118 542 1296 583 Glossar.
1326 546 1399 583 Gr.
1432 544 1474 589 h.
1502 560 1545 586 ν.

29 614 33 618 ·
107 599 270 639 addam.

191 653 287 705 426.
328 653 375 693 Β.
406 653 445 696 5.
475 652 588 708 [735,
611 652 695 704 16.]
727 649 933 702 θεμάτων.
1002 651 1111 692 Puto
1150 655 1295 692 rectius
1331 652 1539 705 θέματος,

110 715 151 748 et
177 709 233 748 sic
270 709 388 748 verti.
444 709 549 747 Nam
592 707 643 747 de
682 707 858 747 themate
895 707 1198 747 Anatolicorum
1238 722 1307 748 seu
1337 709 1541 761 Natoliae‚

108 777 191 804 non
218 762 270 803 de
300 762 543 803 thematibus
564 762 822 802 orientalibus
847 775 1072 802 sermonem
1091 762 1156 802 hic
1179 777 1287 813 esse,
1318 773 1544 806 monstrant

208 820 328 858 entia.

108 830 266 912 seun.
298 874 336 915 5.
362 870 474 927 [736,
493 869 556 926 2.]
576 870 659 911 τῶν
671 870 898 922 βασιλικῶν
922 866 1056 911 οἴκων.
1090 871 1192 911 Tam
1210 874 1252 912 in
1272 873 1390 925 urbe,
1418 889 1542 930 quam

108 924 151 965 in
177 926 378 967 suburbiis
410 934 451 966 et
476 929 518 966 in
556 941 626 966 ora
642 926 763 966 Asiae
799 927 998 965 maritima
1028 934 1142 966 erant
1166 928 1541 983 ablmperatoribus

107 985 326 1022 successive
365 981 524 1020 condita
559 981 704 1035 palatia
731 987 770 1019 et
794 981 981 1034 praedia,
1023 982 1064 1020 in
1096 996 1200 1034 quae
1229 991 1299 1022 aut
1329 981 1403 1036 ipsi
1431 1000 1543 1026 sece-

109 1035 259 1076 debant
271 1038 518 1083 rusticatum,
549 1043 618 1075 aut
644 1049 747 1089 quae
765 1034 866 1074 bene
894 1035 1044 1075 meritis
1073 1037 1124 1075 ad
1149 1036 1233 1075 dies
1249 1040 1356 1077 vitae
1373 1037 1543 1079 fruenda

107 1091 258 1131 utenda
289 1090 587 1146 permittebant,
618 1097 664 1130 ut
690 1104 713 1130 e
738 1090 883 1145 Script.
908 1097 996 1145 post
1023 1089 1263 1144 Theophan.
1290 1107 1334 1147 p.
1353 1091 1396 1132 6.
1426 1094 1477 1134 C.
1495 1095 1539 1135 6.

109 1152 278 1240 ωυεωθῗ.
297 1214 391 1255 pen.
429 1198 547 1254 [736‚
567 1197 626 1254 7.]
664 1196 896 1246 οἷκιστικὸς.
955 1199 1016 1239 Ita
1051 1196 1167 1239 claris
1195 1199 1337 1241 litteris
1362 1201 1429 1242 hic
1462 1203 1540 1243 loci

107 1255 301 1308 scriptum
327 1254 514 1294 exhibent
540 1253 826 1303 membranae;
853 1268 893 1295 v.
918 1254 1025 1293 dicta
1050 1254 1101 1293 ad
1129 1270 1170 1308 p.
1202 1256 1299 1305 4ι6.
1317 1257 1368 1297 A.
1390 1271 1432 1311 9.
1467 1258 1543 1298 Ol·-

108 1305 291 1356 κιστικὸς
315 1317 376 1350 oet
406 1323 480 1362 pro
507 1306 696 1361 οἰκιστής.
751 1309 816 1347 Sic
844 1308 1109 1363 loquebantur
1134 1310 1266 1349 medio
1294 1325 1406 1358 aevo,
1437 1327 1541 1352 ναυ-

106 1358 219 1411 τικὸς
245 1363 310 1403 vel
337 1359 581 1411 πλευστικὸς
608 1376 683 1417 pro
707 1372 826 1402 nauta
840 1392 854 1415 ,
879 1359 1172 1416 στρατιωτικὸς
1197 1379 1272 1418 pro
1297 1367 1419 1406 milite
1435 1396 1448 1419 ,
1479 1366 1541 1407 οἰ·-

109 1414 288 1465 κιστικὸς
313 1432 386 1471 pro
407 1419 628 1457 architecto.

217 1472 265 1513 C.
294 1473 371 1512 ult.
397 1472 514 1528 [736‚
530 1471 590 1526 8.]
619 1466 788 1511 πόλεων.
842 1471 940 1524 Leg.
971 1466 1148 1520 πόλεως,
1178 1480 1225 1513 ut
1252 1474 1294 1513 in
1323 1476 1541 1529 superiori-

107 1522 186 1566 bus
218 1527 440 1581 aliquoties.
504 1527 609 1567 Nam
635 1527 850 1580 opponitur
876 1526 974 1566 urbs
1000 1528 1108 1580 regia
1138 1532 1224 1575 τοῖς
1250 1525 1354 1580 ἔξω,
1392 1531 1538 1570 subur-

106 1579 211 1631 biis,
240 1583 464 1636 municipiis
482 1611 494 1631 ,
531 1582 760 1635 provinciis.
912 1636 914 1638 v

189 1634 241 1686 42
274 1664 286 1676 .
313 1637 367 1676 A.
398 1651 435 1677 2.
464 1636 581 1691 [756‚
602 1635 687 1690 πα]
716 1630 974 1688 στρὰτωρὲς,
1002 1635 1239 1689 σκρίβωνες.
1294 1638 1418 1679 Forte
1444 1639 1534 1680 iun-

106 1691 226 1743 gendi
245 1651 292 1730 bi
327 1699 420 1732 sunt
451 1706 521 1745 per
547 1694 799 1731 intersertum
824 1689 908 1737 καί,
937 1697 983 1729 ut
1006 1692 1050 1730 in
1077 1693 1227 1731 Latinis
1254 1693 1342 1734 seci.

215 1755 261 1798 B.
277 1756 319 1807 4.
349 1756 465 1812 [737,
488 1757 568 1812 10.]
589 1753 753 1807 ὁμοίως.
791 1755 856 1794 Sic
871 1756 1097 1796 reddiderat
1112 1759 1381 1812 apographum
1400 1760 1536 1801 Drau-

104 1809 271 1850 dianum
297 1826 372 1865 pro
407 1811 505 1866 sigla
521 1841 533 1860 ‚
577 1826 679 1866 quae
707 1812 747 1850 in
777 1811 1016 1850 membranis
1043 1819 1129 1851 erat
1155 1814 1208 1852 ad
1233 1814 1337 1854 hanc
1364 1815 1534 1858 sormam

149 1885 223 1959 ς
245 1910 258 1933 ,
285 1893 415 1936 neque
439 1881 597 1934 dubito,
622 1881 725 1921 hanc
751 1881 889 1935 siglam
916 1880 957 1920 id
984 1883 1225 1937 significare,
1266 1885 1374 1940 quod
1399 1887 1451 1926 ad
1483 1887 1534 1927 il-

103 1993 182 2034 lius
203 1994 422 2049 apographi
449 1995 693 2051 exemplum,
721 2009 813 2047 seu,
841 1997 949 2052 quod
975 1997 1080 2038 idem
1106 2007 1181 2052 est,
1211 2000 1263 2041 ad
1290 2002 1325 2043 1.
1348 2003 1403 2043 H.
1433 2005 1532 2046 Maii

104 2050 302 2089 monitum
329 2052 513 2104 expressi.

213 2105 261 2143 C.
300 2119 359 2143 10.
390 2105 504 2160 [738,
529 2104 586 2159 3.]
618 2101 655 2144 οἱ
683 2099 954 2157 ἀξιωματικοί
978 2107 1060 2147 τῶν
1077 2109 1253 2160 σχολῶν.
1309 2111 1410 2152 Sunt
1429 2114 1533 2155 forte

102 2170 312 2198 assessores
339 2159 380 2198 iu
409 2161 563 2199 iudiciis
579 2160 816 2200 militaribus
833 2163 1117 2203 criminalibus.
1171 2165 1294 2207 Forte
1310 2167 1407 2208 tales
1426 2184 1530 2224 quo-

101 2223 180 2265 que
208 2220 320 2252 erant
348 2229 467 2267 penes
494 2215 721 2263 hiemans,
751 2216 956 2256 Setuztores
983 2218 1094 2258 dicti.

182 2265 278 2318 428.
308 2267 361 2306 A.
384 2269 427 2308 8.
456 2267 567 2323 [758,
588 2268 669 2323 22.]
708 2270 791 2310 τῶν
822 2272 975 2324 χορῶν.
1039 2273 1131 2313 Non
1159 2271 1314 2324 dubito,
1345 2279 1528 2320 vitiosam

101 2319 206 2360 hanc
234 2336 373 2361 vocem
412 2337 510 2362 esse.
567 2325 703 2375 Quum
742 2332 871 2364 tamen
906 2325 984 2367 alia
1010 2327 1153 2368 melior
1179 2343 1262 2370 nou
1292 2342 1497 2374 succurrat
1513 2364 1528 2387 ,

101 2373 223 2414 debui
249 2390 337 2416 eam
365 2377 405 2415 in
435 2379 586 2418 Latinis
611 2392 690 2432 quo
720 2392 770 2418 ue
796 2380 974 2421 reddere.

210 2430 258 2469 B.
282 2430 319 2482 4.
350 2428 463 2485 [739‚
487 2431 541 2485 5.]
571 2429 611 2471 οἱ
639 2431 720 2472 dno
745 2430 918 2487 Ῥώμης.
976 2436 1085 2476 Haec
1110 2444 1151 2477 et
1176 2441 1380 2492 sequentia
1414 2443 1528 2484 uncis

98 2495 124 2521 a
151 2496 216 2524 me
244 2484 395 2524 inclusa
424 2485 643 2526 efficiebant
669 2490 710 2527 in
737 2489 966 2529 membrana
991 2505 1117 2530 unum
1141 2507 1324 2545 versum,
1348 2503 1388 2535 et
1414 2506 1530 2538 eraut

99 2538 218 2589 paulo
246 2540 461 2579 maioribus
497 2542 659 2589 litteris,
704 2543 902 2596 (capitales
939 2553 1008 2584 aut
1043 2546 1255 2598 quadratas
1285 2551 1484 2604 appellant
1500 2554 1528 2603 ‚j

103 2594 246 2644 scripta
263 2624 275 2644 ‚
303 2602 491 2648 tanquam
518 2597 551 2635 si
576 2596 715 2636 titulus
747 2606 890 2637 essent.
946 2599 1026 2638 Sed
1042 2609 1134 2640 sunt
1147 2604 1277 2655 potius
1297 2613 1390 2645 nota
1418 2621 1526 2646 mar-

100 2645 254 2706 g{na1is.
321 2650 500 2689 Eandem
537 2650 589 2689 ob
626 2666 787 2690 causam
829 2652 948 2705 paulo
990 2669 1148 2709 quoque
1185 2666 1275 2710 post
1301 2659 1346 2700 C.
1373 2661 1413 2701 5.
1452 2659 1526 2702 καί

101 2709 140 2736 οι
166 2697 245 2739 ἀπὸ
269 2700 525 2756 Ἀντιοχείας
552 2712 627 2745 etc.
659 2706 874 2748 maioribus
904 2707 1045 2749 litteris
1072 2720 1227 2752 exarata
1253 2713 1421 2768 obsepsi-
