1884 3132
216 126 292 170 An
329 123 627 172 CONSTANT.
666 127 861 170 Pomm.
900 129 972 169 DE
1010 127 1191 171 clanim.
1228 131 1329 171 un.
1362 133 1396 171 1.
1450 112 1570 167 213'

152 263 156 266 .
230 228 280 269 Β.
366 228 479 285 [115‚
499 227 558 283 3.]
603 229 957 270 Ae'oempassimin
975 229 1053 269 hoc
1067 230 1203 271 codice
1218 237 1264 270 ut
1283 245 1323 284 p.
1345 230 1441 283 438.
1455 232 1501 271 Β.
1515 232 1557 271 5.

123 283 270 324 Leonis
308 243 459 338 Siiymni
487 283 764 332 celebrantur,
795 291 835 324 et
862 293 1090 324 recensetur
1126 287 1209 325 Leo
1245 287 1349 326 inter
1384 285 1560 326 celebres

123 337 330 378 Ecclesiae
378 353 542 393 graecae
583 339 906 393 hymnographos
925 368 938 390 ‚
987 341 1029 378 in
1081 341 1228 394 quibus
1265 355 1356 380 aere
1401 341 1560 381 caelatis

125 394 259 447 imago
290 394 377 433 eius
403 394 644 447 conspicitur
666 408 711 447 p.
742 395 832 432 XX.
849 394 1007 433 dissert.
1032 394 1189 435 Nicolai
1215 396 1363 450 Rayaei
1391 396 1441 435 ad
1477 410 1564 436 aco-

121 447 292 487 luthiam
323 447 440 488 officii
473 450 641 499 Graeci,
670 449 723 488 T.
758 450 811 487 11.
843 463 896 489 m.
924 449 1029 487 Iunii
1067 449 1161 489 Act.
1186 450 1229 488 S.
1250 451 1293 489 S.
1319 465 1365 490 ex
1391 451 1559 490 Triodio

121 503 303 543 Venetiis
327 517 483 546 excuso.
538 503 724 555 Elogium
756 503 822 542 hic
864 504 1011 542 Leonis
1032 506 1184 544 nomini
1209 505 1390 544 additum
1405 534 1417 556 ,
1452 502 1474 545 ὅ
1495 518 1559 546 σο-

121 553 313 610 φώτατος
336 554 410 597 καί
426 553 588 610 α’γαθός
605 553 805 608 βασιλεύς
833 565 1029 597 monstrat
1043 588 1055 609 ,
1084 573 1173 598 mea
1204 560 1367 612 quidem
1398 568 1558 599 senten-

122 613 196 663 tia,
227 613 369 666 capitis
387 612 507 651 huius
536 619 739 652 auctorem
762 613 838 652 sub
861 614 996 653 Leone
1026 621 1218 668 regnante
1236 615 1378 655 vixisse
1402 622 1443 654 et
1458 615 1557 655 haec

117 665 244 706 literis
271 667 533 720 consignasse.

228 721 278 761 C.
307 721 350 760 3.
380 720 420 776 [ι
436 721 498 769 ι5,
513 719 569 775 9.]
598 721 866 774 λειτουργιάν.
895 721 988 762 Non
1010 724 1117 763 enim
1132 724 1311 777 quotidie
1333 724 1555 764 celebraba-

119 782 188 815 tur
216 783 398 815 sanctum
433 775 627 828 officium,
658 776 726 815 sed
757 783 915 816 tantum
944 778 1085 818 diebus
1120 779 1229 819 festis
1270 780 1553 834 insignioribus

119 837 160 870 et
189 830 330 870 diebus
359 831 583 870 dominicis.
639 831 812 885 Ideoque
842 831 1014 872 debebat
1037 834 1201 887 singulis
1234 835 1388 874 vicibus
1421 835 1555 875 Patri-

118 885 264 925 archae
286 885 452 925 indicari
465 915 476 935 ,
505 893 545 926 et
566 888 776 940 imperari,
804 894 850 926 ut
876 886 1052 927 officium
1085 889 1229 928 faceret
1244 919 1256 941 ,
1285 891 1318 928 si
1341 898 1450 929 extra
1487 904 1555 930 or-

117 939 252 979 dinem
295 939 555 994 flagitaretur.
630 942 916 982 Constantinus
954 943 1245 984 Monomachus
1279 945 1555 997 quotidianam

116 994 278 1034 tandem
300 997 464 1035 Missam
486 996 669 1035 instituit.
724 996 895 1036 Cedren.
926 1011 969 1050 p.
999 1011 1094 1065 290.
1127 999 1229 1038 fine:
1259 999 1306 1038 τὸ
1337 995 1554 1050 γενόμενον

115 1045 237 1102 ἔργον
267 1048 327 1098 εἷς
345 1050 421 1103 τὴν
430 1047 611 1103 μεγάλην
640 1051 718 1090 τοῦ
730 1050 834 1090 θεοῦ
844 1050 1062 1104 ἐκκλησιαν
1080 1051 1294 1105 ἐγκωμίων
1307 1051 1383 1092 οὔκ
1394 1051 1555 1094 ἀπολεί-

117 1117 251 1143 πεται.
268 1103 347 1151 ἓως
357 1103 515 1144 ἐκείνου
534 1104 645 1160 [ante
658 1105 793 1146 Const.
803 1106 1005 1160 Monom]
1019 1105 1100 1159 γὰρ
1112 1107 1157 1147 ἐν
1173 1105 1323 1159 μόναις
1346 1111 1437 1155 ταῖς
1462 1107 1553 1148 ἐπι-

115 1153 264 1211 σὴμοις
291 1154 455 1212 ἑορταῖς
474 1159 517 1199 ἐν
536 1158 663 1214 ταύτῃ
686 1160 813 1228 [apud
826 1158 1186 1230 S.Sophiam],‡'n
1207 1161 1254 1202 δὲ
1265 1162 1433 1210 καίτοῖς
1458 1160 1555 1215 σάβ-

115 1213 219 1264 βασι
254 1212 329 1252 καί
357 1218 449 1260 ταῖς
478 1220 696 1267 κυριακαῖς
723 1214 896 1268 ημέραις
919 1233 945 1270 η
973 1215 1227 1267 α’ναίμακτος
1255 1216 1312 1271 τῷ
1340 1217 1425 1272 θεῷ
1459 1216 1556 1256 ἐπε-

116 1268 271 1307 τελεῖτο
289 1263 518 1321 ἱερουργία.
536 1267 581 1307 ἐν
611 1268 658 1308 δὲ
694 1274 786 1316 ταῖς
815 1271 978 1318 λοιπαῖς
998 1269 1196 1322 οὐδαμῶς
1227 1268 1405 1324 ἧμέραις
1428 1271 1552 1312 τοῦτο

117 1320 271 1372 &aaa
306 1321 376 1363 διὰ
402 1319 613 1376 προσόδου
635 1320 811 1375 ἔνδειαν,
821 1321 872 1377 ἢν
894 1318 1015 1372 οὗτος
1041 1324 1232 1376 δαψιλῶς
1257 1324 1466 1379 ἀφορίσας
1482 1323 1557 1366 καί

116 1372 396 1428 α’ποχροόντως
416 1406 429 1426 ,
469 1378 562 1416 καθ’
589 1373 764 1431 ἑκάστην
792 1380 1002 1420 τελεῖσθαι
1029 1377 1104 1433 τήν
1124 1376 1244 1432 ἱερὰν
1262 1376 1553 1434 παρεσκεύασε

116 1430 386 1481 λειτουργίαν.
409 1427 430 1470 ὃ
454 1431 527 1470 καί
554 1436 703 1483 κρατεῖ
712 1428 924 1483 γινόμενον
936 1434 1089 1485 μέχρις
1108 1432 1238 1486 ἡμῶν.

222 1485 276 1522 D.
309 1497 346 1524 2.
376 1484 591 1539 [115‚20.]
601 1484 885 1538 γηροκόμητες.
912 1489 960 1527 In
981 1488 1116 1527 codice
1129 1495 1189 1527 est
1204 1499 1413 1541 γηροκοκο.
1441 1487 1551 1526 Solet

116 1538 279 1592 quidem
314 1541 593 1593 compendium
628 1553 722 1578 κοκο
760 1541 857 1580 alias
893 1539 1070 1595 κόμητες
1107 1549 1248 1581 notare
1263 1557 1276 1581 ε
1314 1541 1382 1580 hic
1414 1549 1550 1582 tamen

119 1594 315 1647 significat
353 1589 590 1646 γηροκόμοι.
646 1595 795 1634 Natum
820 1595 898 1635 hoc
919 1597 1199 1650 compendium
1214 1611 1260 1635 ex
1295 1610 1407 1635 more
1435 1595 1551 1636 libra-

117 1649 196 1699 rii,
222 1649 521 1688 terminationes
550 1649 767 1702 pluralium
800 1652 950 1691 iteratis
982 1651 1107 1691 literis
1150 1649 1441 1705 singularibus,
1479 1659 1550 1691 aut

114 1705 236 1742 etiam
276 1703 438 1757 syllabis
478 1718 501 1743 a
531 1703 790 1757 singularium
818 1707 1164 1745 terminationibus
1191 1705 1437 1758 'compendio
1481 1720 1548 1745 ex-

115 1759 237 1810 aratis
263 1758 544 1813 distinguendi.
602 1761 664 1798 De
695 1763 1010 1813 gorontocomis,
1042 1761 1337 1814 ptochocomis,
1363 1759 1428 1798 vel
1463 1767 1548 1814 pto-

115 1812 347 1866 chotrophis
361 1843 373 1863 ‚
398 1813 651 1867 xenotrophis
668 1843 679 1864 ,
709 1817 935 1855 oeconomis
973 1816 1190 1855 disserendi
1218 1814 1330 1854 locus
1358 1813 1425 1853 hic
1464 1829 1547 1854 non

116 1874 191 1907 eet.
256 1868 487 1908 Pertinebat
517 1883 562 1908 ea
590 1883 686 1908 cura
709 1870 806 1910 olim
828 1871 879 1909 ad
903 1871 1106 1910 diaconos.
1164 1871 1420 1923 Quapropter
1450 1870 1549 1909 tales

114 1922 249 1972 aedes,
278 1924 322 1961 in
357 1924 503 1976 quibus
538 1923 710 1976 debiles,
739 1925 863 1964 vetuli
878 1955 888 1972 ,
918 1940 1113 1979 pauperes
1128 1955 1140 1975 ,
1169 1925 1320 1964 exsules
1347 1924 1547 1976 refugium

115 1984 156 2016 et
189 1977 376 2017 alimenta
406 1978 661 2018 inveniebant
675 2008 686 2029 ,
715 1979 919 2020 diaconiae
947 1981 1261 2034 appellabantur.
1306 1977 1548 2018 Consulendi

115 2031 166 2070 de
201 2031 264 2070 his
295 2034 574 2085 antiquitatum
612 2033 964 2074 ecclesiasticarum
1001 2037 1244 2088 Scriptores,
1274 2040 1314 2072 et
1349 2033 1549 2073 Habertus

113 2085 261 2125 Pontif.
299 2088 440 2126 Graec.
469 2102 509 2141 p.
529 2102 622 2127 200.
644 2090 712 2128 Du
757 2090 890 2144 Gange
917 2103 961 2129 v.
988 2090 1216 2139 Diacom'a,
1261 2089 1548 2141 Crontoclziwn,

113 2141 406 2180 Xenodochium
424 2171 437 2193 ,
465 2144 666 2182 Ftochium
694 2153 771 2184 etc.
1539 2145 1543 2147 “

222 2196 277 2234 D.
306 2197 348 2247 4.
382 2195 1036 2251 [115,21.]χρυσοστοιβα’στους.
1066 2197 1179 2238 Auro
1199 2198 1474 2246 clausas‚cuu·o
1491 2199 1547 2238 in-

113 2259 320 2300 cncstatas,
363 2253 583 2290 obauraeas.
626 2251 871 2304 Στοιβάζειν
910 2254 1027 2293 novis
1055 2253 1216 2293 Graecis
1261 2259 1320 2292 est
1363 2266 1550 2306 massam,

115 2304 303 2344 laminam
318 2333 331 2356 ,
360 2305 523 2358 planum
550 2321 676 2346 unum
718 2322 835 2361 super
884 2307 1055 2347 alterum
1099 2315 1266 2347 struere.
1324 2307 1384 2346 Ita
1418 2315 1477 2347 est
1499 2323 1569 2362 p.>

119 2359 291 2413 196.1D.
319 2359 395 2399 ult.
416 2356 623 2411 στοιβᾰζει
645 2358 809 2410 ἵππους,
846 2377 929 2402 com
958 2364 1056 2411 onie,
1087 2363 1314 2418 compingit,
1348 2363 1545 2414 coryem‘t,

114 2414 252 2453 demat
270 2429 413 2469 equos5
441 2430 484 2468 p.
507 2417 676 2465 200.,B.
711 2416 754 2455 8.
782 2414 1008 2467 οτοιβά,ειν
1037 2417 1082 2456 ἐν
1103 2417 1161 2471 τῷ
1181 2415 1355 2472 καμπτῷ
1382 2414 1547 2469 λάχανα

113 2465 188 2506 καί
216 2467 320 2521 ὑπὲρ
356 2467 495 2509 αῧτῶν
538 2471 811 2522 πλακοῦντας,
839 2473 1027 2527 spissam,
1056 2480 1161 2510 arcte
1201 2473 1374 2524 cor—ilem
1394 2481 1550 2527 ponunt

112 2523 245 2572 olera,
283 2532 508 2573 exsti-tamn
535 2538 575 2577 p.
590 2539 685 2564 201.
705 2525 758 2563 A.
795 2539 857 2564 12.
879 2524 1046 2575 στοιβαί
1068 2522 1279 2577 λαχάνων,
1309 2535 1433 2570 strues
1461 2528 1547 2566 ole-

115 2587 218 2617 rum.
276 2577 380 2617 Hinc
402 2578 581 2631 σταυροί
600 2580 989 2631 χρυσοοτοίβαστοι,
1018 2594 1169 2632 cruces,
1188 2582 1231 2620 in
1252 2581 1386 2636 quibus
1407 2583 1565 2621 autum·

115 2631 316 2684 spzksatwn
348 2633 455 2684 ficit,
474 2634 516 2671 in
548 2634 695 2687 quibus
714 2641 836 2673 strata
875 2634 1069 2689 quaedam
1093 2636 1180 2675 auri
1209 2643 1438 2691 exaggerata
1468 2636 1547 2676 sue-

113 2691 224 2725 nmt.
282 2686 375 2727 vid.
406 2687 458 2728 ad
482 2702 522 2742 p.
547 2701 641 2729 200.
659 2687 712 2728 A.
733 2687 775 2729 8.
