1884 3132
275 110 387 165 602
564 127 636 168 10.
677 126 783 168 IAG.
825 129 1019 168 musKu
1058 126 1447 170 comum-mml-

277 223 717 279 παραδυναστεύοντα,
747 228 816 266 illo
834 228 898 266 die
914 229 1135 282 plurimum
1153 228 1345 267 valentem
1370 228 1481 284 apud
1497 228 1713 280 dominum,

277 289 470 335 tanquam
505 284 536 321 si
559 283 745 322 dominus
782 282 926 322 soleret
963 284 1132 337 gratiam
1173 298 1284 323 suam
1327 297 1397 336 per
1425 283 1581 323 dierum
1610 285 1722 325 vices

278 339 419 390 partiri
444 345 483 377 et
506 338 546 376 in
576 338 715 377 orbem
739 353 856 392 agere
873 368 883 388 ‚
915 340 1031 377 certis
1049 338 1256 378 curriculis
1283 340 1645 393 circumscriptam,
1675 340 1720 379 id

279 394 430 432 mirum
459 399 532 432 est.
590 394 694 432 Nam
718 395 801 433 sive
825 395 894 432 uni
918 395 1128 447 praecipue
1151 394 1297 443 faveat,
1314 408 1468 447 semper
1491 409 1581 433 eum
1608 408 1719 433 ama·-

279 447 342 487 hit
379 456 418 487 et
440 462 559 501 penes
588 463 630 487 se
671 448 861 497 habebit⁷
903 452 986 488 sive
1027 449 1187 502 plures,
1213 449 1377 488 habebit
1404 463 1470 488 eos
1497 449 1615 488 simul
1644 450 1720 488 sibi

280 505 462 542 comites.
519 503 597 542 Sed
626 504 726 542 forte
758 505 879 544 dictio
912 500 1014 543 κατὰ
1043 500 1118 556 τήν
1145 502 1306 556 ἡμέραν
1342 518 1424 543 non
1455 504 1554 544 adeo
1586 506 1722 544 stricte

262 556 343 597 'est
371 559 585 607 sumenda,
616 559 797 612 nihilque
824 559 932 598 aliud
972 558 1078 598 valet
1105 574 1226 613 quam
1253 560 1418 598 vetustis
1446 560 1607 599 Graecis
1638 561 1723 598 usi·

281 620 412 653 tatum
442 614 542 653 illud
571 609 666 666 ἆεί,
695 613 767 654 τὸν
795 612 858 654 αἐὶ
888 610 1323 666 παραδυναστεύοντα,
1354 613 1495 665 illum,
1526 616 1595 667 qui
1623 629 1725 667 qua-

280 669 342 708 vis
372 671 412 708 in
427 670 623 723 dynastia,
655 671 762 724 apud
776 672 1066 723 Imperatorum
1092 684 1306 723 quemque,
1335 669 1436 709 alius
1455 670 1564 722 apud
1584 669 1725 718 alium,

283 723 504 777 plurimum
534 726 662 779 gratia
692 726 853 766 valebit.
910 726 1207 778 Interpretesin‘
1232 725 1307 764 hae
1334 739 1433 764 voce
1466 726 1609 764 Latine
1632 724 1725 763 red-

284 779 416 819 denda
444 780 640 820 fluctuant
659 810 670 830 ‚
714 789 753 820 et
800 781 874 834 ipsi
904 795 1062 834 quoque
1092 781 1233 819 Graeci
1262 779 1368 819 hunc
1396 782 1525 833 ipsum
1554 780 1729 833 parady-

283 843 519 875 nasteuonta
547 836 633 875 aliis
658 844 781 902 atque
808 836 894 876 aliis
922 836 1150 875 nominibus
1177 835 1399 888 appellant,
1435 835 1555 874 modo
1579 849 1727 885 μυστι-

286 887 376 940 κὸν,
407 891 527 930 modo
555 905 858 944 συμπρακτορα
888 890 960 930 καί
988 890 1110 944 φίλον
1137 893 1211 930 τοῦ
1237 889 1458 941 βασιλέως,
1489 897 1533 928 ut
1560 889 1729 928 Malalas

287 945 339 984 T.
373 946 425 984 II.
457 962 499 1000 p.
522 945 590 997 54.
622 962 659 986 c.
680 948 707 990 f.
765 948 888 986 Forte
916 959 1078 999 quoque
1103 945 1246 984 titulus
1285 944 1620 997 πατροβασιλέως
1648 944 1733 982 huc

286 1003 469 1053 pertinet.
527 1003 640 1053 Quos
668 1002 734 1041 alii
773 999 1057 1055 δορυφόρους,
1089 1015 1155 1039 eos
1185 1002 1353 1039 Ioannes
1380 999 1540 1039 Phocas,
1567 1002 1608 1037 in
1656 999 1732 1038 de-

288 1058 502 1110 scriptione
529 1064 660 1096 terrae
688 1064 847 1097 sanctae
885 1071 921 1095 c.
954 1070 1019 1098 22.
1066 1051 1513 1107 παραδυναστεύοντας
1540 1053 1731 1107 appellat,

288 1113 384 1164 quia
414 1125 555 1166 nempe
582 1113 725 1163 ambo,
753 1120 836 1152 tam
862 1118 1063 1165 protector
1090 1110 1153 1149 vel
1183 1111 1378 1164 scutiger,
1410 1124 1529 1175 quam
1557 1109 1737 1162 parady-

289 1174 512 1218 nasteuon,
562 1176 755 1221 perpetuo
797 1167 902 1206 circa
930 1167 1150 1219 principem
1192 1173 1309 1205 sunt:
1345 1178 1574 1216 προσεγγυς
1601 1163 1734 1203 ἐκεῖνο

287 1218 335 1260 τὸ
369 1222 503 1275 φρέαρ
531 1221 641 1272 ἐστὶ,
672 1223 714 1270 ἐξ
756 1215 806 1261 οὗ
849 1221 1062 1274 αἰσθηταῖς
1102 1219 1176 1260 καί
1201 1220 1354 1273 νοητῶς
1380 1216 1402 1258 ὅ
1433 1215 1655 1271 προπάτωρ
1687 1214 1738 1270 ἧι

288 1276 381 1327 μῶν
408 1281 518 1317 πιεῖν
543 1274 836 1329 ἐπεθύμησεν,
881 1275 929 1315 οὑ
961 1271 1117 1322 ὕδατος
1148 1271 1185 1313 οἱ
1227 1269 1665 1326 παραδυναστεύοντες
1692 1273 1734 1312 ὲ-

290 1332 408 1386 κει’νῳ
427 1326 573 1384 ἄνδρες
601 1328 678 1373 d'v'o
695 1329 770 1378 τὰς
796 1331 877 1371 τῶν
893 1328 1139 1384 ἀλλοφύλων
1164 1324 1428 1380 διατεμόντες
1455 1325 1740 1380 παρεμβολὰς,

291 1385 365 1426 καί
391 1383 461 1426 διὰ
491 1388 567 1427 τοῦ·
597 1386 770 1426 καδδιόυ
808 1382 1081 1439 ἀρυσάμενοι.
1138 1385 1385 1439 Nicephorus
1415 1385 1611 1437 Gregoras
1642 1384 1740 1422 Mu-

291 1442 471 1482 zalonem
500 1442 747 1497 logothetam
793 1443 849 1481 sic
877 1440 1093 1482 describit:
1121 1434 1174 1492 ἦν
1203 1438 1223 1479 ὁ
1258 1435 1504 1488 Μουζαλαὶν
1531 1439 1591 1493 τῷ
1617 1439 1742 1489 βασι-

292 1500 362 1537 λεῖ
384 1496 768 1548 παραδυναστεύων
797 1491 915 1544 τότε,
947 1495 1021 1535 καί
1047 1499 1134 1542 τοῖς
1162 1496 1395 1546 βασιλικοῖς
1421 1491 1496 1533 καὶ
1525 1490 1740 1545 δημοσίοις

292 1551 521 1604 μεσιτεύων
548 1551 764 1606 πράγμασι
786 1581 798 1603 ,
828 1551 900 1591 καί
936 1547 1053 1603 παρὰ
1082 1550 1156 1590 τοῦ
1181 1548 1388 1602 βασιλέως
1414 1547 1612 1600 μεγίστην
1637 1562 1741 1600 καρ-

292 1603 494 1657 πούμενος
521 1606 596 1662 τήν
623 1607 746 1648 αἰδῶ,
807 1607 1014 1646 Habemus
1043 1605 1110 1644 hic
1138 1605 1568 1659 paradynasteuontem
1596 1610 1635 1642 et
1675 1602 1741 1642 lo.-

294 1663 514 1718 gothetam.
579 1663 710 1716 Apud„
733 1664 911 1702 Leonem
954 1662 1270 1701 Grammaticum
1298 1675 1341 1714 p.
1366 1661 1457 1700 502.
1477 1659 1525 1698 C.
1555 1672 1648 1711 pen.
1683 1664 1743 1721 est

294 1718 439 1771 aliquis
476 1716 833 1773 προβαλλόμενος,
881 1714 1258 1770 πρωτοβεστιάριος
1300 1712 1374 1754 καί
1398 1713 1739 1766 παραδυναστευα

296 1787 355 1813 ων
379 1803 390 1825 ,
429 1773 499 1813 ubi
541 1775 713 1814 vertitur
758 1774 918 1828 imperii
967 1772 1211 1811 administer.
1283 1771 1330 1810 In
1359 1767 1628 1823 Scriptoribus
1655 1771 1744 1820 post

294 1829 536 1882 Theophan.
577 1845 618 1883 p.
643 1828 736 1882 275.
760 1828 806 1866 C.
839 1836 898 1867 est
942 1827 1086 1880 aliquis
1114 1823 1480 1879 παρακοιμώμενος
1507 1823 1580 1863 καί
1606 1836 1744 1874 παρα-

296 1882 563 1924 ὃυναστεύων
601 1884 675 1937 τῆς
719 1880 973 1935 συγκλήτου,
1022 1882 1092 1921 ubi
1137 1881 1347 1921 Combefis.
1395 1879 1550 1918 reddit:
1590 1886 1748 1917 senatus-

291 1942 440 1995 primis
471 1941 522 1978 ab
556 1940 799 1994 Imperatore
825 1938 1002 1992 partibus
1023 1938 1264 1992 praesidem.
1322 1935 1444 1974 Unde
1471 1934 1554 1973 fere
1582 1931 1746 1972 conclu-

297 1994 383 2044 das,
412 1992 487 2034 τὸν
515 1992 937 2047 παραὸυναστεύοντα
968 2000 1006 2031 et
1054 1987 1127 2032 τὸν
1155 1986 1358 2043 πρόεδρον
1384 1989 1456 2042 τῆς
1484 1983 1713 2039 συγκλήτου
1731 2015 1745 2037 ,

293 2053 516 2107 principem
541 2050 719 2097 Senatus,
759 2048 931 2088 eundem
977 2047 1111 2086 fuisse.
1186 2048 1350 2098 Ergone
1378 2059 1458 2083 non
1487 2044 1560 2083 uni
1585 2041 1745 2081 cuidam

299 2107 483 2160 dignitati
528 2106 712 2160 alligatus
756 2111 842 2143 erat
885 2103 1053 2142 Senatus
1099 2102 1370 2155 principatus,
1410 2099 1479 2139 sed
1516 2099 1750 2151 quicunque

297 2165 426 2215 gratia
454 2162 648 2215 principis
678 2159 899 2214 plurimum
941 2157 1136 2206 valerent,
1165 2157 1237 2206 illi,
1272 2169 1513 2208 quacunque
1539 2153 1589 2190 de
1617 2157 1748 2190 caete-

300 2231 349 2257 ro
378 2217 570 2270 dignitate
598 2224 668 2255 aut
712 2214 842 2254 officio
873 2214 1157 2266 fungerentur,
1194 2218 1308 2250 erant
1335 2211 1503 2249 Senatus
1531 2207 1744 2260 principes-

304 2272 460 2311 Ibidem
490 2287 532 2326 p.
556 2272 652 2325 293.
681 2270 759 2308 fine
786 2269 1086 2322 coniunguntur
1125 2263 1163 2307 οῖ
1209 2261 1650 2318 παραδυναστεύοντες
1675 2258 1749 2298 καὶ

301 2326 462 2380 πρῶτοι
489 2325 563 2379 τῆς
589 2320 838 2377 συγκλήτου.
896 2325 1052 2362 Goarus
1079 2323 1131 2362 ad
1161 2321 1302 2361 Codin.
1336 2335 1378 2373 p.
1399 2318 1466 2370 24.
1498 2333 1537 2357 n.
1563 2329 1623 2354 12.
1667 2327 1745 2351 zm-

299 2384 410 2437 perii
445 2390 658 2421 consortem
701 2380 847 2420 reddit.
895 2379 960 2417 Cl.
991 2379 1168 2417 Ritterus
1204 2378 1245 2415 in
1275 2375 1431 2415 dissert.
1472 2373 1524 2411 de
1548 2367 1747 2435 praefecto

302 2438 505 2490 praetorio
543 2451 587 2489 p.
624 2435 687 2475 15.
735 2435 895 2474 eosdem
932 2441 1048 2486 putat
1094 2429 1194 2478 τούς
1237 2429 1680 2485 παραὸυναστευοντας
1706 2430 1746 2461 et

305 2495 450 2531 amicos
471 2492 664 2547 principis
706 2490 815 2543 apud
842 2490 1099 2543 Spartianum
1118 2517 1130 2539 ,
1170 2486 1312 2525 ducem
1351 2489 1506 2522 secutus
1536 2476 1746 2517 Valesnum

309 2547 361 2584 ad
390 2547 589 2588 Ammian.
616 2545 793 2584 Marcell.
842 2560 882 2598 p.
909 2543 997 2584 138.
1029 2544 1084 2582 A.
1141 2540 1263 2594 Apud
1303 2536 1586 2599 Theophanem
1614 2547 1656 2585 p.
1675 2531 1744 2582 84.

307 2601 361 2639 Α.
385 2615 425 2640 2.
458 2602 627 2641 vertitur
676 2595 698 2638 ὅ
727 2593 1112 2652 πάραὸυναστεύων
1150 2595 1193 2636 ἐν
1238 2597 1323 2640 τοῖς
1369 2590 1593 2640 βασιλειοις
1636 2601 1749 2651 gum:

312 2669 416 2693 mam
443 2658 484 2693 in
507 2657 664 2710 palacio
688 2665 914 2710 potestatem
939 2667 1139 2692 exercens.
1198 2649 1305 2687 Idem
1333 2644 1451 2698 paulo
1496 2649 1584 2695 post
1628 2654 1648 2678 ο
1672 2653 1745 2679 του

308 2721 351 2748 τε
382 2711 585 2751 παλατίου
614 2706 783 2750 καὶτοῦ
810 2707 1015 2761 βασιλέως
1043 2702 1206 2759 κραταῖν
1241 2699 1461 2755 appellatur
1508 2695 1663 2751 1)·402·
1694 2696 1751 2736 A*
