1826 3126
833 48 870 89 ο

279 147 316 212 4
580 162 655 203 10.
700 160 805 202 1Ac.
847 162 1044 202 REISKII
1085 160 1462 204 comfflN'rARn

281 264 475 303 suadebat
493 293 504 315 ‚
536 264 741 302 Christum
767 262 893 300 amari
925 276 948 300 a
974 263 1134 301 nemine
1151 277 1292 316 posse,
1323 266 1392 316 qui
1414 264 1565 318 lignun]
1587 268 1627 304 in
1648 281 1732 305 eru-

280 321 383 362 eitixi
415 319 629 371 imaginem
657 319 810 371 pictum
827 316 1057 357 dolatumve
1077 317 1215 357 divino
1245 318 1358 358 cultu
1378 334 1458 358 non
1478 335 1732 375 prosequere-

281 383 365 414 tur.
423 375 644 426 Postquam
678 380 812 411 autem
844 378 1037 425 regnante
1068 373 1242 411 foemina
1275 376 1574 427 superstitiosa,
1622 377 1730 415 clero

283 444 364 469 non
392 430 517 482 magis
548 442 672 478 sano,
703 442 826 480 quam
853 429 941 480 ipsa
969 435 1096 478 esset,
1139 428 1337 480 obnoxia,
1381 430 1544 469 vicisset
1572 431 1733 471 tandein

284 486 457 524 deterior
476 498 568 536 pars
583 514 593 533 ‚
624 483 862 536 conciliique
891 485 1094 521 sanctione
1112 483 1179 522 ille
1197 484 1384 537 deinceps
1403 499 1478 538 pro
1496 486 1734 525 exsecrando

284 548 322 579 et
341 539 533 592 piaculari
553 538 762 577 habendus
792 545 920 589 esset,
951 545 991 576 et
1020 540 1205 577 extremis
1233 538 1377 592 dignus
1406 540 1635 593 suppliciis,
1665 542 1734 594 qui

283 596 449 634 auderet
479 595 671 647 imagines
703 592 825 646 paulo
855 593 1037 646 frigidius
1066 607 1188 646 quam
1214 595 1381 633 numina
1411 597 1622 646 venerari,
1667 603 1737 635 aut

283 650 409 690 oculis
441 651 613 688 cariores
642 663 723 687 non
750 649 898 686 habere
915 678 926 698 ‚
968 649 1118 687 factum
1146 663 1191 687 ex
1220 663 1266 687 eo
1295 649 1395 699 ffiit,
1438 657 1484 688 ut
1514 650 1578 690 vel
1609 650 1736 690 fortis-

284 708 373 745 simi
405 712 524 757 atque
556 705 834 757 sapientissimi
866 704 1134 756 Imperatores
1165 711 1391 744 metuerent
1422 704 1526 744 hanc
1562 705 1735 759 hydram

283 763 442 800 irritare
458 790 469 809 ,
499 774 651 813 suoque
678 759 752 798 sibi
774 760 952 797 iumento
975 759 1127 798 malum
1156 773 1369 799 arcessere.
1427 760 1571 814 quue
1589 763 1737 800 mansit

284 816 352 855 ille
379 815 520 854 titulus
551 815 739 854 amantis
766 813 978 853 Christum
1012 814 1174 854 domini
1197 815 1410 867 peculiaris
1441 823 1481 854 et
1511 818 1735 855 communis

284 871 363 910 illis
388 870 575 909 omnibus
600 869 931 922 Imperatoribus,
961 871 1031 922 qui
1057 869 1227 908 concilio
1256 870 1343 921 illo,
1375 870 1496 910 Anno
1519 870 1616 920 842.
1633 871 1734 910 CPti

285 932 423 969 coacto
436 955 446 975 ‚
476 927 715 978 posteri0res
735 925 911 964 fuerunt.
970 926 1096 963 Leoni
1118 932 1253 964 autem
1274 926 1414 964 Isauro
1429 955 1440 977 ‚
1471 921 1735 965 Constantino

286 982 545 1036 Copronymo
561 1011 572 1031 ‚
603 982 728 1019 Leoni
745 979 925 1019 Armeno
939 1010 951 1029 ‚
974 979 1162 1019 Miehaeli
1181 980 1305 1019 Balbo
1321 1011 1332 1031 ‚
1352 988 1392 1019 et
1412 983 1495 1020 eius
1514 981 1595 1020 filio
1609 980 1737 1020 Theo-

285 1037 397 1091 philo
411 1067 423 1087 ‚
452 1044 621 1089 negatur
639 1042 867 1074 constanter
883 1051 905 1074 a
922 1036 1084 1075 Graecis
1104 1035 1225 1074 medii
1245 1038 1332 1075 aevi
1349 1036 1610 1089 scriptoribus
1625 1065 1638 1086 ‚
1666 1038 1737 1090 qui

233 1120 236 1123 ‡
287 1100 357 1131 aut
381 1092 567 1131 monachi
583 1121 594 1143 ‚
631 1099 701 1130 aut
726 1090 860 1130 clerici
877 1121 888 1141 ‚
930 1098 999 1130 aut
1026 1090 1179 1130 clericis
1204 1105 1330 1144 aeque
1367 1091 1533 1131 absurdi
1576 1091 1739 1131 filerunt

286 1162 452 1199 omnes;
483 1148 667 1200 quamvis
696 1146 855 1186 saeculo
875 1148 955 1184 iam
979 1147 1054 1186 IV.
1075 1147 1118 1184 in
1136 1160 1213 1185 usu
1239 1153 1339 1185 esset
1369 1146 1435 1186 hic
1464 1145 1737 1200 φιλοχρίστου

286 1203 443 1254 titulus,
469 1210 516 1241 ut
535 1209 690 1241 constat
710 1216 756 1240 ex
777 1201 974 1255 Apologia
987 1200 1187 1240 Anastasii
1203 1202 1254 1239 ad
1266 1202 1570 1241 Constantium:
1595 1197 1616 1239 ὅ
1637 1198 1740 1248 λαός

286 1254 397 1297 πάνυ
426 1253 556 1303 πολὺς
585 1254 657 1296 καί
681 1257 877 1303 τοσοῦτος
904 1253 955 1310 ἦν
983 1251 1082 1296 ὅσον
1111 1249 1163 1296 ἂν
1191 1249 1381 1304 εὔξαιντο
1410 1254 1514 1296 κατὰ
1539 1252 1659 1295 πόλιν
1680 1249 1739 1294 εἴη

288 1327 359 1352 ναι
387 1312 644 1364 χριστιανῶν
675 1309 943 1365 φιλόχριστοι
970 1312 1168 1363 βασιλεῖς.
1225 1312 1273 1350 In
1305 1311 1474 1351 concilio
1498 1312 1574 1351 VI.
1607 1309 1739 1364 appel-

288 1367 395 1406 latur
420 1368 705 1406 Constantinus
735 1367 965 1420 Pogonatus
994 1364 1015 1405 ὄ
1046 1364 1345 1417 εὖσεβὲστατος
1372 1364 1446 1406 καὶ
1469 1362 1740 1420 φιὲ.ο’χριστος

287 1422 418 1474 μέγας
445 1417 655 1473 βασιλεύς.
712 1423 853 1475 Neque
878 1422 971 1462 solis
999 1421 1340 1474 Imperatoribus‚
1370 1422 1440 1461 sed
1465 1423 1585 1460 etiam
1608 1422 1740 1474 priva-

288 1479 340 1516 tis
367 1477 598 1516 hominibus
624 1477 873 1530 urbibusque
910 1485 950 1517 et
977 1477 1161 1530 gentibus
1190 1478 1356 1529 integris
1381 1476 1636 1516 tribuebatur
1662 1475 1741 1514 hoc

290 1532 477 1585 elogium.
534 1533 583 1570 In
624 1532 738 1571 Actis
775 1532 943 1571 Concilii
978 1532 1174 1585 Ephesini
1219 1538 1359 1570 contra
1402 1531 1601 1586 Cyl-illum
1627 1537 1686 1569 est
1716 1527 1740 1569 ὅ

288 1585 726 1640 μεγαλοπρεπέστᾳτος
760 1586 833 1626 καί
860 1582 1132 1641 φιλόχριστος
1147 1581 1490 1638 κουβικουλάριος
1514 1585 1735 1637 Σχολαστί-

290 1656 391 1688 κιος.
451 1643 497 1680 In
530 1642 618 1680 loco
649 1641 836 1692 Concilii,
859 1656 980 1695 quem
1006 1642 1074 1680 Du
1102 1642 1236 1695 Gange
1259 1640 1392 1680 Gloss.
1420 1641 1495 1680 Gr.
1524 1654 1567 1679 v.
1584 1633 1744 1692 ’Ἔξαρ-

287 1710 360 1747 χοι
387 1699 498 1746 citat,
524 1698 635 1736 audit
655 1697 769 1736 Italia
799 1693 1068 1750 φιλόχριστος
1089 1691 1225 1748 χώρα.
1293 1695 1486 1734 Palladae
1511 1696 1554 1732 in
1581 1693 1741 1732 Antho-

292 1752 396 1805 logia
448 1767 487 1804 p.
523 1751 614 1806 557.
667 1752 779 1791 audit
824 1751 1190 1804 Constantinopolis
1230 1745 1255 1801 ἦ
1295 1748 1570 1803 φιλόχριστος
1608 1743 1749 1795 πόλις.

293 1808 414 1846 Recte
450 1809 556 1845 cnim
600 1807 656 1845 ibi
691 1807 849 1846 exhibet
883 1807 1005 1846 codex
1045 1806 1375 1845 membranaceus
1414 1803 1685 1856 Anthologiae
1718 1817 1743 1842 a

293 1862 481 1901 celeberr.
511 1863 698 1901 Reimaro
718 1863 891 1916 benigne
922 1876 1080 1900 mecum
1103 1861 1437 1908 communicatus,
1484 1857 1743 1913 φιλοχρίστῳ
1769 1890 1771 1892 ,

292 1932 367 1970 pro
399 1913 684 1973 φιλοχρήστῳ,
713 1918 822 1971 quod
851 1918 901 1956 H.
925 1917 1151 1970 Stephanus
1176 1915 1298 1956 dedit.
1354 1914 1452 1952 Fuit
1477 1915 1586 1952 enim
1609 1912 1743 1952 Palla*-

294 1973 364 2011 das
396 1981 435 2011 et
461 1972 559 2011 CPli
590 1973 751 2012 condita
777 1974 975 2012 recentior
1005 1980 1044 2011 et
1069 1971 1331 2011 Christianus.
1369 1965 1448 2023 *[ιῗ
1471 1963 1744 2022 φιλόχριστος

295 2023 396 2073 λαός
431 2027 503 2079 τῆς
542 2023 837 2081 θεοφυλάκτου
877 2023 1033 2079 ταύτης
1072 2022 1232 2070 πόλεως
1261 2031 1319 2063 est
1355 2023 1464 2076 apud
1500 2022 1741 2076 Theophan.

296 2097 335 2134 p.
367 2082 512 2135 322.]*
543 2084 592 2121 de
625 2083 764 2122 eadem
796 2082 912 2123 CPli.
966 2083 1015 2120 In
1047 2083 1141 2120 Iure
1175 2081 1329 2118 Graeco
1362 2080 1545 2117 Romano
1574 2093 1616 2131 p.
1646 2076 1742 2128 24²·

297 2145 356 2175 est
377 2133 414 2175 οἱ
439 2134 706 2190 φιλόχριστοι
726 2141 963 2191 πρυσγενεῖς
999 2134 1145 2187 αὐτοῦ,
1174 2142 1214 2174 et
1237 2134 1347 2188 apud
1366 2134 1563 2174 Nostrum
1587 2147 1627 2187 p.
1649 2130 1743 2186 575.

298 2193 346 2231 Β.ν
373 2207 414 2246 9.
447 2188 467 2230 ὃ
495 2191 760 2245 ([ηιλύχριστος
793 2188 980 2245 στρατός.

299 2260 301 2262 ·
405 2247 518 2286 Ibid.
551 2248 607 2301 [3‚
623 2248 682 2302 3.]
707 2248 751 2287 ἐν
770 2246 884 2302 αὐτῷ
904 2246 961 2301 τῷ
989 2245 1176 2300 Χριστῷ.
1213 2245 1407 2284 Formula
1428 2245 1473 2284 in
1493 2244 1661 2284 Christo
1675 2250 1746 2282 aut

294 2315 373 2355 per
397 2302 607 2341 Christum
630 2314 846 2344 aeternum
867 2316 1006 2354 regem
1030 2315 1110 2341 rex
1132 2309 1217 2340 erat
1240 2315 1401 2353 quoque
1417 2300 1615 2353 particula
1635 2298 1742 2338 tituli

302 2357 596 2408 imperatorum
629 2359 904 2408 CPtanornm,
941 2371 1021 2410 qua
1050 2357 1340 2409 profitebantur
1361 2370 1403 2395 se
1432 2369 1602 2409 regnum
1625 2367 1743 2393 suum

299 2414 524 2449 auctoritati
550 2421 588 2451 et
601 2416 758 2452 muneri
770 2413 1036 2466 suffragioque
1058 2420 1096 2451 et
1116 2412 1264 2450 iudicio
1285 2411 1434 2450 Christi
1460 2410 1622 2458 debere,
1646 2410 1745 2446 eius*-

299 2480 377 2518 que
414 2468 456 2504 in
489 2481 529 2505 se
567 2483 780 2521 agnoscere
807 2470 1035 2522 imperium.
1105 2466 1208 2505 Aliis
1241 2466 1463 2505 minoribus
1494 2463 1744 2518 principibus

301 2520 537 2559 Christianis
559 2552 570 2571 ,
616 2539 716 2576 quos
755 2524 986 2576 gradu'suo
1022 2522 1229 2561 inferiores
1273 2521 1538 2573 reputabant,
1568 2516 1744 2557 *titulum

299 2574 345 2612 ἐκ
384 2575 489 2613 θεοῦ
519 2577 584 2615 vel
608 2577 651 2616 ἐν
682 2579 769 2617 θεῶ
788 2579 1043 2618 tribuebant:
1075 2578 1125 2616 de
1145 2591 1225 2631 quo
1251 2576 1370 2615 titulo
1393 2575 1444 2613 ad
1465 2576 1515 2614 L.
1538 2574 1656 2612 11.·c.
1672 2570 1744 2625 47.

298 2628 415 2681 plura
446 2631 591 2670 dicam.
647 2619 882 2673 Fomimlam
915 2632 961 2674 ἐν
987 2632 1158 2686 Χριστῷ
1177 2654 1267 2661 ---
1306 2638 1445 2670 auctor
1478 2631 1583 2669 vitae
1609 2626 1744 2666 Basilii

300 2684 531 2724 Macedonis
558 2701 597 2738 p.
627 2695 714 2734 14η.
747 2690 800 2729 D.
827 2689 864 2740 4.
897 2688 1029 2727 reddit
1056 2682 1187 2741 ψήφῳ
1214 2682 1288 2724 καί
1302 2682 1438 2738 κρίσει
1458 2681 1648 2736 Χριστοῦ
1675 2678 1747 2719 αἐἰ

299 2735 605 2790 βασιλεύοντος.
662 2743 713 2783 V.
745 2745 944 2782 Murator.
973 2743 1167 2781 Thesaur.
1204 2742 1388 2793 Inscript.
1417 2754 1457 2792 p.
1483 2737 1575 2779 268.
