1832 3126
307 139 425 229 1¹60,
584 160 661 202 10.
703 159 810 203 mc.
849 161 1059 214 amsni
1090 160 1471 214 commurmu

408 262 452 302 C.
477 277 570 317 pen.
594 262 683 318 [63‚
713 262 799 319 in]
833 262 1009 310 ἵσταται.
1062 267 1122 306 M.
1153 264 1362 309 ἵστανται.

409 319 464 357 D.
492 331 506 358 1
532 319 621 374 [63‚
649 318 734 373 13.]
776 317 882 370 μετὰ
912 321 985 372 τῆς
1013 319 1257 374 συγκλήτου.
1313 324 1472 365 Mireris
1501 323 1567 365 hic
1597 323 1673 366 loci
1702 324 1746 366 ef

300 389 342 429 p.
381 374 471 426 142.
496 374 544 413 B.
571 375 611 413 5.
644 382 684 414 et
707 375 802 414 alibi
835 375 1031 416 Patricios
1064 385 1103 416 et
1131 378 1334 432 Strategos
1370 393 1394 418 a
1423 380 1572 420 Senatu
1600 380 1744 420 distin-

301 431 396 484 gui,
436 444 562 483 quum
589 437 724 470 tamen
754 430 812 469 illi
840 431 961 471 huius
990 447 1152 486 quoque
1189 447 1282 486 pars
1319 434 1484 474 fuerint.
1541 436 1620 475 Sed
1645 431 1765 476 solet‘

116 487 180 522 Ed.
197 485 287 522 1..51
301 500 379 526 vox
403 495 556 524 senatus
584 487 705 525 modo
738 485 958 539 ampliore,
999 490 1120 527 modo
1148 490 1344 528 strictiore
1373 490 1596 545 significatu
1630 491 1747 531 adhi-

299 540 405 581 beri.
463 538 638 592 'Quando
673 541 891 595 ampliore,
932 557 1071 582 omnes
1109 543 1343 597 dignitates,
1378 560 1578 596 summas,
1618 546 1716 586 imas
1733 572 1746 597 ‚

303 597 466 645 civiles,
498 596 689 636 militares
716 597 993 649 amplectitur,
1025 601 1222 638 strictiore
1270 607 1406 639 autem
1447 602 1662 655 opponitur
1678 595 1769 642 Se-³

303 660 424 693 natus
446 652 685 692 militaribus
707 651 846 691 officiis
871 653 1093 693 illustribus
1108 684 1119 705 ,
1151 662 1191 693 et
1223 655 1416 708 significat
1439 652 1640 696 senatores
1661 671 1750 710 pro·

310 707 507 748 curationi
535 722 670 747 rerum
696 708 876 747 civilium
901 708 1055 748 deditos
1071 739 1082 760 ,
1114 717 1154 748 et
1179 709 1220 748 in
1243 710 1460 751 tribunalia
1486 714 1600 752 varia
1622 713 1754 752 distri·-

242 815 246 819 ῃ
306 764 453 813 butos,
487 764 555 816 qui
579 778 661 802 non
691 763 810 802 simul
836 771 992 815 essent,
1020 778 1150 818 neque
1179 766 1358 819 patricii,
1386 775 1433 806 ut
1454 766 1678 808 luculenter
1696 767 1751 808 lo-

307 833 379 859 cus
409 819 546 858 Nostri
578 833 621 873 p.
651 819 744 869 144.
772 819 819 858 B.
841 819 880 858 3.
914 820 1187 870 demonstrat,
1213 834 1345 874 neque
1370 821 1550 870 basilici,
1581 837 1651 862 seu
1664 825 1751 877 pri*

306 882 424 915 vatae
451 874 707 928 Imperatoris
733 872 908 914 familiae
930 875 1144 929 adscripti,
1173 881 1220 914 ut
1252 889 1274 915 e
1300 890 1342 929 p.
1366 875 1568 928 413.init.
1594 878 1749 932 liquet;

307 931 434 970 verbo
457 933 527 983 qui
549 929 645 969 alias
673 925 711 969 οἱ
737 930 978 982 σεκρετικοί,
1005 945 1074 970 seu
1097 930 1334 981 tribunales,
1365 932 1534 972 curiales
1557 933 1748 974 dicuntur

307 988 375 1038 (v.
402 1000 445 1039 p.
466 984 562 1038 430.
596 986 686 1035 B.),
720 985 829 1039 quod
870 985 938 1024 alii
970 984 1048 1026 alia
1079 986 1324 1037 tribunalia,
1362 987 1427 1026 vel
1460 989 1615 1037 curias,
1644 989 1753 1028 iudi-

309 1042 371 1081 cia
387 1071 398 1092 ,
428 1043 728 1095 procurationes
754 1040 860 1079 nacti
885 1041 964 1080 sint
979 1071 990 1091 ,
1033 1043 1074 1080 in
1103 1041 1250 1095 quibus
1277 1055 1319 1081 se
1340 1050 1568 1091 exerceant,
1609 1051 1650 1084 et
1672 1045 1753 1084 rei-

309 1097 494 1151 publicae
522 1094 618 1136 siant
646 1097 763 1136 utiles
781 1126 794 1146 ,
834 1094 876 1135 hi
905 1098 1078 1136 rationes
1101 1098 1305 1150 publicas,
1349 1097 1419 1137 alii
1442 1101 1643 1152 privatas,
1684 1099 1774 1141 alii,

310 1152 518 1201 militares,
550 1147 616 1192 alii
647 1151 844 1205 politiam,
865 1149 932 1190 alii
949 1167 1034 1191 rem
1051 1153 1252 1201 navalem,
1282 1160 1321 1192 et
1338 1155 1393 1192 sic
1406 1167 1544 1207 porro.
1589 1155 1641 1194 P.
1656 1153 1752 1206 410.

310 1206 411 1248 Aa.
445 1203 748 1261 distinguuntur
775 1204 813 1245 οἱ
842 1205 1109 1259 συγκλητικοὶ
1132 1223 1155 1247 a
1180 1212 1266 1254 τοῖς
1294 1208 1679 1260 προελευσιμαίοις,
1710 1210 1773 1255 ἰὰ,

312 1270 372 1304 est
402 1263 522 1303 rebus
560 1261 883 1302 administrandis
915 1262 1083 1302 adhibiti
1113 1278 1137 1302 a
1157 1265 1421 1316 pompaticis,
1460 1279 1634 1318 quorum
1663 1271 1756 1304 tan-

313 1326 402 1358 tum
439 1326 524 1358 erat
553 1319 731 1372 quotidie
766 1318 807 1357 in
846 1319 1000 1357 curiam
1032 1319 1255 1372 procedere
1284 1325 1324 1357 et
1353 1333 1566 1359 numerum
1590 1321 1758 1360 comita-

312 1382 380 1415 tus
408 1388 573 1428 augere,
615 1373 753 1427 quales
786 1380 899 1412 erant
923 1373 1088 1413 Patricii
1118 1375 1243 1425 meri,
1290 1387 1359 1412 seu
1393 1375 1588 1415 titulares.
1644 1375 1757 1416 Alias

313 1429 491 1485 generali
511 1443 627 1470 sensu
658 1429 821 1469 Patricii
845 1443 1007 1482 quoque
1036 1436 1129 1469 sunt
1159 1429 1362 1484 syncletici
1377 1457 1389 1478 ‚
1439 1445 1508 1470 seu
1539 1432 1755 1482 senatorii,
1786 1435 1789 1439 ’

314 1493 363 1524 ut
390 1493 500 1539 patet
521 1500 542 1525 e
563 1485 695 1524 Nostri
723 1499 765 1538 p.
796 1481 890 1534 142.
919 1485 966 1524 B.
998 1483 1037 1524 5.
1055 1514 1067 1533 ‚
1096 1485 1167 1524 ubi
1191 1484 1348 1539 patricii
1380 1485 1584 1539 syncletici
1603 1493 1757 1527 contra-

316 1541 619 1595 distinguuntur
644 1544 729 1586 τοῖς
755 1535 838 1578 α’πὸ
873 1538 1059 1580 σπαθίου
1092 1555 1162 1580 seu
1193 1540 1405 1594 spathariis
1421 1570 1433 1591 ,
1462 1548 1502 1581 et
1529 1542 1574 1581 in
1597 1544 1758 1583 univer*

311 1611 408 1638 ‚sum
427 1597 683 1636 militaribus.
740 1595 870 1634 Erant
900 1596 1007 1634 enim
1034 1596 1191 1650 patricii
1214 1596 1379 1650 quidam
1411 1608 1521 1636 mere
1543 1594 1758 1650 titulans,

317 1659 362 1692 etv
388 1652 439 1691 ad
462 1660 646 1692 neutram
670 1650 834 1691 classem
867 1652 1109 1705 pertinentes
1124 1682 1134 1700 ,
1183 1666 1314 1706 neque
1344 1650 1396 1691 ad
1423 1647 1498 1704 τήν
1531 1647 1760 1705 σύγκλητον

318 1708 454 1747 stricte
483 1709 539 1747 sic
572 1708 742 1756 dictam,
771 1721 902 1760 neque
930 1707 981 1746 ad
1006 1708 1232 1762 Strategos,
1275 1713 1344 1746 aut
1370 1706 1618 1757 spatharios,
1649 1708 1760 1748 simi-.-

303 1763 429 1816 ‘lesve
457 1763 604 1817 gradus
635 1763 841 1802 militares.
899 1763 954 1802 Et
978 1763 1021 1802 hi
1049 1771 1162 1802 erant
1188 1764 1346 1817 patricii
1377 1757 1585 1813 ἄπρακτοι
1609 1761 1763 1816 absque

319 1820 476 1858 actione
501 1819 567 1858 vel
594 1818 824 1866 functione,
858 1831 967 1858 mere
994 1818 1186 1858 titulares.
1246 1818 1327 1857 Alii
1351 1817 1507 1870 patricii
1538 1824 1653 1857 erant
1672 1831 1761 1872 syn.-

320 1874 476 1924 cletici,
507 1889 576 1914 seu
605 1877 756 1928 togati,
787 1874 1021 1913 muneribus
1051 1881 1167 1927 togae
1196 1873 1432 1927 fungentes,
1472 1872 1628 1912 artibus
1650 1874 1778 1926 pacis'

320 1930 504 1983 regendis
543 1929 748 1983 deputati3
795 1930 862 1969 alii
897 1929 1070 1983 denique
1111 1935 1226 1968 erant
1268 1929 1423 1981 patrIcii
1458 1927 1666 1968 militares.
1722 1928 1762 1970 Ε
1798 1928 1801 1931 ’

320 1985 457 2025 multis
479 1986 616 2024 Nostri
638 1986 734 2024 locis
758 1984 836 2024 hoc
864 1985 1114 2038 intelligitur.
1172 1984 1232 2022 Ita
1260 1997 1421 2037 quoque
1440 1982 1608 2022 Malalas
1635 1984 1763 2036 patrie

321 2042 432 2080 cium
455 2040 717 2095 syncleticum
750 2039 922 2093 appellat
959 2039 1203 2079 Arintheum
1230 2039 1281 2077 T.
1315 2039 1370 2077 11.
1407 2053 1451 2092 p.
1479 2037 1576 2078 26.:
1610 2033 1636 2077 ἆ
1673 2036 1764 2091 ⁰915,-

322 2109 401 2142 σας
432 2091 702 2148 συγκλητικὸν
743 2090 921 2145 ‹2152onss
943 2089 1022 2134 τὸν
1055 2093 1271 2146 πατρίκιοι)
1299 2086 1540 2144 Ἀρίνθεον,
1583 2091 1631 2133 δέ
1658 2105 1764 2147 mer

328 2150 446 2206 αὐτῷ
473 2147 519 2190 τό
553 2151 648 2193 πᾶν.
704 2149 914 2192 Interdum
943 2157 1160 2203 usurpatur
1190 2163 1268 2188 vox
1309 2148 1616 2203 syncleticorum
1644 2161 1764 2188 sensu

331 2206 578 2246 strictissimo
597 2236 609 2255 ,
640 2212 678 2245 et
701 2204 868 2244 exclusis
895 2219 978 2244 non
998 2205 1126 2244 solum
1157 2205 1343 2243 Patriciis
1363 2212 1403 2244 et
1435 2204 1650 2258 strategis,
1693 2202 1764 2256 sed

274 2262 276 2264 ’
325 2263 447 2301 etiam
473 2262 568 2315 ipsis
599 2261 806 2315 Hypaticis
825 2290 837 2312 ,
867 2274 937 2299 scu
962 2262 1060 2300 viris
1089 2275 1113 2300 a
1134 2260 1260 2313 gradu
1282 2260 1532 2314 Hypatorum
1554 2256 1647 2298 inde
1669 2257 1766 2299 infe.-

329 2317 530 2364 rioribus,
565 2317 756 2371 significat
786 2315 890 2355 solos
918 2315 1043 2365 tales,
1082 2315 1217 2368 quales
1243 2328 1278 2354 e.
1306 2329 1342 2354 c.
1374 2321 1469 2354 sunt
1492 2313 1778 2367 Logothetae„

330 2371 576 2411 Chartularii
593 2402 603 2420 ‚
646 2372 828 2422 Notarii,
857 2371 1045 2424 praefecti
1074 2370 1225 2418 Urbis,
1266 2370 1474 2409 Canicleus
1497 2377 1537 2410 et
1564 2368 1631 2408 alii
1654 2368 1768 2410 simi,-

328 2425 386 2466 les
402 2457 412 2473 ,
442 2428 510 2480 qui
530 2442 611 2466 non
642 2428 721 2466 sint
742 2426 860 2465 simul
879 2426 1057 2465 Patricii.
1113 2425 1211 2464 Vid.
1235 2440 1276 2479 p.
1305 2425 1394 2480 169.
1418 2424 1472 2465 A.
1495 2438 1536 2464 2.
1557 2423 1666 2466 etc.
1685 2421 1765 2462 ult.

330 2480 372 2535 *[
385 2482 588 2521 Honorius
629 2483 935 2521 Constantinum
966 2482 1062 2520 facit
1107 2477 1398 2533 συγκλητικὸν,
1445 2478 1556 2533 quod
1586 2477 1769 2518 redditur

331 2536 573 2576 Senator-em.
629 2538 815 2591 Theoph.
844 2553 887 2591 p.
909 2535 1031 2591 66.]*
1088 2535 1259 2575 Guther.
1288 2550 1330 2588 p.
1362 2533 1450 2576 155.
1482 2535 1605 2574 vertit
1618 2546 1767 2578 ‚vocem

329 2589 594 2642 συγκλητικοὶ
627 2594 733 2631 sacri
754 2593 904 2648 palatii
923 2604 1104 2648 proceres
1118 2619 1130 2640 ,
1161 2598 1199 2629 et
1230 2589 1485 2644 reprehendit
1506 2587 1769 2628 Basilicorum

332 2648 591 2699 interpretem
610 2677 619 2693 ,
669 2649 738 2702 qui
765 2648 969 2688 Senatores
998 2647 1177 2687 dederat.
1235 2646 1481 2685 Incurrimus
1511 2644 1645 2698 itaque
1673 2656 1769 2684 ean-

333 2701 425 2739 dem
449 2704 491 2740 in
516 2709 651 2740 notam
670 2732 682 2752 ,
724 2704 793 2756 qui
825 2705 979 2756 saepius
1009 2702 1114 2741 idem
1145 2700 1322 2740 fecimus.
1380 2699 1458 2739 Sed
1483 2699 1591 2738 forte
1629 2699 1771 2750 imme-

332 2756 411 2796 rito
437 2756 674 2812 vapulamus
690 2787 702 2810 ,
745 2765 783 2798 et
804 2757 859 2798 nil
882 2765 999 2798 nocet
1021 2759 1078 2797 ita
1106 2762 1262 2797 vertere
1279 2785 1291 2809 ,
1321 2754 1542 2796 dummodo
1560 2758 1768 2800 tenentur,
