1884 3132
300 116 412 192 378
581 135 655 179 io.
699 137 807 180 1AC.
847 140 1042 180 musxn
1092 138 1473 184 COMMENTARH

301 252 385 278 non
415 245 499 276 tam
531 239 657 277 errori
687 239 829 279 calami
850 269 862 291 ‚
903 242 971 294 qui
1001 248 1209 294 suspectus
1235 245 1400 283 omnino
1427 243 1566 284 haberi
1591 246 1740 298 possit⁷

301 299 494 346 tanquam
528 295 826 339 rescribendum
854 297 904 335 sit
931 294 1184 348 προσευκτὴς
1223 305 1261 337 et
1288 296 1592 352 προσκυιήτὴς,
1619 314 1740 354 quam

303 349 438 401 potius
463 348 533 386 alii
561 363 606 388 ex
639 346 792 388 inscitia
806 351 938 390 Latini
967 354 1160 392 sermonis
1187 361 1277 392 orto
1306 353 1490 405 debetur,
1518 369 1599 407 quo
1619 356 1739 393 Grae—

299 403 387 444 «suli
422 404 640 443 credebant
675 420 819 444 vocum
848 407 1080 445 Latinarum
1124 410 1423 448 terminationes
1450 411 1492 448 in
1523 424 1571 448 οι·
1597 424 1743 463 gerun-

303 459 380 499 diis
403 459 445 497 in
473 459 546 498 dus
588 467 627 498 et
657 469 715 499 tas
743 462 1007 514 aequivalere.
1063 462 1137 502 Illo
1178 478 1245 504 eos
1273 479 1407 503 errore
1449 463 1651 503 laborasse
1695 471 1742 503 ut

305 514 468 553 credam
486 545 497 562 ‚
529 515 681 554 inducit
708 530 772 555 me
799 531 875 557 vox
907 513 1089 570 ῥογάτωρ
1120 520 1226 571 apud
1254 520 1452 558 Codinum
1480 535 1572 573 pag.
1603 509 1678 558 68.'
1699 534 1743 562 n.

307 568 393 621 84„
422 584 525 623 quae
566 578 678 609 notat
713 573 956 624 rogandum,
1002 587 1097 626 roga
1135 573 1199 614 vel
1235 575 1430 627 stipendio
1479 575 1743 614 afficiendum.

305 624 438 664 Multa
467 627 551 666 eius
578 629 784 666 commatis
811 629 918 681 apud
947 642 1070 667 novos
1097 629 1269 669 Graecos
1298 632 1498 683 reperias,
1527 632 1568 669 in
1597 630 1745 683 quibus

303 695 366 734 ωρ
397 688 436 719 et
484 694 527 728 ος
579 683 804 734 promiscue
852 690 891 722 et
928 688 1009 737 pro'
1028 698 1076 736 ης
1103 692 1372 736 usurpantur,
1410 693 1454 724 ut
1481 681 1744 735 ε’ξπλωράτος

302 750 379 789 pro
404 738 637 791 explorator
655 767 666 788 ‚
712 745 780 776 aut
809 739 959 777 Graeca
987 739 1265 781 terminatione
1293 736 1566 792 ἑξπλωράτης.
1621 740 1743 779 Dele-

300 801 418 844 gator
442 807 516 845 pro
544 793 739 845 delegatus
767 794 808 831 in
827 793 986 832 Novell.
1026 796 1113 834 130.
1146 796 1369 834 Iustiniani.
1424 795 1654 834 Advocator
1668 809 1743 848 pro

301 847 498 887 advocato
529 855 588 886 est
622 849 662 887 in
703 849 840 887 charta
874 857 1008 888 vetere
1037 850 1143 901 apud
1173 853 1366 890 Murator.
1399 851 1447 893 T.
1481 852 1536 889 ll.
1567 850 1738 903 Antiqu.

301 901 394 941 Ital.
425 917 466 956 p.
501 917 610 956 79¹·⁹
643 903 711 942 ubi
747 906 976 943 nominatur
1009 906 1140 944 VVido
1161 906 1294 944 Abbas
1315 921 1399 945 cum
1423 906 1588 958 Pagano
1615 906 1742 944 advo*

301 966 434 997 catore
459 958 512 1010 (id
554 966 612 997 est
649 959 844 998 advocato
864 990 874 1007 ‚
918 961 1109 1015 syndico,
1140 960 1382 1013 desensore,)
1409 975 1503 1009 suo;
1531 956 1744 1010 μανόάτος

304 1027 378 1066 pro
405 1009 651 1063 μανδάτωρ,
679 1016 847 1061 nuntius,
893 1013 1214 1068 παρασυρτάτος
1241 1031 1314 1069 pro
1343 1012 1615 1067 παρασύρτης
1636 1044 1648 1065 ‚
1674 1016 1746 1070 qui

302 1082 419 1123 equos
436 1068 660 1107 dextrarios
676 1084 796 1108 mana
821 1071 927 1109 ducit
945 1100 957 1121 ,
988 1067 1216 1118 ταλαλάτυς
1247 1072 1328 1122 (alii
1359 1079 1492 1110 tamen
1519 1072 1744 1116 ταλαλαῑός

303 1123 502 1175 scribunt,
534 1126 694 1177 utrique
722 1126 872 1175 recte‚)
900 1121 1211 1177 σχοινοπλόκος.
1268 1125 1445 1166 Celebris
1485 1126 1570 1164 lCti
1596 1139 1743 1164 nomen

303 1186 505 1230 meretur,
531 1181 597 1218 cui
625 1179 917 1233 aliquantulum
957 1181 1135 1220 insistam
1163 1189 1202 1221 et
1229 1181 1360 1221 lucem
1391 1181 1608 1220 affundam.
1667 1181 1744 1220 Est

302 1243 502 1284 Arabicae
529 1246 704 1297 originis.
739 1236 866 1287 &kl—'9
906 1247 1068 1286 leallal
1095 1254 1207 1287 notat
1237 1250 1464 1298 restionem,
1493 1248 1563 1300 qni
1591 1261 1613 1285 e
1635 1246 1743 1285 fibris

305 1306 345 1338 et
383 1299 488 1340 soliis
527 1301 754 1354 palmarum
791 1303 907 1342 funes
946 1309 1120 1356 torquet.
1186 1303 1283 1342 Vid.
1314 1305 1380 1342 Du
1407 1304 1542 1355 Gange
1567 1301 1634 1341 Gl.
1667 1303 1741 1340 Gr.

303 1368 348 1408 p.
383 1356 495 1410 ¹509·
550 1357 614 1395 Sic
652 1371 812 1411 quoque
851 1358 982 1397 Latini
1024 1358 1210 1397 barbator
1234 1373 1308 1411 pro
1336 1359 1569 1405 barbatus„
1590 1357 1744 1396 larvam

301 1409 513 1450 barbatam
540 1426 691 1464 gerenS.
747 1414 800 1452 V.
828 1414 896 1452 Du
917 1414 1052 1467 Gange
1080 1413 1143 1454 Gl.
1172 1414 1261 1452 Lat.
1293 1414 1337 1453 h.
1367 1428 1407 1452 v.
1467 1413 1569 1465 Ipsis
1597 1413 1746 1452 veteri-

301 1464 377 1505 bus
420 1468 582 1506 Graecis
627 1467 703 1506 hoc
742 1469 901 1508 schema
944 1484 1027 1508 non
1065 1469 1257 1522 ignotum.
1319 1464 1642 1520 Ῥητορόμυκτος
1686 1473 1746 1506 est

302 1522 410 1574 apud
437 1523 643 1561 Lae'rtium
673 1524 725 1562 11.
769 1523 804 1578 §.
843 1539 905 1577 19.
942 1539 1003 1563 12.
1043 1538 1116 1576 pro
1160 1519 1496 1577 ῥητορομύκτης,
1536 1522 1744 1561 rhetorum

302 1577 569 1617 subsannator
585 1609 597 1629 ,
623 1580 692 1631 qui
723 1579 948 1619 rhetoribus
975 1579 1163 1618 blennam
1191 1579 1382 1632 emungit.
1442 1579 1625 1616 inveniet
1652 1577 1746 1616 talia

301 1633 452 1683 multa,
481 1636 551 1687 qui
581 1635 786 1674 attendere
814 1635 936 1686 velit,
966 1642 1006 1673 et
1034 1635 1136 1674 forte
1171 1635 1342 1688 prodam
1369 1636 1453 1688 ipse
1476 1633 1673 1687 quaedam
1700 1634 1744 1672 in

300 1690 406 1728 notis
433 1689 484 1727 ad
514 1689 799 1744 Antliologiam
829 1691 1037 1729 Graecam.

413 1744 464 1786 D.
496 1743 571 1783 ult.
599 1745 790 1799 [391,4.]
839 1744 1058 1798 προτέκτορ
1096 1741 1377 1794 δομεστιέεους.
1434 1743 1641 1782 Ρνοτεοιοι·
1668 1742 1744 1781 do-

301 1801 476 1838 mesticus
507 1807 565 1839 est
604 1801 863 1854 perfrequens
904 1802 944 1839 in
986 1800 1097 1838 libris
1126 1807 1164 1838 ct
1203 1800 1319 1838 saxis.
1378 1799 1575 1837 Memoria
1607 1798 1743 1850 itaque

302 1855 509 1893 deserebat
552 1855 823 1894 doctissimum
852 1857 918 1894 Du
958 1856 1151 1907 Cangium
1170 1883 1182 1904 ‚
1225 1854 1386 1907 quando
1428 1853 1581 1892 litteras
1608 1853 1743 1892 PRO-

299 1910 692 1949 TDOMESTICUS
731 1913 774 1949 in
804 1910 870 1949 illa
899 1911 1157 1963 inscriptione
1186 1909 1497 1954 Mediolanensi,
1538 1921 1660 1960 quam
1696 1908 1741 1959 in

301 1967 406 2004 notis
449 1966 500 2004 ad
541 1966 782 2004 Cinnamum
828 1980 868 2018 p.
898 1964 994 2016 458.
1031 1964 1214 2013 exhibet,
1255 1978 1328 2016 per
1366 1963 1746 2002 PROTODOME-

297 2020 489 2059 STICUS
519 2020 699 2073 explicat,
729 2024 854 2074 quum
883 2027 1079 2073 punctum
1109 2018 1312 2058 debuisset
1341 2026 1433 2072 post
1461 2026 1647 2072 quartam
1673 2016 1743 2056 lit-

300 2081 430 2114 teram
457 2077 586 2128 poni,
617 2090 697 2129 quo
724 2077 908 2129 protinus
951 2075 1189 2114 constitisset
1207 2102 1218 2124 ‚
1249 2088 1331 2113 esse
1357 2073 1640 2129 compendium
1667 2086 1744 2112 vo-

302 2131 359 2169 cis
383 2139 593 2185 protector.

385 2185 479 2225 228.
504 2185 558 2223 A.
579 2185 620 2224 6.
653 2184 764 2239 [59ι,
786 2183 850 2238 8.]
881 2180 954 2222 καί
993 2180 1201 2234 σύμβολα.
1269 2183 1526 2237 Superssuum
1559 2183 1625 2222 hic
1668 2182 1746 2221 ali—

307 2241 422 2292 quid,
455 2247 524 2279 aut
552 2240 630 2279 alio
659 2240 779 2279 modo
811 2246 1059 2292 corruptum.
1118 2239 1406 2293 Interpretatus
1433 2240 1505 2288 sui,
1535 2245 1581 2277 ut
1609 2239 1739 2291 potui.

412 2297 460 2334 B.
482 2310 519 2338 2.
552 2295 665 2349 [5q1,
693 2294 774 2347 14]
813 2291 1075 2345 πεκτοράριν.
1149 2296 1420 2333 Ρειτονανῐιιηι
1457 2301 1516 2333 est
1543 2299 1612 2332 aut
1639 2292 1742 2331 illud

304 2363 475 2402 parvum
504 2340 738 2390 mantellum
766 2349 1024 2389 ecervicibus
1053 2349 1279 2402 dependens
1308 2364 1436 2402 usque
1462 2349 1513 2387 ad
1541 2349 1746 2386 iuncturas

305 2405 531 2444 cubitorum
548 2435 559 2456 ‚
601 2405 777 2458 undique
804 2406 846 2443 in
888 2404 1026 2443 orbem
1054 2404 1240 2452 solidum,
1271 2405 1407 2458 qualia
1439 2404 1625 2442 Rectores
1655 2403 1745 2440 Ma-

307 2460 438 2510 gnifici
467 2461 586 2500 huius
601 2460 885 2500 Universitatis
915 2466 954 2498 et
972 2459 1122 2497 Decani
1151 2467 1295 2513 gerunt
1322 2461 1364 2497 in
1393 2457 1622 2498 solennibus
1648 2471 1746 2509 pro-

304 2515 547 2554 cessionibus
578 2517 772 2565 (veterum
809 2515 932 2568 aliqui
960 2515 1149 2553 colobium
1177 2514 1419 2568 appellant),
1451 2519 1520 2551 aut
1550 2518 1610 2550 est
1636 2511 1745 2550 idem

304 2574 423 2620 atque
452 2567 644 2620 ταβλίον,
694 2571 744 2610 de
782 2585 862 2624 quo
908 2584 980 2609 suo
1023 2569 1111 2608 loco
1148 2570 1243 2608 dixi.
1286 2569 1402 2608 conf.
1428 2568 1496 2606 Du
1538 2566 1671 2619 Gange
1699 2580 1743 2606 v.

303 2620 520 2661 Pectorale.

412 2677 462 2716 C.
486 2677 526 2716 5.
560 2677 675 2731 [392.
695 2677 759 2733 7.]
788 2675 1116 2730 πραισεντάλιος.
1177 2678 1225 2717 Id
1244 2684 1303 2716 est
1333 2676 1615 2716 comitatensis.
1641 2676 1746 2716 Nam

302 2731 370 2785 qui
400 2733 441 2770 in
474 2734 664 2772 comitatu
694 2733 883 2787 principis
913 2741 1030 2786 sunt,
1074 2748 1164 2772 eum
1195 2739 1447 2786 praesentem
1475 2733 1742 2783 comitantur,
