1884 3132
139 171 215 215 An
243 171 544 214 CONSTANT.
572 173 770 213 ponpa.
798 171 870 212 m:
915 170 1097 213 catum.
1138 170 1237 210 Lm.
1275 170 1328 209 ιι.
1399 151 1511 227 817

60 288 212 339 Geogr.
246 301 291 339 p.
306 283 351 337 4.
407 285 468 325 Ita
495 297 657 338 quoque
688 283 843 324 Arabes
870 275 1056 338 &bs-n,
1078 283 1188 338 quod
1233 283 1436 324 Sar-dania
1476 292 1517 326 et

61 342 259 381 §ae-denia
285 347 414 394 potest
438 339 585 379 efferri.
1494 339 1499 344 ’

174 396 224 435 C.
257 395 297 434 5.
340 394 453 449 [690‚
474 393 540 448 4.]
584 392 713 432 δοῦκα
754 391 966 439 Βενετίας.
1039 393 1151 446 Ergo
1195 400 1282 432 tum
1320 395 1512 447 temporis

64 450 198 491 adhuc
236 449 429 489 suberant
467 451 713 488 Graecorum
755 448 924 499 imperio
967 447 1140 498 Veneti,
1187 450 1284 501 quia
1326 447 1514 496 κέλευσις

65 505 117 544 ad
160 518 301 544 eorum
345 503 468 543 duces
515 518 562 543 ex
611 502 702 541 aula
734 502 952 555 Byzantina
985 503 1198 551 veniebat,
1225 503 1515 557 qualiscunque

66 559 231 599 tandem
275 558 326 598 de
368 566 526 598 caetero
569 556 646 596 fuit
682 559 784 596 ratio
834 557 1128 610 Imperatorum
1170 557 1427 597 CPtanorum
1472 564 1514 598 et

65 615 217 654 ducum
255 614 505 652 Venetorum
555 614 660 651 inter
700 626 742 651 se
781 619 963 664 respectu
1007 612 1199 662 dominii3
1242 613 1325 656 vid.
1365 614 1516 654 Murat.

13 671 16 674 ’
66 670 119 708 Τ.
148 670 184 709 1.
214 668 314 708 Ant.
343 667 463 716 Ital„
493 667 563 707 ubi
591 669 688 706 scita
716 666 843 705 multa
870 666 991 706 habet
1034 675 1074 707 et
1108 669 1276 720 inquirit
1297 698 1308 718 ‚
1350 668 1515 721 quando

66 725 127 763 sui
182 724 279 763 iuris
333 737 418 762 esse
462 723 665 775 coeperint
705 722 880 771 Veneti3
933 722 1042 775 quod
1102 723 1309 776 contigisse
1354 723 1514 762 videtur

67 778 226 818 saeculo
267 777 480 817 undecimo
509 784 688 816 exeunte.
749 775 911 829 Colligit
932 777 1097 830 quidem
1118 776 1303 816 laudatus
1331 779 1515 817 Murato-

68 834 153 872 rins
186 833 238 872 T.
275 833 332 871 11.
363 846 405 884 p.
434 831 532 882 648.
563 846 585 871 e
628 844 793 870 nummo
829 831 1004 884 quodam
1042 832 1222 882 Veneto,
1261 846 1382 885 quem
1426 847 1514 872 sae-

68 887 162 927 culo
189 885 248 928 X.
287 894 473 926 currente
511 900 651 925 cusum
688 893 827 940 putat,
859 886 1031 925 Venetos
1060 901 1108 925 eo
1135 894 1314 939 tempore
1343 889 1423 927 iam
1448 902 1514 927 ar-

69 943 236 996 ripuisse
263 942 609 995 independentiam
640 948 680 980 et
710 943 1048 988 autocratoriam‚
1080 941 1176 994 quia
1207 956 1336 995 neque
1365 955 1513 982 nomen

70 1011 202 1051 neque
237 997 372 1036 vultus
411 997 667 1049 Imperatoris
707 997 850 1034 Graeci
890 996 1074 1035 Latinive
1100 997 1143 1034 in
1179 1009 1227 1035 eo
1254 998 1510 1050 conspicitur.

71 1053 227 1092 Verum
254 1065 300 1091 ex
330 1065 378 1091 eo
404 1065 486 1090 nou
514 1052 695 1104 sequitur
722 1049 952 1101 conclusio3
985 1057 1269 1104 praetereaque
1300 1066 1362 1090 res
1392 1053 1516 1092 incer-

70 1114 111 1146 ta
138 1113 199 1146 cst
225 1104 277 1145 de
303 1113 432 1145 aetate
451 1107 621 1145 nummi.
675 1104 779 1144 Sane
797 1119 843 1144 ex
861 1119 925 1156 eo,
954 1105 1063 1159 quod
1092 1106 1130 1144 in
1158 1105 1234 1145 hoc
1262 1107 1415 1157 codice,
1441 1108 1514 1160 qui

72 1169 144 1201 aut
172 1159 330 1201 saeculo
357 1161 412 1200 X.
440 1168 627 1200 currente
653 1160 729 1199 sub
748 1161 1011 1199 Constantino
1038 1161 1206 1207 seniore,
1240 1169 1309 1200 aut
1328 1162 1401 1200 XI.
1434 1162 1512 1201 sub

74 1214 339 1256 Constantino
383 1217 540 1254 iuniore
582 1215 713 1254 editus
755 1222 841 1259 est.
882 1214 1068 1261 κέλευσις
1107 1215 1254 1254 dicitur
1280 1216 1331 1255 ad
1359 1218 1515 1257 Ducem

73 1271 277 1310 Venetum
333 1271 499 1320 venire,
546 1270 753 1308 conficitur
804 1270 954 1322 absque
995 1270 1292 1319 controversia,
1336 1271 1515 1311 Venetos

74 1339 179 1364 nexu
206 1323 413 1364 clientelae
438 1326 596 1363 iunctos
627 1324 758 1363 adhuc
785 1325 953 1376 imperio
973 1323 1154 1363 orientali
1182 1325 1314 1364 fuisse.
1384 1327 1515 1365 Immo

76 1380 211 1419 adhuc
242 1378 401 1419 Manuel
429 1379 655 1417 Comnenus
682 1378 816 1417 medio
843 1378 1000 1418 saeculo
1029 1379 1264 1417 duodecimo
1317 1387 1356 1418 et
1395 1381 1514 1419 incli-

77 1441 200 1473 nante
247 1434 326 1472 iam
372 1435 548 1472 Venetos
590 1447 662 1486 per
702 1433 878 1486 legatum
929 1447 1047 1472 suum
1085 1440 1278 1486 tanquam
1333 1434 1516 1475 subditos

79 1496 224 1528 tractat
251 1488 359 1541 apud
392 1489 630 1527 Cinnamum
657 1502 699 1540 p.
723 1489 811 1527 133.
830 1489 876 1527 B.
892 1518 902 1535 ‚
933 1494 1115 1527 accenset
1141 1501 1207 1526 eos
1234 1490 1320 1535 τοῖς
1344 1483 1483 1536 ἄλλοις
1499 1518 1513 1540 ,

78 1538 171 1583 ὅσοι
197 1541 280 1582 ὕπὸ
304 1539 378 1596 τὴν
403 1542 599 1594 παλάμην
624 1542 789 1581 τελοῦσι
807 1538 884 1594 τὴν
904 1541 1050 1592 αὐτοῦ,
1082 1549 1122 1581 et
1150 1542 1195 1580 C.
1226 1555 1260 1580 1.
1290 1543 1391 1581 inter
1417 1541 1517 1590 τούς

77 1594 301 1650 ὑπηκόους.
372 1597 532 1637 Alexius
564 1598 791 1636 Comnenus
834 1597 941 1650 apud
974 1598 1134 1635 Annam
1167 1598 1210 1635 in
1238 1596 1428 1636 Alexiade
1468 1613 1514 1651 p.

87 1652 175 1692 161.
204 1652 348 1692 ducem
376 1653 627 1692 Venetorum
654 1652 847 1704 dignitate
868 1651 1239 1690 Protosebastorum
1267 1658 1307 1690 et
1326 1666 1421 1705 roga
1441 1667 1516 1691 au-

79 1715 160 1761 get.
214 1707 311 1747 Fuit
343 1721 436 1760 ergo
464 1707 515 1746 de
540 1707 772 1760 proceribus
802 1706 915 1746 aulae
935 1706 1177 1760 Byzantinae
1194 1714 1232 1745 et
1251 1706 1514 1758 stipendiatis.

82 1762 309 1814 *[Ducibus
350 1763 597 1801 Venetorum
636 1768 868 1800 ornamenta
905 1768 943 1801 et
979 1761 1140 1799 titulum
1178 1761 1325 1814 Hypati
1365 1761 1516 1801 dabant

84 1817 215 1869 Impp.
246 1817 424 1863 emani,
455 1817 562 1855 unde
589 1817 708 1855 etiam
738 1816 916 1855 vestitus.
970 1817 1171 1854 Giannon.
1202 1816 1326 1854 T.11.
1353 1829 1392 1868 p.
1417 1817 1514 1870 367.

84 1872 214 1924 Impp.
260 1871 412 1910 CPtani
456 1871 761 1910 considerabant
799 1871 1046 1910 Venetorum
1088 1871 1284 1922 principes
1312 1877 1357 1908 ut
1384 1884 1519 1924 reges,

86 1926 228 1966 Giorn.
257 1926 323 1964 dei
352 1927 502 1964 Letter.
526 1927 639 1968 XVI.
667 1941 709 1979 p.
732 1924 866 1978 484‚]*
924 1926 1134 1964 Caeterum
1161 1925 1291 1964 adhuc
1314 1931 1424 1975 noto,
1453 1924 1519 1964 κε’-

86 1981 230 2019 λευσιν
257 1980 335 2019 dici
363 1980 597 2019 mandatum
623 1981 674 2019 ad
702 1981 976 2034 magistratus,
1016 1993 1168 2019 sacram
1206 1979 1258 2019 ad
1296 1980 1516 2033 populum,

89 2041 136 2074 ut
162 2048 185 2073 e
209 2035 454 2088 Theophane
481 2050 523 2088 p.
545 2035 640 2074 333.
670 2036 720 2074 D.
742 2050 782 2074 2.
810 2041 932 2088 patet.

200 2088 243 2132 C.
263 2089 306 2128 6.
339 2089 448 2144 [ὄψῃ
471 2088 528 2142 5.]
573 2089 703 2128 (tofina
747 2086 1013 2136 Νεαπόλεως.
1082 2089 1310 2142 Eligebaeur
1348 2088 1523 2143 Neapoli

90 2143 228 2195 (verba
254 2152 347 2183 sunt
376 2145 588 2183 Mun-atorii
616 2145 666 2183 T.
701 2145 733 2185 l.
752 2145 849 2183 Ant.
874 2143 962 2182 Ital.
993 2157 1034 2196 p.
1067 2143 1172 2198 194.)
1201 2159 1228 2183 a
1248 2144 1395 2199 populo
1414 2144 1517 2190 dux,

87 2212 269 2252 suprema
293 2199 465 2251 gaudens
490 2201 717 2238 auctoritate
732 2229 743 2249 ‚
788 2201 867 2238 nisi
891 2198 998 2253 quod
1024 2199 1220 2238 interdum
1233 2227 1246 2248 ‚
1293 2206 1361 2237 aut
1391 2200 1520 2253 potins

74 2254 174 2304 jere
205 2267 358 2306 semper
373 2282 384 2298 ‚
415 2268 500 2293 cum
527 2255 665 2292 civitas
678 2283 690 2302 ‚
722 2263 803 2292 tum
829 2254 946 2293 duces
966 2266 1043 2306 pro
1071 2266 1247 2308 supremo
1272 2253 1429 2291 domino
1458 2256 1524 2291 re'-

91 2307 325 2346 verebantur
348 2307 629 2362 Imperatorem
654 2308 858 2350 Graecum.
915 2307 1021 2362 *[De
1046 2307 1147 2346 duce
1172 2314 1212 2346 et
1237 2306 1396 2346 consule
1425 2307 1522 2346 Nea-

93 2361 270 2414 politano
298 2363 419 2400 citato
459 2377 480 2401 a
509 2363 716 2401 Constant.
746 2362 947 2416 Porphyr.
986 2376 1028 2401 v.
1062 2363 1259 2401 Muratori
1290 2360 1440 2402 Annali
1483 2361 1522 2402 d’

95 2415 210 2455 Italia
237 2417 288 2455 T.
312 2417 363 2455 V.
392 2431 433 2469 p.
457 2416 598 2470 556.]*

207 2471 255 2509 In
284 2471 361 2510 fine
388 2486 478 2524 pag.
498 2471 622 2509 schol.
652 2470 763 2525 [69o‚
784 2471 850 2514 23.
876 2469 1008 2524 schol]
1031 2469 1322 2522 μαστρομίλης.
1381 2471 1528 2510 Graeci

89 2526 309 2578 praefectos
338 2527 488 2564 urbium
515 2527 718 2578 magzstms
744 2527 909 2564 militum
935 2525 1212 2579 appellabant,
1255 2526 1311 2564 ait
1339 2525 1525 2578 Sigonius

98 2578 224 2632 Regn.
252 2580 340 2619 Ital.
362 2595 404 2633 p.
428 2581 469 2621 5.
488 2580 559 2618 lin.
582 2579 649 2631 44.
666 2580 788 2632 Atqui
804 2594 869 2619 eos
888 2581 1006 2618 etiam
1025 2579 1276 2632 appellabant
1289 2580 1414 2618 dures.
1446 2580 1527 2618 Er-

98 2645 199 2684 gone
223 2634 336 2673 dzoees
365 2643 405 2674 et
431 2636 612 2686 magistri
636 2635 802 2673 nu'lt'tum
830 2635 968 2673 iidem?
995 2634 1179 2673 Videtur.
1232 2634 1307 2672 Hic
1327 2648 1421 2673 sane
1450 2634 1526 2673 loci

100 2689 224 2726 nostri
249 2686 348 2738 δούξ
377 2683 628 2734 Νεαπόλεως
656 2695 695 2727 et
709 2689 992 2741 μαστρομίλης
1018 2703 1092 2741 pro
1109 2689 1246 2727 eodem
1263 2689 1522 2741 accipiuntur.

101 2740 179 2779 Sed
207 2743 312 2794 apud
332 2744 539 2797 Sigonium
574 2744 600 2782 Ι.
638 2757 672 2781 c.
709 2757 752 2796 p.
779 2738 854 2782 aa.
889 2742 928 2795 4.
962 2743 1094 2782 collat.
1132 2757 1190 2783 ιι.
1232 2743 1523 2798 distinguuntux

150 2817 412 2855 constaminus
438 2819 613 2866 Porphyr.
642 2820 718 2855 Vol.
743 2821 790 2854 ΙΙ.
1229 2821 1273 2855 52
