1832 3126
154 206 231 250 An
267 205 566 250 consum
607 205 805 247 Pomm.
843 204 916 245 m:
950 202 1414 246 CERm.LIB.1.1
1429 183 1499 240 23

60 310 222 375 egregie
246 309 339 349 ficit
365 308 478 349 locus
506 308 668 347 loannis
700 305 819 346 Pauli
846 306 1042 344 Mueantii
1072 306 1114 344 in
1143 305 1300 344 Cerem-
1331 318 1503 345 corona·

58 367 180 405 tionis
207 365 426 404 Clementis
452 364 596 403 V111.·
642 363 837 414 Pontifex
862 361 921 400 ad
956 361 1084 400 altare
1118 361 1278 403 accessit
1289 389 1301 411 ,
1349 374 1470 416 eoque
1485 390 1500 411 ,

57 421 236 475 deposita
261 422 404 470 mitra,
434 420 478 459 in
503 419 634 458 medio
660 418 855 464 osculato,
884 431 1003 471 super
1027 416 1133 454 allud
1155 430 1278 454 aurea
1304 425 1412 455 scuta
1445 416 1497 454 L.

58 476 212 527 obtulit,
233 490 341 532 quae
358 475 508 515 inclum
529 475 572 514 in
598 474 722 512 rubra
748 486 934 511 cnunena
959 472 1105 510 sericea
1133 471 1182 510 R.
1215 471 1269 509 P.
1300 471 1361 510 D.
1391 471 1503 510 Bar·-

56 531 295 570 thelamacus
349 531 528 578 Caesius,
579 528 627 568 S.
666 527 711 567 S.
754 527 963 566 Generalis
1006 527 1284 575 thesmwankae,
1314 526 1507 590 Pontffici

56 587 308 626 mim‘wmu't.
374 585 470 636 Quo
513 585 557 623 in
598 583 687 623 loco
713 582 937 621 notandum
977 582 1154 635 primum
1204 578 1242 632 ἦ
1268 579 1505 633 α’πόστεψις

56 641 123 680 vel
152 637 175 680 ὅ
203 635 548 690 ἀποσκεπασμὸς,
575 638 771 692 depositio
797 638 940 676 mitrae
956 667 968 688 ,
1006 637 1255 676 reverentiae
1282 651 1421 676 caussa
1448 637 1504 676 fa·

56 702 123 735 cta
147 694 200 736 ab
226 695 438 734 accedente
463 694 516 734 ad
543 694 697 742 altare,
736 693 956 733 secundum
985 689 1007 732 ὃ
1038 689 1258 742 ἀσπασμὸς
1285 692 1362 744 τῆς
1389 692 1504 732 ἐνδυ·

56 751 155 803 τῆς,
181 749 364 790 osculum
391 763 527 790 sacrae
554 750 724 804 endytae
752 748 819 788 vel
858 749 1026 788 instrato
1055 747 1225 798 altaris,
1270 754 1310 786 et
1337 748 1502 802 quidem

26 825 31 829 ·
57 805 215 858 medio,
243 805 510 859 impressum,
538 812 586 844 ut
619 805 671 844 ab
699 805 900 858 episcopo.
970 803 1075 843 Nam
1103 803 1271 842 Diaconi
1302 809 1342 842 et
1369 803 1501 842 mino-

57 875 122 900 res
160 874 312 901 cornua
346 867 507 900 tantum
535 860 707 915 endytae
734 859 1035 900 osculabantur.
1094 859 1278 898 Tertium
1307 858 1501 912 depositio

62 915 131 956 5ο.
162 929 378 956 aureorum
404 924 611 955 scutorum
638 916 703 955 vel
730 923 978 955 scutatorum
999 928 1120 968 super
1137 914 1326 968 endyta
1315 928 1357 953 m
1386 927 1502 953 sacco

56 972 198 1010 serico.
273 971 382 1027 *[De
420 971 603 1012 offmnda
644 985 785 1025 regum
810 972 1063 1010 Francorum
1101 984 1144 1009 v.
1173 969 1423 1009 Ceremoniel
1450 969 1503 1008 de

57 1025 215 1066 France
242 1025 295 1065 Τ
327 1028 362 1066 Ι.
391 1042 433 1082 p.
466 1026 535 1078 24.
593 1026 880 1066 consistebat
870 1041 911 1065 ιιι
939 1040 1060 1090 pane,
1086 1026 1186 1065 vino
1213 1033 1254 1064 et
1278 1026 1396 1064 XIII.
1428 1039 1504 1063 au-

57 1082 149 1121 reis.
151 1079 197 1135 ]*
251 1081 391 1123 Debeo
418 1082 551 1122 adhuc
577 1082 755 1122 scholion
783 1082 879 1121 huic
904 1081 996 1121 'loco
1023 1083 1067 1120 in
1093 1083 1274 1134 margine
1295 1080 1501 1120 membra-

58 1151 204 1176 narum
230 1138 439 1192 scriptum,
466 1137 536 1177 sed
563 1152 588 1176 a
614 1137 843 1192 bibliopego
870 1138 1012 1186 misere
1036 1144 1270 1176 truncatum
1298 1135 1501 1185 exhibere,-

57 1192 174 1231 cuius
201 1192 308 1232 edita
333 1201 491 1234 tentum
517 1208 611 1247 pars
637 1194 715 1232 fuit
729 1224 741 1244 ‚
770 1208 896 1247 quum
924 1200 1081 1232 caetera
1108 1192 1184 1247 legi
1213 1207 1296 1232 non
1324 1197 1497 1246 possent.

59 1245 269 1288 Exhibebo
286 1257 356 1290 *tot
382 1263 520 1290 versus
536 1279 548 1300 ‚
578 1256 679 1303 quot
704 1257 799 1289 sunt
826 1250 868 1289 in
896 1249 1061 1288 codice.

273 1328 437 1383 Ἰστὲοι,
467 1346 532 1372 οτι
559 1329 775 1386 Emeda*
747 1346 872 1397 εχειν
883 1327 931 1372 τὰ
962 1329 991 1370 ἆ
1018 1354 1041 1362 -
1066 1354 1090 1362 -

278 1364 463 1455 κόμβιοὲν
478 1389 646 1439 χουσοῦ
668 1387 820 1452 λίτρας
847 1384 872 1427 ι’
904 1401 976 1427 και
1003 1386 1025 1427 ἑ
1051 1410 1073 1417 -
1100 1406 1123 1416 -·

278 1440 394 1482 ἔστιν
420 1436 479 1489 εἷς
506 1439 706 1494 βασιλεὺς
732 1467 754 1473 -
780 1467 802 1474 -
832 1467 855 1474 -

238 1536 243 1541 ,
279 1493 356 1543 τὰς
383 1492 410 1534 ι’
436 1496 592 1562 λίτρας.
648 1511 685 1538 ει
714 1497 761 1537 δὲ
789 1495 842 1537 δύ
871 1521 892 1528 -

282 1549 402 1601 sauir,
431 1549 510 1591 εἶτε
539 1550 612 1591 καὶ
635 1549 669 1605 γ’
698 1549 804 1592 εῖσίν
830 1576 853 1583 -
878 1575 901 1583 —-
927 1576 952 1583 -

282 1604 425 1655 ζονται
453 1603 498 1646 αἱ
525 1605 627 1646 δέκα
655 1605 804 1659 λίτραι
859 1621 879 1645 ε
906 1630 928 1637 -
953 1628 977 1637 -

281 1660 324 1702 εἰ
347 1675 417 1700 και
446 1657 479 1712 y'
508 1657 617 1728 πλὴν
643 1663 720 1702 τοῦ
746 1683 770 1692 -·
799 1686 822 1692 -
847 1684 871 1692 -

278 1715 487 1780 βασιλέως
515 1714 674 1771 ὀφείλει
702 1710 810 1757 εἶναι
836 1731 860 1756 τ
886 1740 909 1747 -
934 1739 958 1747 -

274 1767 327 1811 .τό
356 1769 498 1812 ποσόν.
550 1774 625 1812 τοῦ
646 1772 693 1813 δὲ
719 1795 741 1804 -
769 1795 791 1802 -·
817 1796 840 1803 -

279 1822 388 1880 ὑπὲρ
418 1841 501 1867 των
530 1820 668 1868 ἄλλων
695 1826 777 1868 τῶν
802 1827 848 1868 Λ
869 1849 891 1857 -
917 1849 941 1858 ·-

271 1881 418 1936 ἐξίσης
444 1898 503 1931 ως
530 1896 640 1934 συμο
659 1907 682 1914 -
700 1907 723 1914 -
751 1905 774 1913 -

269 1940 422 2004 ρουσθ
444 1962 468 1970 -·
493 1962 516 1969 -
545 1935 615 1978 διὰ
643 1938 728 1979 τῶν
755 1936 946 1993 ἆμφοτέρ
975 1961 998 1968 -
1023 1959 1047 1968 -·

273 1991 355 2041 τὰς
375 1993 483 2034 δέκα
512 1993 670 2048 λίτοας.

178 2079 241 2106 12.
262 2065 317 2104 A.
339 2075 382 2105 9.
412 2065 503 2120 [ι9,
525 2065 589 2120 9.]
646 2065 724 2105 τοῦ·
746 2064 868 2118 ἁγίου
898 2065 1091 2119 φρέατος.
1131 2064 1243 2103 Haec
1270 2064 1357 2117 ipsa
1382 2065 1505 2104 verba

56 2121 107 2160 m’n
134 2122 354 2160 continenti
390 2136 530 2160 recum
531 2122 637 2160 entia
673 2122 714 2160 in
742 2122 985 2160 membranis
1020 2121 1261 2170 effecerunt,
1292 2127 1348 2158 ut
1382 2133 1505 2173 quae-

54 2177 162 2215 'dam
187 2190 235 2215 ex
253 2177 437 2215 ieditione
465 2184 602 2215 nostra
629 2177 874 2227 exciderint,
902 2190 1047 2239 nempe
1069 2175 1201 2214 haec·
1240 2174 1315 2213 καί
1347 2175 1508 2226 γήνεται

56 2245 211 2283 nomn]
240 2228 368 2295 δαχὴ-
382 2227 463 2278 ἔξω
490 2231 565 2270 τοῦ
591 2227 712 2283 ἁγίου
754 2230 958 2285 φρέατος,
1002 2233 1105 2270 inter
1144 2230 1265 2268 finem
1301 2229 1338 2283 §-
1373 2236 1508 2268 12.et

54 2285 224 2324 iinitium
252 2285 659 2339 §.15.inserenda·,
688 2301 810 2340 quam
840 2288 881 2326 in
909 2285 1181 2340 paragraphus
1206 2298 1276 2324 seu
1309 2284 1508 2323 sectiones

63 2341 239 2392 capitum
268 2345 643 2382 contruncationem
670 2344 714 2382 in
740 2343 985 2399 membranis
1005 2356 1030 2380 a
1043 2347 1187 2380 nostra
1205 2324 1406 2379 diversam
1422 2353 1508 2379 esse

55 2390 160 2434 alibi
187 2398 270 2435 inm
289 2397 543 2435 monuimus.
728 2414 742 2420 ··

171 2450 228 2490 A.
248 2465 320 2491 ιιο.
352 2451 444 2516 [¹9,
463 2451 523 2506 8.]
569 2450 724 2503 χῶτου.
784 2452 896 2492 Alibi
921 2465 1063 2515 χυτου.
1087 2450 1294 2500 scribitur,
1322 2456 1371 2489 ut
1387 2450 1505 2504 igno-

54 2516 142 2544 fres
138 2534 162 2554 ,
197 2507 319 2546 sitne
328 2520 352 2545 a
377 2504 508 2557 χύτης
534 2508 798 2556 nominativo,
828 2522 879 2546 an
908 2522 932 2546 a
958 2504 1105 2558 χνυτός.
1162 2505 1298 2559 Neque
1324 2513 1507 2555 constat,

57 2560 163 2612 quid
187 2561 398 2614 significet.
454 2563 607 2602 Doctus
635 2564 826 2615 interprae
855 2563 922 2601 hic
949 2561 1170 2615 praeteriit,
1192 2575 1241 2613 2.p
1264 2559 1331 2600 58.
1362 2561 1410 2599 C.
1441 2575 1455 2600 ι
1469 2576 1505 2600 ι.

63 2615 202 2654 vertit
210 2619 514 2665 ooncanoemtzb,
544 2632 587 2669 p.
617 2617 686 2672 94.
719 2618 1003 2665 A.A.loc11m
1031 2617 1206 2667 editum,
1247 2630 1291 2670 p.
1330 2630 1421 2670 ¹⁰7·
1451 2616 1506 2655 A.

55 2681 108 2760 ἓ·
142 2669 486 2711 ¹35.C.12.et
513 2672 607 2711 alibi
637 2676 763 2725 ipsam
781 2687 923 2712 vocem
944 2674 1111 2710 retinuit
1123 2671 1302 2723 astum
1317 2671 1504 2711 reddens.

104 2736 154 2774 go
173 2725 347 2778 quidem
355 2729 523 2766 certiora
540 2742 622 2767 non
641 2730 752 2767 novi.
811 2729 955 2780 Neque
976 2727 1374 2780 topogmphicorum,
1404 2736 1508 2780 quae

57 2775 133 2816 hic
168 2779 353 2831 pluscula
390 2791 635 2831 occurrunt,
672 2798 695 2822 a
724 2798 787 2822 me
817 2783 908 2836 quis
933 2781 1251 2835 explanationem
1295 2789 1506 2835 exspectet.
