1884 3132
255 146 368 203 660
526 164 599 207 10.
643 164 749 207 mc,
796 166 992 207 nmsxn
1042 164 1423 210 COMMENTARn

253 266 311 306 dii
341 268 430 306 aevi
455 267 541 307 tab.
563 267 640 306 VI.
671 275 711 307 et
739 267 848 320 apud
877 266 1170 306 Rhamnusium
1200 267 1250 307 de
1277 268 1384 308 bello
1413 267 1576 310 CPta'no
1602 270 1701 310 mul*-

254 330 297 361 to
325 322 502 373 clarius,
535 325 630 361 item
651 323 691 361 in
720 324 892 376 imagine
921 325 1078 375 gemina
1095 323 1300 363 Theodori
1331 325 1510 364 Lascaris
1536 327 1578 363 in
1597 325 1700 365 duo-

254 376 332 416 bus
371 377 454 417 eius
483 379 660 417 nummis
689 378 796 430 apud
832 379 899 416 Du
928 377 1122 431 Cangium
1142 378 1286 418 Famil.
1326 393 1368 432 p.
1391 378 1506 430 218.‚
1535 381 1631 420 item
1659 383 1702 420 in

256 434 430 486 imagine
457 433 643 472 Balduini
670 433 839 472 Flandri
868 434 972 486 Imp.
1020 434 1173 472 CPtani
1201 449 1223 473 e
1250 435 1403 474 Latinis
1426 436 1571 488 primi,
1604 435 1704 475 ibid.

255 503 296 542 p.
319 487 428 536 216„
460 495 506 527 ut
533 495 572 527 et
601 490 640 527 in
669 489 841 541 imagine
881 489 1052 527 Romani
1081 490 1272 542 Diogenis
1302 489 1400 530 ibid.
1427 505 1468 544 p.
1495 490 1602 539 162„
1630 491 1704 530 Ni-

258 543 421 596 cephori
451 543 687 582 Botoniatae
729 551 767 582 ct
797 545 1047 582 Constantini
1077 544 1265 597 Dncaep.
1293 546 1384 599 159.
1442 546 1520 584 Sed
1543 547 1704 598 praeci-

261 613 341 652 pue
370 597 605 652 spectabiles
634 605 727 638 sunt
755 606 884 638 vestes
903 599 1049 637 Leonis
1080 600 1280 652 Sapientis
1310 607 1350 638 et
1377 599 1594 639 Alexandri
1620 601 1704 640 fra-

257 656 333 692 tris
360 661 400 693 et
427 655 568 693 matris
591 653 796 692 Eudociae
818 669 859 707 p.
885 655 972 707 ¹39·
995 683 1006 703 ,
1052 657 1121 707 qui
1150 669 1287 693 omnes
1319 662 1400 694 tres
1431 655 1517 695 lora
1547 663 1703 709 gestant

258 723 332 763 per
359 716 491 748 totum
520 723 666 762 corpus
695 709 868 762 perfusa.
928 709 1125 747 Nummos
1154 709 1274 748 huius
1301 709 1502 750 Sclavicae
1529 710 1706 751 familiae

258 779 300 818 p.
329 764 419 804 136.
450 771 491 803 et
519 764 841 817 praecedentium
873 764 1189 816 Imperatorum,
1220 764 1461 818 Theophili,
1491 766 1703 815 Stauracii,

259 821 406 859 Leonis
435 820 561 859 Isauri
584 849 594 866 ,
643 819 895 858 Constantini
923 821 1199 872 Copronymi,
1229 819 1399 859 aliorum
1430 821 1550 860 modo
1578 822 1706 875 inspi-

261 879 368 926 cias,
398 882 438 914 et
465 873 631 913 habebis
662 874 790 913 ideam
820 874 997 913 lororum
1028 876 1068 912 in
1100 889 1243 927 genere
1272 882 1310 914 et
1335 875 1610 915 diversitatum
1639 891 1708 916 eo-

261 945 368 969 rum.
428 930 671 968 Praesertim
708 929 896 968 notabilis
924 936 982 968 est
1010 943 1148 967 aversa
1177 943 1268 982 pars
1299 931 1452 969 nummi
1482 932 1626 970 Leonis
1644 932 1704 971 M.

261 1000 304 1039 p.
328 1000 395 1039 77.
426 999 546 1023 versu
575 985 764 1030 secundo,
795 985 867 1022 ubi
881 983 1012 1022 lorum
1036 985 1223 1022 inusitato
1239 985 1359 1023 modo
1388 986 1579 1038 plicatum
1608 1001 1707 1026 cou-

261 1042 450 1094 spieitur,
483 1039 627 1078 lacinia
656 1054 678 1078 e
707 1039 1000 1078 sinistrolatere
1029 1039 1079 1077 ad
1109 1039 1291 1077 dextrum
1304 1048 1548 1079 recurrente.
1580 1042 1628 1080 In
1658 1055 1707 1081 eo

262 1097 397 1134 omnia
424 1096 693 1144 conveniunt,
723 1095 832 1147 quod
866 1094 961 1133 loris
990 1108 1059 1132 seu
1087 1094 1256 1144 taeniis,
1285 1109 1388 1147 quae
1416 1097 1640 1148 margaritis
1667 1103 1708 1135 et

261 1151 428 1204 gemmis
457 1149 608 1188 obsitae
640 1157 755 1199 sunt,
787 1150 1009 1188 radiantur.
1086 1150 1247 1187 Lacinia
1277 1149 1344 1188 illa
1371 1164 1394 1188 e
1431 1151 1591 1190 sinistro
1629 1151 1708 1192 hu-

262 1220 374 1245 mero
402 1205 632 1258 dependens
661 1204 848 1257 reliquias
877 1212 916 1243 et
953 1205 1166 1257 imaginem
1196 1211 1391 1243 monstrat
1418 1207 1563 1245 veteris
1595 1206 1708 1246 chla-

262 1261 422 1314 mydis,
454 1274 556 1313 quae
582 1260 783 1298 sinistrum
815 1258 1056 1310 humerum,
1086 1260 1118 1297 si
1144 1259 1242 1298 nihil
1274 1267 1429 1312 ageret,
1463 1261 1706 1313 occultabat,

264 1316 297 1354 si
327 1322 458 1354 autem
489 1315 648 1353 sinistra
676 1328 839 1368 quoque
868 1314 1032 1353 deberet
1071 1328 1172 1366 opus
1202 1313 1364 1368 aliquod
1393 1330 1509 1369 agere
1531 1346 1543 1366 ,
1572 1315 1707 1356 suble·

264 1384 361 1410 vare
410 1369 664 1423 chlamydem
703 1377 742 1408 et
771 1370 844 1408 sub
884 1384 929 1408 ea
959 1383 1042 1408 sese
1070 1383 1245 1408 exserere
1272 1369 1457 1409 debebat.
1515 1371 1607 1410 Non
1635 1371 1711 1411 ali-

265 1439 346 1474 am,
375 1439 498 1480 quam
534 1425 638 1464 hanc
671 1423 777 1463 illius
805 1425 971 1464 laciniae
999 1425 1192 1477 originem
1217 1439 1325 1473 esse,
1353 1427 1535 1478 protinus
1560 1426 1712 1480 patebit

262 1481 354 1532 illi,
403 1482 472 1533 qui
518 1480 771 1533 chlamydem
822 1481 865 1518 in
913 1479 1070 1519 duobus
1100 1480 1260 1518 Ioannis
1290 1481 1508 1520 Tzimiscae
1535 1484 1712 1521 nummis

264 1550 306 1590 p.
338 1534 427 1576 152.
459 1534 607 1574 Famil.
639 1535 735 1588 Byz.
766 1536 833 1573 Du
873 1535 1011 1588 Cangii
1050 1548 1166 1573 versu
1213 1535 1250 1574 5.
1298 1537 1580 1590 conspicuam,
1610 1539 1710 1577 item

265 1606 308 1645 p.
339 1591 427 1644 159.
461 1590 713 1644 chlamydem
741 1591 783 1628 in
813 1605 978 1629 nummo
1015 1590 1184 1628 Romani
1213 1591 1402 1643 Diogenis
1435 1606 1527 1630 cum
1554 1591 1641 1631 loro
1668 1595 1712 1632 in

267 1660 435 1684 nummo
465 1645 715 1684 Constantini
744 1646 880 1683 Ducac
909 1647 1087 1698 proxime
1126 1647 1334 1698 apposito,
1364 1653 1403 1684 et
1433 1660 1526 1685 cum
1554 1646 1640 1686 loro
1668 1648 1712 1687 in

267 1701 372 1740 infra
411 1702 540 1754 posito
575 1715 742 1739 nummo
788 1700 994 1753 Nicephori
1022 1701 1281 1750 Botoniatae,
1327 1700 1421 1739 item
1445 1702 1514 1754 qui
1546 1716 1590 1755 p.
1613 1716 1708 1741 201.

267 1770 455 1794 nummos
502 1756 640 1794 Isaaci1
684 1755 828 1808 Angeli
872 1757 1049 1809 primum
1072 1786 1082 1803 ‚
1131 1757 1172 1793 in
1201 1769 1280 1808 quo
1306 1754 1437 1794 lorum
1457 1786 1469 1806 ‚
1500 1764 1540 1795 et
1567 1771 1711 1798 secuu-

270 1811 395 1861 dum,
426 1812 467 1849 in
498 1826 578 1864 quo
607 1810 787 1864 chlamys
815 1813 1074 1863 conspicitur,
1105 1811 1207 1848 inter
1234 1824 1274 1849 se
1306 1818 1534 1863 comparet,
1564 1819 1604 1851 et
1630 1819 1714 1852 ter-

269 1867 373 1904 tium
401 1880 562 1919 quoque
590 1873 708 1919 atque
736 1873 940 1919 quartum,
971 1866 1011 1904 in
1031 1865 1175 1918 quibus
1203 1866 1366 1904 vestitus
1398 1869 1439 1904 in
1459 1874 1714 1920 conspectum

263 1922 408 1967 venit,
449 1923 517 1974 qui
562 1922 731 1960 formam
761 1921 982 1974 chlamydis
1025 1928 1064 1959 et
1092 1920 1276 1959 laciniam
1305 1920 1380 1959 lori
1410 1929 1605 1962 monstrat
1625 1951 1638 1974 ,
1668 1929 1718 1963 ut

270 1977 422 2016 nescias
453 1975 730 2031 chlamydem,
759 1991 810 2015 an
839 1975 970 2014 lorum
999 1974 1198 2028 appellare
1238 1975 1396 2015 debeas.

382 2031 537 2070 Videor
582 2031 682 2070 mihi
728 2032 820 2070 satis
851 2031 901 2070 de
930 2031 1060 2069 forma
1089 2030 1165 2068 lori
1194 2037 1233 2068 et
1263 2031 1346 2069 eius
1382 2031 1535 2084 origine
1562 2030 1717 2085 dispu-

272 2092 388 2125 tasse.
448 2081 540 2136 Qui‘
561 2086 746 2140 allegatas
778 2088 969 2138 imagines
1009 2093 1047 2124 et
1074 2099 1259 2124 nummos
1287 2088 1480 2139 inspicere
1508 2086 1680 2126 voluerit
1701 2115 1715 2137 ‚

274 2142 491 2195 imaginem
525 2142 608 2180 eius
646 2143 779 2180 animo
807 2143 953 2194 poterit
979 2142 1208 2193 concipere,
1249 2147 1288 2179 et
1314 2156 1394 2194 qua
1422 2142 1462 2179 in
1492 2155 1537 2180 re
1563 2156 1716 2181 novum

275 2195 408 2235 lorum
437 2211 459 2235 a
488 2199 615 2235 veteri
645 2197 854 2249 discrepet.
883 2197 1090 2247 Discrepat
1119 2202 1252 2234 autem
1280 2196 1543 2248 permultum,
1574 2204 1612 2235 et
1640 2211 1716 2236 no-

275 2265 375 2290 vum
404 2251 537 2290 lorum
570 2266 662 2290 cum
699 2251 822 2290 veteri
851 2250 952 2289 1111111
977 2250 1099 2289 habet
1127 2265 1338 2290 commune
1364 2259 1524 2304 praeter
1551 2253 1716 2290 striatu-

276 2320 379 2344 ram.
435 2307 497 2345 Dc
524 2314 680 2345 caetero
709 2314 782 2355 est,
812 2313 857 2345 ut
885 2306 1130 2346 Graecorum
1158 2320 1354 2345 uovorum
1370 2308 1549 2345 instituta
1580 2308 1715 2345 omnia

280 2369 401 2412 sunt,
431 2361 612 2412 ridicula,
643 2361 823 2400 affectata
853 2368 888 2399 et
920 2357 1093 2415 φορτική
1125 2360 1284 2400 miscela
1312 2361 1484 2400 chitonis
1510 2375 1578 2400 seu
1606 2362 1717 2398 tuni-

281 2430 350 2454 cae
374 2446 384 2463 ,
418 2418 531 2455 cuius
559 2416 728 2455 formam
774 2415 895 2455 habet
919 2446 929 2466 ‚
964 2416 1113 2467 (stricte
1142 2417 1245 2455 enim
1276 2418 1432 2469 corpori
1461 2415 1649 2454 adhaeret
1676 2422 1716 2454 et

279 2469 401 2509 habet
430 2471 641 2524 manicas‚)
657 2479 695 2510 et
719 2471 961 2524 chlamydis,
991 2472 1102 2509 cuius
1131 2472 1294 2524 vestigia
1321 2471 1440 2510 refert
1483 2469 1625 2508 lacinia
1643 2484 1718 2508 cu-

280 2523 366 2563 bito
385 2521 555 2564 'sinistro
583 2534 756 2579 gestata,
791 2533 830 2565 et
858 2525 933 2564 lori
964 2525 1136 2578 denique
1173 2540 1242 2564 seu
1289 2525 1472 2574 collari-s,
1511 2523 1562 2562 ad
1590 2525 1716 2564 instar

282 2578 358 2616 lori
385 2581 447 2618 vel
474 2581 653 2629 balthei,
686 2581 781 2631 lati,
813 2595 884 2633 per
913 2587 1049 2633 pectus
1079 2588 1149 2619 aut
1175 2583 1362 2633 utrinque
1390 2578 1513 2617 libere
1542 2593 1717 2632 propen-

283 2632 377 2671 dere
404 2637 614 2686 permissi,
659 2644 728 2674 aut
769 2636 1008 2674 decussatim
1051 2637 1275 2688 compositi.
1328 2634 1387 2672 Ex
1415 2632 1477 2671 his
1505 2635 1626 2672 trium
1654 2634 1718 2686 di-

282 2700 487 2727 versarum
528 2692 699 2729 vestium
727 2691 892 2729 diversis
939 2689 1102 2730 dotibus
1145 2696 1352 2728 consutum
1381 2687 1457 2725 fuit
1483 2687 1612 2727 lorum
1641 2703 1718 2728 no-

283 2754 380 2781 vum
396 2771 408 2795 ,
459 2757 483 2781 a
511 2751 646 2784 vetere
670 2759 834 2798 prorsus
862 2745 1080 2784 diversum.
1145 2742 1301 2782 Veteris
1328 2741 1404 2782 lori
1431 2742 1621 2797 reliquiae
1648 2758 1719 2783 su·-
