1884 3132
275 154 350 197 An
385 154 682 198 consum.
714 154 911 195 ponpa.
938 153 1009 194 DE
1046 153 1226 195 emim.
1261 155 1358 194 un.
1397 157 1429 194 1.
1485 135 1588 202 421

162 259 268 298 trina
297 266 427 298 essent
461 258 664 313 campagia
684 287 695 307 ‚
724 257 844 295 fuisse
871 264 1004 295 tamen
1024 256 1166 295 villosa
1189 271 1269 295 non
1288 258 1363 312 legi
1380 290 1390 305 ‚
1422 259 1496 297 nisi
1519 270 1599 298 uno

163 315 207 353 iu
234 312 324 353 loco
350 314 542 352 Ber-nardi
567 313 726 352 Udonis
754 312 861 364 apud
891 313 1087 350 Murator.
1111 313 1197 350 Ser.
1216 313 1309 351 Rer.
1336 314 1427 352 ltal.
1449 315 1500 352 T.
1522 315 1595 352 111.

162 383 204 422 p.
225 368 324 419 629.
348 383 359 408 τ
389 368 509 407 Illico
541 368 732 407 summissi
761 366 988 420 clqffbm'bus
1015 366 1241 420 [Pontificis
1269 369 1439 407 Romani
1465 384 1600 408 recens

163 422 299 476 electi]
327 424 458 463 oscula
470 423 612 479 figunt
650 421 813 460 Villosis
834 450 846 470 ‚
885 421 995 459 dedic
1029 435 1102 460 ora
1143 421 1288 471 Pater,
1324 424 1438 462 dedit
1469 426 1599 463 oscula

163 478 326 517 blanda.
384 478 486 517 Sunt
523 485 657 516 autem
695 475 879 527 clzf’ffimes
893 506 904 523 ‚
958 475 1147 530 sptgfffines
1183 484 1222 515 et
1259 478 1448 531 scqffinws·
1495 480 1599 518 idem

165 539 287 586 atque
326 533 470 572 udones
505 539 545 571 et
584 532 814 585 campagia;
847 544 888 568 v.
928 531 996 569 Du
1027 531 1161 583 Cange
1191 531 1233 569 h.
1258 546 1298 571 v.
1357 533 1491 572 Etiam
1523 534 1602 573 boc

165 597 385 637 Arabicum
410 605 471 637 est
496 596 769 645 vocabulum3
798 593 895 633 eju&
910 625 922 645 ‚
950 595 1086 648 seht-›ff'
1102 596 1165 634 vel
1190 597 1327 647 sclnclf
1352 606 1408 636 est
1441 614 1600 652 pannu-

163 653 251 701 c1‘a‚
299 666 456 706 paunus
492 652 609 703 vilis,
653 651 845 698 detritus,
888 665 963 690 usu
1010 650 1130 703 longo
1174 653 1305 690 tenuis
1347 653 1475 691 factus
1497 683 1508 703 ‚
1560 662 1599 693 et

163 718 333 758 verbum
357 715 454 755 usk-’2⁵0
481 724 702 756 attenuare.
732 715 863 754 Possit
889 723 1022 755 tamen
1050 731 1132 755 non
1161 717 1211 756 de
1239 717 1364 756 nihilo
1383 718 1481 757 baec
1502 733 1600 757 con-

164 771 317 812 iectura
343 772 495 823 videri,
534 786 660 825 quum
703 771 808 810 idem
834 785 960 823 paene
978 801 990 822 ,
1036 772 1144 824 quod
1183 779 1335 811 veteres
1365 775 1596 827 campagkx,

164 841 238 868 nos
267 828 502 867 Camaschen
529 826 789 880 appellamuS.
833 826 957 879 Coepi
984 841 1104 879 porro
1124 828 1329 880 suspicari,
1353 836 1504 867 essetne
1525 843 1600 867 vox

165 896 191 922 a
216 897 354 938 campo
382 882 623 930 derivanda,
664 888 856 933 tanquam
896 883 928 920 si
974 895 1020 920 eo
1050 882 1246 921 vocabulo
1272 882 1462 923 tibiarum
1491 883 1599 922 vela-

163 944 300 989 menta
326 937 666 991 significarentur,
699 937 843 990 quibus
874 936 915 974 iu
943 951 1085 989 campo
1115 951 1207 975 usus
1235 945 1349 976 essct.
1409 939 1512 978 Sane
1542 939 1598 977 se-

164 991 332 1032 moralia
358 993 590 1047 campestria
619 1005 663 1030 ex
693 991 767 1030 ista
796 991 950 1030 ratione
978 991 1229 1031 dicebantur.
1260 992 1314 1030 Et
1341 1001 1498 1046 poterat
1525 1009 1599 1032 no-

165 1061 258 1086 men
286 1047 343 1086 rei
372 1048 414 1086 in
451 1046 557 1086 bello
593 1053 632 1085 et
658 1047 700 1084 in
727 1060 843 1085 usum
872 1046 1043 1085 militum
1071 1049 1244 1100 primum
1274 1049 1468 1087 inventae·
1487 1049 1602 1087 deiu-

167 1115 260 1156 ceps
286 1102 474 1149 retineri,
516 1116 561 1141 re
600 1102 783 1154 quamvis
810 1101 860 1139 ad
890 1116 1006 1140 usum
1035 1104 1142 1155 pacis
1169 1101 1380 1152 traducta3
1420 1104 1527 1157 quod
1558 1106 1601 1142 in

167 1156 303 1196 multis
331 1158 509 1210 contigit.
540 1156 691 1196 ocreas
719 1154 815 1194 olim
830 1157 1038 1195 aestivalia
1058 1156 1326 1210 appellabant,
1350 1159 1468 1209 (unde
1485 1159 1603 1197 nobis

167 1206 368 1264 Siligfieln,)
397 1213 585 1266 quoniam
615 1212 664 1250 iis
692 1225 765 1264 per
792 1218 981 1250 aestatem
1002 1214 1172 1250 maxime
1187 1225 1282 1251 usus
1303 1220 1401 1252 erat.
1436 1214 1601 1252 Aestate

167 1268 277 1305 enim
314 1267 502 1320 pleraque
543 1265 649 1305 bella
693 1273 910 1319 geruntur3
955 1267 1061 1306 unde
1101 1267 1266 1320 Hispani
1298 1268 1348 1305 ad
1378 1269 1600 1321 exemplum

168 1320 353 1360 Arabum
380 1321 667 1374 expeditionem
692 1319 876 1360 bellicam
904 1321 1060 1377 Azeg'fia
1077 1352 1090 1371 ,
1122 1322 1163 1360 id
1191 1329 1248 1360 est
1273 1324 1567 1362 aesca-ationem
1589 1354 1601 1374 ‚

169 1385 398 1438 appellant,
442 1375 622 1436 ‘'EQ-⁸²35,
657 1393 696 1424 et
723 1387 764 1425 in
782 1388 938 1425 aestivis
960 1387 1100 1425 habere
1144 1387 1242 1425 dixit
1269 1387 1516 1441 Capitolinus
1562 1390 1604 1427 in

170 1439 311 1480 Marco
322 1439 530 1479 Antonino
559 1455 602 1493 p.
623 1440 716 1493 590.
746 1455 820 1493 pro
848 1442 890 1479 in
919 1442 1056 1480 castris
1095 1449 1134 1480 et
1161 1443 1202 1479 in
1230 1441 1337 1480 bello
1366 1455 1499 1481 secum
1528 1443 1603 1482 ha-

170 1494 282 1535 bere.
338 1495 592 1534 Vocabulum
627 1501 759 1533 tamen
800 1497 1008 1534 aestivalia
1041 1498 1186 1534 mansit
1201 1525 1213 1546 ,
1242 1497 1393 1535 etiamsi
1422 1504 1601 1549 tempore

171 1556 310 1590 secuto
335 1551 464 1589 maior
489 1551 537 1589 iis
562 1563 657 1588 usus
684 1563 756 1602 per
782 1549 954 1588 hiemem
970 1580 981 1598 ‚
1022 1565 1143 1603 quam
1170 1557 1316 1589 aestate
1340 1558 1455 1589 esset.
1514 1553 1604 1590 Ob-

170 1603 265 1644 tulit
291 1618 334 1644 se
360 1605 545 1658 deinceps
584 1603 826 1643 vocabulum
854 1603 1084 1654 λαμπάδια.
1142 1605 1280 1644 Potuit
1310 1619 1404 1644 sane
1432 1606 1605 1645 decursu

172 1661 363 1713 temporis
379 1690 391 1708 ‚
429 1661 725 1712 ingravescente
768 1658 954 1698 barbarie
973 1688 984 1708 ‚
1023 1673 1096 1712 pro
1136 1660 1154 1696 l
1178 1659 1363 1698 substitui
1405 1675 1442 1698 c.
1499 1661 1603 1700 Sunt

169 1721 306 1754 autem
332 1711 548 1765 λαμπάδια
576 1714 718 1753 fasciae
735 1743 746 1759 ‚
778 1712 866 1752 lora
893 1713 1037 1766 longa,
1069 1714 1319 1752 adstrictoria
1342 1743 1354 1764 ,
1386 1714 1605 1766 bandagia,

171 1776 220 1809 ut
266 1769 386 1808 hodie
423 1768 659 1822 loquuntur.
717 1768 806 1806 Vox
844 1767 1051 1821 aliquoties
1086 1769 1194 1821 apud
1220 1768 1393 1807 Dionem
1421 1766 1604 1808 Cassium

170 1821 333 1877 legitur.
391 1824 491 1863 Inde
517 1831 655 1864 nostra
679 1823 916 1861 Germanica
944 1837 1020 1862 vox
1059 1823 1256 1876 Lzunpmz,
1279 1825 1526 1875 pannuciae‚
1563 1833 1605 1863 et

170 1877 363 1932 Lappen,
399 1873 539 1931 ῥάκος.
596 1879 699 1917 Cum
737 1884 871 1916 tamen
910 1879 989 1916 iam
1014 1892 1038 1916 a
1060 1880 1179 1916 tertio
1206 1892 1249 1930 p.
1279 1878 1348 1915 N:
1367 1878 1414 1916 C.
1444 1879 1601 1918 saecula

172 1934 378 1986 campagia
413 1933 569 1985 scriptis
613 1933 863 1972 celebrentur
880 1962 892 1983 ,
929 1947 1010 1985 quo
1038 1939 1214 1985 tempore
1242 1932 1421 1970 nondum
1449 1935 1602 1972 saevie-

172 1985 244 2026 bat
269 1989 403 2026 omnia
427 1987 652 2027 deformans
678 1987 884 2026 barbaries
898 2017 909 2037 ‚
937 1989 1003 2026 vix
1021 1986 1208 2026 credibile
1227 1993 1285 2025 est
1310 2001 1332 2024 c
1357 2000 1429 2039 pro
1458 1988 1478 2025 l
1502 1988 1598 2026 sub-

171 2042 356 2081 stitutum
394 2041 538 2090 fuisse,
578 2044 810 2096 praesertim
848 2056 940 2080 cum
967 2042 1119 2080 librarii
1151 2056 1232 2080 non
1264 2041 1432 2079 varient.
1490 2042 1600 2095 Ergo

174 2098 299 2149 magis
325 2096 506 2149 placebat
526 2093 706 2136 κοπάδια
722 2127 733 2146 ,
767 2104 806 2136 et
833 2097 964 2136 littera
991 2110 1023 2146 μ
1044 2111 1116 2150 pro
1136 2103 1232 2134 nolo
1249 2096 1492 2134 Graecorum
1512 2110 1600 2135 mo-

172 2164 217 2190 re
244 2152 417 2199 inserta,
447 2147 676 2201 κομπάδια,
697 2152 739 2190 id
771 2159 828 2190 est
872 2146 980 2203 ῥάκη
998 2179 1011 2200 ,
1061 2148 1190 2202 λάκη,
1220 2151 1403 2198 laciniae,
1440 2152 1599 2201 frusta.

172 2205 276 2244 Saue
302 2205 580 2260 compadiatim
607 2205 729 2245 habet
755 2205 906 2244 Paulus
933 2206 1136 2244 Diaconus
1163 2219 1236 2257 pro
1247 2206 1457 2254 ‚fi-ustacim
1469 2219 1484 2252 ‚·
1511 2205 1598 2243 vid.

172 2258 242 2298 Du
270 2260 403 2313 Gange
430 2273 472 2298 v.
496 2260 711 2314 Copadium
738 2268 776 2298 et
805 2259 1107 2314 Compadiacim.
1150 2260 1187 2298 A
1215 2256 1349 2297 κόπτω
1375 2259 1416 2298 id
1445 2261 1598 2309 venire,

172 2311 314 2367 liquet.
372 2316 522 2353 Mirum
548 2314 686 2366 procul
713 2315 836 2353 dubio
867 2313 1068 2353 nonnullis
1113 2313 1288 2359 accidet,
1318 2328 1382 2352 me
1411 2327 1494 2352 non
1520 2315 1598 2353 nisi

176 2368 395 2421 chiffones,
434 2368 655 2422 lampadia,
700 2368 906 2421 compadia
926 2399 936 2415 ‚
976 2368 1018 2406 id
1049 2376 1106 2407 est
1131 2369 1370 2422 pannuciam,
1399 2367 1563 2408 lacinias
1583 2398 1598 2418 ‚

176 2437 353 2477 crepare.
409 2423 512 2470 Sed,
558 2430 603 2462 ut
643 2422 794 2475 patebit
831 2423 950 2476 paulo
986 2430 1076 2475 post
1096 2453 1109 2473 ,
1148 2423 1349 2475 campagia
1385 2424 1450 2462 vix
1486 2422 1596 2462 aliud

174 2477 295 2530 quid,
331 2492 452 2532 quam
478 2478 659 2525 laciniae,
689 2484 816 2516 erant.
874 2478 1051 2527 Verum,
1080 2477 1176 2516 cedo
1204 2476 1384 2528 alteram,
1408 2478 1477 2516 ais.
1515 2478 1597 2517 Ec-

178 2557 282 2582 cam.
330 2535 384 2588 [43
400 2572 414 2593 ,
438 2543 545 2581 caba
561 2573 571 2590 ‚
604 2542 756 2582 filtrum
782 2541 926 2581 subtile
958 2549 997 2580 et
1015 2542 1141 2580 multa
1157 2550 1342 2595 paratum
1370 2549 1455 2582 arte
1482 2550 1597 2582 notat

178 2596 380 2637 Arabibus
405 2605 445 2637 et
469 2598 613 2636 Persis.
671 2597 885 2649 Campagia
921 2596 1026 2635 filtro
1053 2604 1166 2635 erant
1194 2597 1385 2637 confecta.
1442 2598 1594 2648 Quidni

178 2663 270 2703 ergo
312 2653 403 2691 inde
441 2653 643 2705 campagia
681 2665 934 2690 arcessemus.
990 2651 1093 2690 Sanc
1131 2652 1426 2691 terminationes
1462 2666 1598 2692 merae

179 2705 302 2746 videri
333 2714 489 2759 possent
520 2721 602 2747 esse
630 2702 748 2747 α’διον
770 2714 807 2746 et
838 2701 981 2758 ἅγιον,
1010 2713 1048 2746 et
1076 2714 1169 2746 sunt
1206 2720 1363 2760 quoque
1389 2709 1432 2747 in
1460 2706 1595 2747 multis
