1884 3132
298 118 410 175 682
590 138 663 178 10.
706 136 811 180 1Ac.
855 139 1049 179 REISKH
1090 137 1467 180 COMMENTARu

411 240 465 279 D.
487 255 524 282 2.
554 238 667 296 [57sp
690 241 754 296 m]
795 239 817 280 ὃ
861 241 991 295 μέγας
1023 238 1280 296 Πάμφυλος.
1359 243 1467 282 Puto
1501 244 1744 297 praefectum

302 297 421 336 fuisse
469 297 777 351 pam'pliylorum
798 326 810 348 ‚
857 305 896 337 et
958 298 1056 337 haec
1102 298 1320 352 pamphyla
1361 299 1521 352 navigia
1561 299 1746 339 vehentia

301 351 541 405 pamphylos
584 367 650 391 seu
713 353 859 392 milites
904 356 1087 392 nauticos
1117 368 1162 392 ex
1189 354 1375 393 omnibus
1403 353 1634 394 nationibus
1663 369 1745 394 non

304 408 492 456 Graecis,
523 414 567 446 ut
599 407 707 447 Italis
729 439 741 459 ‚
771 409 931 458 Russis‚
961 409 1130 458 Tamis,
1171 409 1377 448 Marda'ftis
1396 437 1408 459 ,
1439 408 1590 448 Sclavis
1613 415 1690 448 etc.
1732 431 1735 435 ·

411 463 465 501 D.
492 477 532 501 2.
564 462 680 518 [ἴῃ-9,
701 462 760 517 2.]
791 461 959 515 δόρκας.
1014 464 1133 502 Scala
1164 464 1204 502 iu
1234 466 1466 503 universum
1495 465 1647 515 omnia,
1677 463 1746 503 sed

303 529 516 582 praecipue
544 531 741 569 coriae-ea.
797 530 885 569 Vox
913 537 971 569 est
1001 529 1198 569 Arabicae
1224 531 1401 584 originis.
1425 574 1433 584 ι
1457 526 1546 586 ’8ξὸ
1587 529 1748 569 Damal-

303 594 370 634 vel
399 593 563 634 Dorcah
591 603 631 634 et
660 610 752 635 cum
790 597 1012 650 praeposito
1063 595 1231 636 articulo
1277 598 1323 636 al
1366 585 1500 652 ΚΞ)Μῖ
1549 595 1746 635 Addarca

304 650 412 689 idem
439 658 564 689 notat.
630 651 722 690 Non
770 659 828 690 est
864 653 983 707 pellis
1009 653 1193 700 cervina,
1226 659 1271 691 ut
1301 653 1469 691 vertitur
1499 651 1604 705 apud
1639 651 1746 690 Con-

304 706 466 745 stantin.
499 706 550 744 de
581 706 682 759 Imp.
724 706 874 746 admin.
916 722 958 760 p.
980 706 1049 746 81.
1069 707 1114 746 C.
1134 722 1199 761 7.;
1242 707 1324 746 vid.
1356 709 1516 760 Menag.
1549 707 1665 759 Orig.
1701 707 1747 747 L.

300 761 498 800 Franciae
528 775 568 799 v.
593 763 720 815 Targe
751 770 789 801 et
803 762 867 801 Du
885 762 1081 815 Cangium
1110 777 1148 802 v.
1172 763 1317 814 Targa.
1349 762 1452 801 Hinc
1477 762 1590 801 venit
1615 763 1656 800 in
1677 767 1746 800 no‘·

303 823 431 855 strum
461 831 685 856 sermonem
717 831 792 856 vox
827 818 867 856 T
861 820 1032 867 arache,
1073 818 1142 856 sed
1169 818 1289 857 bodie
1317 817 1518 866 obsoleta,
1550 817 1591 856 in
1619 816 1746 855 versi-

302 885 381 910 one
409 872 644 911 Germanica
674 872 895 911 Bibliorum
925 872 1056 911 adhuc
1084 880 1311 926 superstes3
1343 887 1384 911 v.
1413 871 1585 911 Frischii
1614 872 1748 910 Lexie.

303 927 438 966 Germ.
467 941 507 965 v.
528 928 726 978 Det-tsche,
756 936 795 967 et
812 929 878 966 Du
899 929 1090 980 Cangium
1120 942 1161 966 v.
1190 929 1230 966 T
1224 929 1362 978 estina,
1389 927 1457 965 ubi
1485 926 1616 966 locum
1639 926 1747 965 hune

303 995 327 1020 e
353 989 589 1022 testamento
616 984 718 1036 regis
762 984 958 1022 Rauiniiri
995 985 1035 1022 in
1069 983 1234 1022 historia
1280 982 1512 1021 Pinnatensi
1555 981 1743 1020 adducit:

300 1037 354 1075 de
390 1052 494 1076 meas
516 1047 643 1077 autem
666 1053 824 1087 armas,
871 1053 971 1093 quae
997 1038 1055 1076 ad
1085 1052 1252 1077 var-ones
1283 1036 1460 1092 [virilem
1491 1050 1629 1075 sexum
1649 1035 1744 1074 hae-

305 1091 495 1146 reditate]
520 1095 718 1147 pertinent
742 1116 798 1123 —
817 1103 971 1147 espatas
995 1102 1032 1132 et
1057 1093 1226 1131 adar-cas
1245 1102 1283 1131 et
1312 1093 1458 1146 gelmos
1491 1091 1553 1145 [id
1582 1098 1641 1130 est
1660 1092 1744 1130 ltel-

309 1161 418 1193 mos,
450 1147 633 1202 cassides]
663 1171 715 1178 —
744 1149 905 1187 demitto
939 1148 995 1187 ad
1010 1147 1152 1204 filiam
1187 1163 1313 1186 meum
1336 1147 1549 1187 Sanctium.

387 1202 480 1242 535.
506 1205 557 1243 A.
581 1218 620 1242 2.
653 1202 770 1258 [579‚
788 1202 849 1257 9.]
880 1199 1172 1255 συστημάτων.
1234 1201 1411 1256 Collegia
1438 1201 1594 1240 urbana
1621 1200 1745 1239 artifi-

304 1271 397 1296 cum
424 1264 463 1297 et
500 1258 686 1311 opificum
713 1259 892 1311 designat
911 1289 921 1304 ‚
961 1265 1007 1297 ut
1040 1264 1307 1297 mercatorum
1325 1288 1336 1306 ‚
1368 1257 1576 1296 aurificum
1593 1285 1605 1307 ,
1633 1263 1745 1294 suto-

305 1326 423 1363 rum,
457 1321 656 1352 sartorum
689 1321 728 1353 et
762 1314 933 1352 aliorum
968 1313 1122 1352 talium.

385 1368 440 1407 A.
464 1368 505 1420 4.
537 1368 659 1424 [579‚
703 1367 789 1422 11.]
837 1364 1063 1408 πλατώνια.
1135 1368 1195 1407 Ita
1236 1368 1380 1421 scripta
1431 1366 1473 1405 in
1503 1365 1748 1405 membranis

303 1423 370 1462 hie
414 1431 500 1464 erat
544 1431 583 1462 et
630 1424 751 1464 semel
776 1431 845 1462 aut
871 1424 931 1463 bis
969 1424 1154 1476 deinceps
1187 1423 1285 1462 hacc
1314 1437 1404 1461 vox.
1464 1421 1634 1460 inferius
1673 1435 1746 1460 au-

302 1485 384 1517 tem
412 1480 464 1522 D.
485 1479 526 1519 6.
559 1487 598 1518 et
639 1495 678 1533 p.
701 1481 795 1533 570.
820 1480 867 1518 C.
892 1479 931 1520 5.
963 1481 1092 1532 reperi
1118 1481 1159 1518 in
1200 1477 1441 1517 membranis
1477 1477 1622 1515 nostris
1639 1477 1746 1514 πλα-

302 1531 458 1574 τάνιον.
515 1535 685 1574 Reddidi
721 1535 869 1587 ubique
902 1541 941 1573 et
966 1536 1007 1573 in
1038 1535 1199 1573 Graecis
1221 1541 1260 1572 et
1285 1534 1324 1572 in
1351 1532 1504 1571 Latinis
1535 1531 1639 1570 hanc
1670 1544 1744 1570 vo·-

302 1603 390 1628 cem
429 1589 748 1644 qualemqualem
779 1590 900 1629 codex
942 1589 1087 1639 dabat,
1133 1590 1286 1628 nescius
1313 1595 1404 1626 utra
1441 1587 1559 1626 lectio
1604 1585 1746 1624 melior

303 1651 344 1682 et
371 1646 477 1684 unde
506 1645 738 1685 (leriVssnda.
777 1641 1022 1685 Πλατάιίον
1049 1646 1169 1698 possit
1190 1643 1296 1683 vela
1327 1643 1477 1696 platani
1496 1641 1600 1680 foliis
1621 1641 1747 1680 intex—

302 1700 352 1738 tis
392 1701 542 1739 dictum
574 1701 693 1740 fuisse
717 1701 844 1740 videri
867 1731 878 1751 ⁷
924 1700 988 1740 vel
1022 1696 1104 1738 α’πό
1134 1698 1216 1738 τῶν
1242 1696 1437 1748 πλατῶν,
1466 1697 1579 1750 quasi
1604 1710 1745 1750 scapu-

304 1756 390 1793 lare
425 1756 489 1795 vel
518 1758 715 1795 humerale
766 1756 916 1795 fuisset.
987 1754 1168 1794 Alteram
1199 1763 1297 1793 vero
1332 1753 1541 1791 lectionem
1573 1751 1606 1790 si
1628 1764 1745 1804 prae·
1795 1747 1803 1760 '

304 1810 420 1857 feras,
451 1813 575 1864 possis
603 1812 654 1851 ab
690 1813 844 1850 intextis
870 1810 1070 1864 platoniis‚
1101 1811 1176 1849 hoc
1201 1816 1261 1847 est
1283 1808 1409 1848 damis
1428 1806 1490 1847 vel
1511 1806 1653 1855 cervis,
1679 1819 1746 1845 re·-

303 1873 468 1920 petere3
509 1867 590 1906 vid.
612 1868 679 1906 Du
701 1867 895 1920 Cangium
918 1881 956 1905 v.
983 1864 1244 1905 Πλαταὶνιον.

414 1923 466 1960 Α.
494 1936 558 1962 ιι.
600 1921 831 1978 [579,16.]
876 1917 1150 1972 Τουλμάτζοι.
1215 1918 1418 1959 Videntur
1463 1917 1602 1957 iidem·
1626 1923 1746 1969 atque

305 1976 521 2016 Dalmatae
551 1992 659 2028 esse3
689 1992 789 2031 quos
817 1977 997 2016 novellae
1025 1975 1207 2028 publicae
1229 1975 1383 2027 saepius
1402 1975 1634 2026 nuperrimo
1660 1969 1746 2010 bel-

304 2031 345 2071 lo
388 2034 549 2072 nomine
590 2034 629 2072 T
624 2034 910 2086 alpatsclzoram
948 2031 1139 2070 citabant.
1197 2030 1290 2079 Quo
1319 2029 1470 2069 accedit
1496 2027 1660 2081 propius
1685 2024 1745 2064 al-

303 2093 389 2125 tera
415 2088 531 2128 lectio
562 2088 682 2142 paulo
712 2096 800 2141 post
817 2089 862 2126 B.
885 2085 927 2138 4.
966 2099 1178 2125 occurrens
1227 2080 1496 2134 Ταλμάτζιοι.
1528 2083 1747 2134 Utramque

303 2144 588 2195 scriptionem,
620 2143 778 2197 qualem
801 2143 843 2181 in
879 2141 1121 2181 membranis
1159 2140 1319 2187 inveni,
1351 2137 1614 2178 exhibendam
1634 2136 1743 2175 duxi.

413 2199 455 2239 B.
477 2213 516 2237 2.
544 2197 667 2252 [579,·
687 2197 769 2252 ¹9.]
799 2193 844 2237 τὸ
875 2194 1069 2248 πάχωμα.
1126 2195 1300 2234 Videtur
1316 2190 1360 2234 τὸ
1390 2189 1530 2245 παχύ,
1560 2204 1742 2238 crassum,

286 2252 402 2302 faex
424 2284 434 2300 ‚
469 2269 630 2292 amurca
654 2253 778 2294 veluti
804 2252 932 2306 plebis
959 2254 1139 2291 nauticae
1165 2264 1265 2290 esse.

416 2309 460 2347 B.
485 2323 544 2347 10.
576 2308 690 2363 [580‚
714 2308 774 2363 2.]
816 2302 1028 2361 ὄλόφωτα.
1101 2305 1272 2345 Reddidi
1301 2319 1346 2344 ex
1372 2304 1598 2343 coniectura
1618 2299 1743 2339 wahe-5

303 2361 363 2400 ad
402 2364 526 2402 instar
558 2366 729 2403 crza-ium
763 2364 908 2416 saccae
922 2392 933 2414 ‚
968 2362 1266 2416 dependentibus
1302 2357 1575 2415 polyfcandelz's
1609 2355 1745 2417 gravi:

303 2417 395 2454 dae·
463 2419 526 2458 De
554 2418 632 2458 hoc
674 2433 817 2473 genere
861 2417 1118 2456 luminarium
1137 2431 1177 2457 v.
1213 2416 1282 2455 Du
1309 2415 1503 2467 Cangium
1537 2407 1746 2472 aid-Paulli

306 2471 522 2512 Silentiarii
553 2474 774 2528 Ecphrasin
798 2489 840 2527 p.
869 2472 962 2512 558.
1008 2479 1048 2511 et
1073 2471 1168 2526 559.
1226 2470 1305 2510 Sed
1342 2482 1462 2523 quem
1490 2467 1546 2506 ibi
1572 2471 1666 2504 citat
1684 2463 1745 2502 lo-

307 2539 399 2566 cum
416 2528 550 2567 Paulli
573 2544 655 2568 non
681 2537 787 2568 recte
813 2529 934 2581 cepit.
986 2526 1061 2567 Est
1087 2534 1189 2581 part.
1219 2527 1273 2565 ΙΙ.
1301 2539 1339 2565 v.
1356 2522 1474 2576 44o.=.

463 2593 528 2641 ’Eg
557 2594 602 2634 δὲ
629 2593 743 2645 βαθὺ
773 2593 971 2646 κρηπῖδος
998 2592 1188 2633 ἐδέθλιον
1215 2587 1324 2642 ἁδροὶ
1352 2585 1512 2650 νοὴσξις

470 2645 679 2700 δούρατα,
711 2649 942 2700 ὃικραίροιο
970 2648 1099 2698 μέσον
1125 2641 1359 2700 τροχάοντα
1380 2640 1577 2692 σιδηρου,

470 2696 529 2740 ὦν
559 2700 626 2742 ἔπι
657 2700 874 2756 νηοπόλοιο
903 2699 1065 2756 φάλαγξ
1095 2699 1371 2740 διανεάῖσεται
1407 2691 1549 2747 αἴγλης

471 2753 692 2810 ἰθυηόροις
720 2755 964 2801 κανόνεσσιν
993 2754 1306 2810 §peu-‘mevam
1337 2750 1520 2793 δεθεῖσα.
