1832 3126
182 10 194 36 t

159 174 235 219 An
272 174 571 219 coNs‘rm.
612 173 810 218 ponpa.
846 175 918 216 DE
959 173 1140 216 cmm.
1180 175 1278 215 Lm.
1320 175 1354 223 1-
1411 153 1516 211 165

79 278 188 334 q'uod
216 291 319 333 prae
349 292 442 318 sura
476 286 552 326 est,
585 272 899 329 ἀντιπρόσωπον
917 276 1050 324 navis,
1081 276 1196 329 quasi
1227 275 1336 316 dicas
1362 277 1518 328 antefiz-

74 335 176 381 cies,
207 340 267 372 est
295 347 441 386 prora,
471 333 527 372 sic
555 332 662 371 dicta
690 331 798 384 apud
824 331 1124 369 Artemidorum
1148 345 1191 384 p.
1221 344 1311 370 110.
1343 331 1430 380 33„
1458 345 1516 372 r&

71 395 208 441 spectu
232 388 345 428 faciei
374 388 630 440 posterioris,
671 385 736 424 vel
758 386 956 438 posticae,
1001 386 1144 438 puppis
1176 399 1333 440 nempe.
1392 385 1516 439 Apud

75 442 242 482 Suidam
291 443 445 482 auctori
483 441 602 481 alicui
637 442 846 480 recentiori
886 437 1227 491 ἅντιπαρατούρα
1265 448 1325 480 est
1350 450 1515 496 antepa-

74 506 234 546 mama,
256 499 527 553 pmeparatzb.
585 496 679 535 Pari
707 495 825 534 modo
856 495 990 533 Latini
1024 495 1211 534 dicebant
1233 497 1423 551 antictput
1437 510 1514 550 pro

77 553 273 606 sincipite.
313 552 367 591 V.
392 553 460 591 Du
482 552 617 602 Gange
642 550 684 589 h.
717 563 759 589 v.
789 556 828 588 et
851 551 1029 597 amiani,
1062 550 1116 588 les
1143 552 1324 601 anciens,
1353 564 1429 603 pro
1448 565 1515 591 an-

73 609 242 646 teriores
261 613 389 646 aetate
403 635 416 657 ‚
444 612 484 645 et
504 608 688 659 antigena
702 634 714 652 ‚
744 618 818 658 pro
848 611 941 642 ante
962 611 1058 642 nato
1077 633 1088 653 ‚
1118 605 1227 643 unde
1254 612 1364 657 patet
1385 606 1514 647 Grae-

71 662 130 701 cis
154 660 244 703 illos
263 660 510 710 liberorum,
538 663 608 713 qui
642 667 739 698 natu
773 661 943 698 maiores
969 665 1124 708 essent,
1166 653 1444 711 Ἀντιγόνους
1470 668 1512 703 et

65 710 318 767 Ἀντιγόνας
342 715 463 754 filisse
482 715 635 766 dictos3
665 715 894 766 antilogium
907 742 919 762 ‚
949 728 1023 766 pro
1049 714 1295 766 praefatione
1309 743 1321 764 ‚
1350 717 1438 754 anti
1462 731 1511 755 a·

30 815 34 819 ,
71 771 149 809 ries
170 784 247 824 pro
270 769 536 820 antemurali,
585 769 785 824 antipedes
812 782 886 822 pro
914 768 1198 820 praeeuntibus
1211 799 1222 815 ‚
1263 730 1511 823 antzpodgcm

69 838 146 878 pro
170 824 300 864 fulcro
335 826 526 864 anteriori
541 856 552 873 ‚
593 827 770 879 antisper·
803 832 843 863 et
869 825 1057 862 anti-secus
1084 838 1159 879 pro
1176 830 1304 872 ante,
1352 820 1511 878 ἔμπρο-

70 879 184 922 σθεν,
238 880 390 919 Notum
417 894 498 933 quo
556 895 578 919 e
604 878 848 919 vocabulum
876 881 1047 918 antistes.

93 949 98 955 ·
179 935 226 976 Β.
251 949 290 990 7.
313 934 402 989 [66,
418 934 478 990 8.]
559 932 774 987 βασιλεῦς.
830 935 888 974 Μ.
921 928 1003 985 ὅ,τε
1022 930 1235 986 βασιλεύς.

1048 999 1071 1021 *ι’

114 1031 117 1034 ’
180 1036 408 1092 B.u1t.[66‚
431 1034 512 1090 13.]
542 1035 779 1088 κατέχοντα.
808 1035 867 1075 Μ.
898 1034 1096 1086 κατέχον,
1126 1034 1234 1074 unde
1261 1036 1395 1076 statim
1422 1035 1509 1077 effi-

68 1092 106 1131 ci
148 1090 342 1132 debuerat
382 1091 650 1143 rurigenae,
697 1090 808 1144 quod
852 1091 895 1128 in
930 1090 1151 1143 marginem
1199 1091 1393 1130 reiectum
1429 1091 1509 1133 fuit

67 1153 262 1201 tanquam
289 1147 514 1188 emendatio
541 1147 630 1186 vitii
645 1176 657 1195 ‚
693 1146 802 1199 quod
830 1145 994 1184 librario
1023 1152 1129 1184 certe
1157 1159 1238 1184 non
1266 1145 1448 1197 debetur.

178 1202 226 1241 C.
246 1203 287 1243 5.
321 1202 407 1256 [66‚
432 1201 514 1253 15.]
544 1198 603 1252 μή
632 1199 846 1246 πίπτοντες
884 1196 954 1241 διὰ
994 1196 1071 1252 τὴν
1110 1196 1355 1242 ἀνάστασιν.
1411 1202 1507 1247 Non

67 1254 213 1303 licebat
253 1259 539 1311 Imperatorem
577 1256 718 1295 diebus
754 1256 861 1294 festis
901 1254 1122 1294 maioribus
1159 1262 1199 1294 et
1226 1255 1436 1297 dominicis
1461 1259 1506 1298 in
1574 1276 1578 1278 Δ

145 1312 249 1352 ubus
275 1320 346 1351 aut
372 1312 486 1351 humi
524 1312 719 1350 iacentem
746 1311 929 1350 adorare.
986 1309 1081 1349 Vid.
1113 1309 1165 1349 ad
1191 1324 1232 1364 p.
1260 1308 1354 1364 240.
1387 1312 1435 1352 C.
1459 1311 1503 1353 6.

82 1383 86 1397 1
176 1367 232 1406 D.
251 1366 292 1406 8.
343 1367 414 1422 67,
467 1361 631 1419 .]‘'O‚.‘›'
656 1364 790 1418 ἡνίκα.
826 1366 885 1404 Μ.
918 1359 984 1404 ὅτι
1012 1362 1147 1417 ἡνίκα.

85 1438 91 1442 ·
121 1420 177 1460 1).
196 1435 298 1475 pen.
333 1421 403 1475 67,
425 1382 486 1475 ἅ]
508 1421 553 1460 ἐν
577 1423 661 1467 τοῖς
676 1417 1030 1472 κατηχουμενιόις.
1061 1419 1372 1460 Catechumenia
1390 1427 1507 1462 erant

67 1476 247 1529 porticus
284 1478 505 1529 superiores
542 1475 621 1514 tria
658 1475 844 1514 ecclesiae
872 1474 996 1513 latera
1024 1474 1242 1514 ambientes
1260 1505 1273 1526 ‚
1316 1475 1502 1526 boreale,

67 1530 310 1570 occidentale
335 1538 376 1570 et
403 1529 575 1570 australe
590 1558 603 1579 ‚
645 1530 700 1568 ita
727 1537 774 1568 ut
803 1529 878 1568 sub
906 1535 1019 1581 parte
1046 1529 1280 1568 occidentali
1308 1530 1475 1569 narthex
1489 1561 1504 1583 ,

67 1584 146 1624 sub
171 1593 285 1639 parte
320 1585 470 1624 boreali
508 1591 548 1623 et
574 1583 737 1623 australi
764 1591 897 1622 autem
925 1584 1101 1635 porticus
1136 1585 1316 1622 virorum
1349 1593 1504 1636 essent3

66 1641 156 1693 ipsa
181 1640 480 1680 catechumenia
501 1645 614 1678 erant
641 1639 757 1677 statio
785 1637 1014 1684 mulierum,
1045 1637 1203 1677 illarum
1220 1653 1376 1692 nempe,
1399 1654 1506 1692 quae

65 1695 112 1734 in
151 1694 209 1749 τῷ
234 1693 447 1749 γυναικίτῃ
475 1708 557 1733 non
584 1693 778 1732 sederent.
837 1693 940 1732 Sunt
968 1694 1088 1745 igitur
1116 1693 1234 1744 illud,
1265 1693 1375 1746 quod
1401 1707 1503 1747 nos,

67 1763 93 1789 a
119 1750 263 1789 Latina
289 1763 388 1789 voce
414 1751 589 1804 portl'cus
626 1749 670 1789 in
702 1748 875 1787 deterius
910 1748 1079 1786 formata
1106 1747 1198 1796 alia,
1238 1748 1504 1790 Boorkimhen

66 1804 314 1858 appellamus
327 1834 339 1852 ‚
388 1805 502 1857 quasi
541 1804 648 1843 dicas
692 1804 872 1842 ecclesiae
897 1804 1071 1857 portic-us
1081 1817 1098 1853 ‚-
1144 1817 1336 1843 converso
1366 1810 1503 1844 tamen

66 1873 158 1898 usu.
215 1860 526 1900 Catechumenia
563 1873 685 1912 penes
722 1873 795 1898 nos
831 1859 907 1897 viri
939 1864 1135 1910 occupant
1149 1887 1160 1905 ‚
1201 1872 1321 1910 penes
1349 1866 1503 1899 veteres

65 1914 258 1954 tenebant
289 1914 516 1964 foeminae3
562 1914 735 1953 fundum
773 1912 959 1952 ecelesiae
996 1926 1066 1950 seu
1107 1913 1243 1951 navim
1282 1913 1504 1965 implebant

67 1968 165 2008 olim
192 1970 268 2009 viri
286 1998 299 2020 ,
327 1969 448 2008 hodie
475 1969 658 2008 obsident
685 1969 895 2008 foeminae.
952 1966 1254 2006 Ascendebatur
1281 1982 1304 2007 e
1331 1968 1504 2008 Narthe-

42 2071 44 2073 ‚
67 2037 114 2062 ce
139 2038 213 2077 per
241 2024 445 2064 cochleam
472 2026 515 2063 in
543 2024 874 2070 Catechumenia‚
921 2029 960 2061 et
987 2022 1161 2060 habebat
1195 2023 1416 2075 Imperator
1443 2023 1501 2064 ibi

66 2081 320 2118 metatoriam
337 2110 348 2128 ,
377 2082 419 2119 in
438 2093 519 2132 quo
537 2080 762 2118 metabatur
778 2108 790 2128 ‚
821 2078 862 2117 id
883 2085 941 2117 est
957 2077 1098 2130 agebat
1114 2106 1126 2127 ‚
1155 2076 1346 2116 haerebat
1359 2109 1371 2126 ,
1401 2078 1501 2118 dum

66 2147 180 2172 sacra
217 2134 357 2173 fierent
371 2164 383 2181 ,
423 2142 462 2173 et
490 2135 562 2187 ipsi
590 2135 641 2173 ad
669 2136 877 2172 introitum
914 2134 955 2170 in
984 2132 1206 2179 tribunam,
1251 2133 1302 2172 ad
1330 2146 1501 2185 evange-

64 2186 167 2227 lium
193 2189 436 2231 audiendum
450 2218 462 2238 ‚
502 2190 554 2228 ad
581 2189 881 2242 obsequendum
910 2188 1031 2226 sacris
1058 2188 1099 2224 in
1126 2188 1294 2225 introitu
1321 2189 1496 2236 maiore,

65 2242 119 2282 ad
149 2242 316 2296 Agapen
350 2243 549 2295 dandam,
590 2251 632 2284 et
671 2245 723 2283 ad
760 2244 1081 2283 communionem
1121 2242 1388 2295 accipiendam
1417 2257 1499 2283 non

65 2304 166 2337 esset
192 2298 488 2352 procedendum
504 2329 514 2347 ‚
563 2299 631 2338 sed
660 2313 802 2338 vacare
833 2298 969 2337 liceret
996 2304 1065 2335 aut
1093 2296 1335 2349 hymnorum
1362 2304 1498 2337 canta-

66 2352 192 2402 tioni,
223 2360 293 2392 aut
326 2352 527 2392 homiliae·
542 2354 834 2394 auscultationi.
894 2352 1143 2392 Adiunctum
1173 2359 1258 2391 erat
1281 2351 1339 2391 illi
1371 2359 1497 2392 meta-

64 2409 171 2446 torio
194 2407 412 2447 triclinium
426 2438 436 2455 ‚
467 2411 510 2451 in
536 2423 618 2461 quo
644 2408 883 2462 epulabatur
898 2438 909 2459 ‚
949 2408 1104 2459 quotics
1131 2406 1302 2458 placeret
1330 2409 1373 2446 in
1392 2414 1497 2447 tem-

64 2461 134 2514 plo
160 2476 323 2502 manere
337 2493 348 2511 ‚
394 2477 525 2516 neque
550 2464 715 2503 domum
746 2465 797 2503 ad
823 2463 1037 2516 prandium
1068 2464 1214 2500 reverti
1234 2477 1246 2511 ς
1291 2469 1333 2502 et
1355 2469 1468 2502 coeto
1481 2492 1493 2510 ‚

64 2515 137 2555 ubi
154 2517 334 2557 dormire
356 2525 512 2570 poterat
524 2548 535 2566 ‚
565 2519 597 2557 si
618 2521 753 2572 quain
772 2518 935 2557 ecclesia
953 2522 1186 2569 pernoctare
1204 2516 1339 2556 vellet.
1394 2516 1499 2556 Mul·

65 2577 108 2609 ta
135 2571 187 2610 de
222 2572 283 2610 his
317 2572 635 2613 Catechumeniis
668 2575 735 2612 Du
773 2574 904 2626 Cange
943 2571 994 2610 ad
1026 2569 1199 2610 Paulum
1227 2571 1428 2611 Silentiar.
1457 2579 1499 2612 et

68 2624 169 2664 CPli
197 2626 296 2665 Chr.
328 2628 376 2666 L.
404 2628 499 2677 111„
525 2629 620 2666 item
646 2628 775 2666 Gloss.
800 2629 942 2665 Graec.
970 2633 1008 2664 et
1034 2623 1116 2664 alii.
1174 2627 1236 2665 De
1263 2627 1496 2680 appellatio-

11 2727 16 2731 ¹
70 2678 132 2716 nis
161 2681 314 2720 ratione
334 2681 456 2721 verbo
483 2683 612 2720 adhuc
636 2683 850 2720 dicendum
870 2687 1062 2734 superest.
1121 2681 1163 2720 Si
1185 2688 1339 2720 certum
1367 2689 1492 2728 esset,

68 2731 164 2775 olim
186 2735 228 2775 in
245 2738 369 2777 veteri
395 2736 558 2777 ecclesia
578 2737 891 2778 Catechumeuos
917 2736 972 2776 ibi
1001 2737 1153 2778 stetisse
1166 2767 1178 2785 ‚
1218 2743 1347 2790 posset
1369 2736 1498 2779 videri
