1832 3126
156 242 231 288 An
274 240 570 287 CONSTANT.
612 239 809 282 ponpa.
850 238 922 280 DE
961 237 1142 281 cmm.
1181 238 1279 279 Lm.
1320 238 1353 278 1.
1414 217 1518 274 163

80 362 119 387 c.
146 347 214 386 31.
274 345 440 385 Talibus
478 343 596 383 discis
630 342 867 397 plerumque
906 341 1096 395 imagines
1126 340 1274 380 Christi
1313 354 1404 380 cum
1436 342 1518 381 suis

81 399 286 455 discipulis
306 400 463 440 Pascha
487 398 724 438 celebrantis
748 397 969 450 insculptae
996 403 1124 436 crant.
1181 397 1348 435 Ioannes
1376 397 1518 435 Dama-

81 471 224 497 scenus
248 457 289 494 in
315 454 547 520 Synodica
552 455 604 493 ad
606 451 902 518 Theophilum
932 453 1110 515 Imper.:
1140 448 1217 490 ’1632-
1244 449 1295 490 τὰ
1324 447 1418 505 ἱεροὶ
1441 446 1520 490 αὖ-

80 513 159 552 τοῦ
186 508 477 577 οἷναθηματα,
499 505 575 555 τὰς
602 503 721 560 ἱερὰς
749 502 951 557 ἐνδυτὰς,
986 502 1038 546 τὰ
1067 502 1166 571 ἱερὰ
1188 502 1328 571 σκεύη
1381 500 1521 558 ψηλά-

83 578 217 621 φησον
242 578 313 604 και
341 562 405 603 ἰδὲ
432 557 506 603 τὸν
531 561 729 629 μέγιστον
758 560 893 601 αὐτοῦ
921 559 1088 610 δίσκον,
1126 559 1187 606 εἰς
1215 555 1341 614 ὅνπεο
1371 561 1520 624 ἐγκαυ-

82 622 236 666 στικοῖς
261 612 615 685 καλλιεργήμασιν
643 615 667 655 ὅ
689 612 891 680 μυστικὸς
915 628 988 654 του
1008 614 1204 669 Χριστοῦ
1232 615 1396 663 δεῖπνος
1412 612 1519 668 μετὰ

81 675 164 715 τῶν
191 669 353 713 δωδεκα
381 669 621 711 ἀποστόλων
648 667 931 735 ἐγκεκόλαπτο.

140 730 208 784 59.
227 729 282 768 D.
303 725 345 779 4.
367 725 458 790 [65,
476 741 516 782 9.
508 725 541 781 ΓΙ
567 722 842 766 ὗπαλλάσσει.
870 726 1076 779 Frequens
1096 726 1266 765 verbum
1282 727 1359 767 hoc
1374 726 1522 766 Nostro

83 790 144 824 est
162 794 238 838 pro
258 776 538 832 ἀπαλλάσσει,
558 782 741 850 deponit,
770 782 893 820 eoezu't.
952 782 1142 834 Utroque
1159 783 1303 821 utitur.

23 841 27 845 ’
190 837 300 877 Ibid-
323 835 412 891 [65‚
434 835 499 892 9.]
529 834 605 888 τῆς
631 835 753 883 θείας
779 835 1041 889 λειτουργίας
1067 837 1338 890 τελεσθείσης.
1392 837 1522 876 Debet

83 893 327 934 vocabulum
351 891 535 946 liturgiae
563 892 630 931 hic
652 891 730 930 loci
757 893 931 930 strictius
952 892 1075 944 accipi
1105 905 1177 944 pro
1200 891 1278 931 illis
1310 894 1521 943 omnibus,

83 962 186 1003 quae
218 947 507 987 confectionem
545 948 781 986 sacramenti
814 953 854 985 et
889 947 1097 985 introitum
1137 947 1329 987 maiorem
1366 956 1524 987 antece-

83 1005 202 1043 dunt.
259 1001 372 1042 Alias
418 998 652 1065 λειτουργία
690 1004 733 1040 in
765 1002 893 1054 specie
924 1001 974 1040 de
1007 1001 1253 1041 confectione
1289 1004 1598 1044 sacramentiEd.
1611 1004 1646 1039 L
1661 1004 1705 1039 52

85 1065 328 1125 usurpatur,
357 1057 466 1110 quod
498 1057 530 1096 si
551 1057 651 1096 velis
677 1058 797 1095 etiam
823 1057 890 1095 hic
911 1056 1118 1108 obtinere,
1149 1059 1426 1111 accipiendum
1451 1061 1526 1097 crit

85 1112 344 1164 τελεσθείσης
382 1126 457 1166 pro
484 1111 612 1151 adhuc
638 1112 910 1168 corfideMa,
950 1112 1132 1152 nondum
1164 1113 1372 1154 confecta.
1418 1114 1526 1169 quod

85 1169 226 1208 dubito
248 1180 347 1207 num
370 1167 574 1221 procedat.

193 1224 249 1262 D.
278 1221 545 1277 5.[65,10.]
592 1221 854 1275 διέρχεσθαι.
906 1222 943 1262 E
975 1223 1139 1262 tribuna
1165 1234 1308 1278 nempe
1343 1239 1416 1278 per
1450 1224 1528 1263 Na-

87 1279 171 1319 vim
191 1277 363 1317 transire
382 1285 423 1317 et
446 1291 550 1331 pone
571 1277 797 1316 Ambonem
825 1276 956 1316 redire
988 1277 1124 1330 illinc,
1153 1280 1261 1318 unde
1288 1287 1498 1320 venenant.

197 1333 253 1372 D.
273 1331 315 1372 8.
339 1331 431 1387 [65,
455 1331 544 1386 τι]
572 1329 618 1371 τὸ
649 1332 815 1385 κηρίον,
843 1326 971 1385 ἤγουν
997 1331 1022 1385 ἦ
1052 1331 1234 1384 λαμπὰς.
1289 1335 1396 1389 Eigo
1425 1335 1528 1374 idem

90 1395 150 1428 est
180 1401 309 1427 cereus
336 1395 376 1427 et
399 1388 579 1443 lampas,
610 1387 742 1427 saltim
769 1388 876 1441 apud
894 1389 1068 1427 Graecos
1092 1403 1172 1428 nov
1175 1403 1232 1428 os.
1292 1390 1410 1429 Conf.
1436 1404 1528 1449 pag.

88 1441 519 1550 {goseliossulietLiixigd
543 1442 776 1536 gffssggrssag
801 1439 1532 1563 ἓὶὲῗεΙηξζὲῃοοκηὲοςξηὲἕὲωοιιιὲῖιεῗ

90 1563 162 1598 νος
186 1552 261 1591 τοῦ
286 1552 466 1601 μέλιτος.
508 1549 701 1602 λαμπας,
748 1549 774 1603 ἧ
803 1550 848 1589 ἐκ
870 1547 1019 1591 τούτου
1044 1553 1404 1604 κατεσκευασμένη
1426 1549 1532 1605 πρὸς

92 1604 139 1646 τὸ
169 1604 347 1660 φαίνειν.
389 1606 514 1644 Goar.
542 1606 594 1644 ad
619 1605 761 1644 Codin.
778 1620 832 1668 p.
862 1607 953 1656 104.
980 1621 1024 1645 n.
1051 1620 1113 1645 11
1138 1607 1298 1646 nullum
1322 1607 1432 1646 aliud
1458 1609 1530 1647 dis-

91 1661 242 1701 crimen
267 1662 370 1699 inter
398 1655 599 1721 λαμπάδα
626 1668 666 1699 et
687 1655 815 1712 κηοὸν
837 1663 1012 1713 agnoscit
1027 1690 1039 1711 ‚
1078 1673 1199 1714 quam
1222 1663 1328 1701 iuter
1358 1677 1532 1702 commu-

93 1731 187 1756 nem
213 1722 254 1754 et
284 1718 388 1754 inter
418 1717 609 1754 maiorem
638 1722 802 1768 arteque
827 1717 1078 1768 exquisitiore
1105 1725 1308 1770 comptum
1341 1731 1528 1765 cereum,

94 1783 268 1825 quorum
296 1769 363 1809 hic
386 1770 652 1824 Imperat01i‚
692 1770 784 1808 illae
806 1771 950 1809 turbae
971 1771 1194 1811 aulicorum
1221 1772 1530 1812 distribuantur.

94 1827 152 1866 At
177 1826 310 1865 Latini
331 1825 461 1864 aliter.
516 1825 642 1864 Treb.
675 1825 805 1863 Pollio
839 1825 990 1864 Histor.
1021 1826 1127 1879 Aug.
1157 1827 1287 1867 T.11.
1317 1842 1410 1881 pag.
1436 1830 1530 1867 203.

93 1895 220 1920 cereos
245 1889 286 1919 et
309 1880 512 1936 lampades
543 1882 585 1919 in
607 1882 914 1935 processronibm
949 1889 994 1919 ut
1025 1881 1181 1920 diversa
1211 1890 1421 1922 memorat.
1478 1884 1533 1921 Et

94 1938 150 1975 sic
161 1949 337 2002 quoq-ue
364 1935 467 1974 Acta
489 1934 533 1974 S.
561 1935 741 1974 Silvestri
763 1936 869 2004 apud
900 1937 965 1974 Du
987 1936 1170 1989 Cangel.
1193 1951 1228 1976 c.
1259 1934 1365 1986 μετὰ
1396 1939 1532 1989 κηρῶν

96 2005 166 2030 και
193 1988 426 2040 λαμπάδων
452 1989 551 2044 τῃδε
579 1988 746 2029 κάκεῖσε
777 1990 1084 2040 ανατῑτοιιένων.
1142 1992 1331 2031 Attamen
1357 1993 1532 2055 Antipa-

97 2053 159 2085 ter
185 2045 574 2096 Thessalonicensis,
612 2047 683 2098 qui
705 2047 740 2084 Γ
746 2046 807 2084 ib
795 2047 869 2084 rio
901 2047 1068 2085 Caesare
1103 2045 1262 2095 floruit,
1305 2043 1472 2097 λαμπας
1497 2054 1538 2086 et

66 2097 69 2098 ⁷
99 2101 245 2153 κηρίον
270 2108 310 2139 et
331 2095 484 2151 λύχνος
513 2114 586 2153 pro
618 2101 759 2140 eodem
785 2101 907 2140 habet
934 2101 1155 2168 Antholog.
1187 2102 1241 2140 H.
1273 2102 1410 2155 Stcph
1441 2111 1532 2167 pag.

100 2155 196 2220 426.
217 2169 255 2194 c.
276 2155 348 2194 fin.
365 2156 420 2193 sic
438 2155 602 2194 dicensz
634 2154 834 2205 λαμπάδα
855 2154 1143 2208 κηροχίτωνα,
1173 2153 1323 2209 κυάνου
1332 2158 1538 2210 τυφηρεα

98 2206 265 2261 λύχνον.
321 2210 376 2248 Et
397 2209 582 2249 Codiuo
571 2212 643 2262 ipsi
672 2207 842 2260 λαμπας
871 2211 990 2249 modo
1020 2219 1078 2250 est
1106 2211 1257 2264 lampas
1279 2225 1372 2249 cum
1387 2212 1475 2251 oleo
1497 2220 1538 2251 et

103 2263 333 2319 ellychnio,
361 2265 482 2303 modo
502 2279 655 2304 cereus.
714 2267 811 2305 Vid
833 2267 883 2304 de
912 2265 1032 2304 Offic.
1062 2281 1139 2319 pag
1145 2267 1250 2320 ..96
1270 2281 1312 2304 n.
1337 2279 1378 2305 2.
1401 2266 1536 2306 collat.

102 2334 144 2373 p.
169 2319 239 2359 85.
258 2334 302 2358 n.
338 2318 400 2370 14.
456 2320 512 2359 Et
538 2334 653 2359 versa
682 2322 768 2359 vice
798 2321 997 2360 Iuvenalis
1026 2282 1230 2360 capndelam
1257 2335 1329 2373 pro
1357 2319 1539 2385 lampade

102 2375 226 2422 dixit,
268 2376 311 2413 in
338 2373 408 2413 illo
435 2373 569 2429 Satyr.
597 2375 674 2414 Vl.
703 2375 827 2428 digito
854 2376 1057 2414 candelam
1094 2385 1283 2431 temperat
1299 2407 1311 2427 ,
1367 2375 1540 2429 προβὺει

101 2442 148 2469 το
175 2428 274 2469 ε’λλιὶ
308 2442 403 2469 νιον.

217 2443 603 2538 D.7i11t.[65,16.]
618 2480 840 2536 ὄψικευων.
901 2486 1143 2542 Obseryuem,
1189 2485 1298 2539 quod
1341 2485 1541 2526 videretur

106 2540 382 2592 praecedentia
421 2553 532 2578 sacra
570 2554 673 2592 pone
703 2549 932 2594 sequentem
959 2549 1113 2580 notare.
1170 2542 1226 2580 Et
1253 2555 1347 2581 sane
1374 2543 1542 2581 verbum

106 2596 260 2650 obsequi
286 2595 447 2648 pioprie
484 2594 526 2632 id
553 2602 682 2634 notat.
738 2594 834 2634 Vid.
866 2597 1002 2635 vales.
1041 2597 1092 2635 ad
1122 2595 1256 2634 Amm.
1287 2596 1467 2636 Marcell.
1498 2612 1540 2649 p.

108 2649 176 2703 96.
199 2650 243 2700 b,
284 2650 352 2688 sed
381 2650 446 2688 hic
475 2648 551 2687 loci
582 2650 776 2702 significat
811 2664 914 2705 pone
941 2652 1137 2705 sequentia
1164 2666 1277 2694 sacra
1308 2654 1389 2717 ipse
1420 2666 1543 2706 prae-

110 2705 324 2743 ambulans.
382 2705 448 2742 Sic
477 2712 671 2770 usurpant
698 2707 793 2742 novi
822 2707 963 2744 Graeci
997 2706 1164 2744 verbum
1199 2703 1437 2756 ὅψικεύειν,
1474 2707 1543 2745 ob-

109 2761 308 2822 sequiare,
349 2766 386 2797 et
416 2757 606 2808 ὅψίκιον,
635 2760 867 2824 οὓεεφιιᾋιιηι
899 2759 1091 2812 σηιιαίνει
1125 2762 1176 2815 τῇ
1198 2757 1398 2826 Ἑλληνων
1412 2761 1546 2825 φωνῇ

110 2810 208 2859 τούς
242 2813 627 2867 προπορευομένους
665 2811 899 2868 ἔμπροσθεν
935 2814 1012 2852 τοῦ
1051 2802 1254 2865 βασιλέως
1283 2815 1353 2855 ἐπὶ
1379 2812 1546 2869 εὐταξία
