1884 3132
188 179 263 222 An
302 173 598 222 CONSTANT.
642 180 840 222 ponpa.
878 183 951 222 DE
991 180 1172 223 enum.
1212 183 1309 222 Lm
1350 184 1383 222 1
1427 161 1535 237 327

107 283 261 330 activo,
297 278 447 335 δρᾶται
479 297 552 336 pro
581 279 687 336 ὁρᾷς
717 277 854 329 ὅλος“
825 295 854 321 ο
889 277 1021 328 πόθος
1047 283 1133 321 τῶν
1148 277 1410 332 ΗΡωμαίων
1387 283 1538 334 ορᾶται

107 334 168 381 εἰς
212 335 322 387 ὑμᾶς
334 368 346 386 ‚
394 351 506 377 omne
542 338 800 384 desiderium,
849 338 975 376 omnis
1022 351 1137 376 amor
1165 338 1429 376 Romanorum
1481 338 1541 376 ad

104 403 176 429 vos
201 393 370 446 res-pica.

217 445 584 510 C.7.[323,16.]
613 443 636 484 ὅ
664 441 772 492 λαὸς.
839 445 937 484 Post
974 446 1017 484 h.
1063 461 1101 489 v.
1142 446 1296 485 addunt
1325 447 1411 485 M.:
1457 446 1535 510 ‘top‘

106 494 264 549 κόσμου
309 498 386 562 γὰρ
424 500 614 556 εὐσεβείᾳ
655 495 897 549 δεσπόζετιιι
938 494 1055 547 ὅλως.
1114 499 1152 539 οἱ
1190 497 1378 553 κοᾶκται·
1411 497 1530 540 amaad.

105 550 127 590 ὅ
166 550 286 601 λαὸςτ
318 569 363 595 v
393 570 480 609 pag.
501 556 589 608 189
620 556 675 593 D
711 555 785 594 ult.
841 555 1022 594 Verbum
1043 551 1193 603 δεσπὸζ
1195 569 1280 594 εται
1306 570 1389 594 non
1422 557 1532 595 aliud

104 615 163 647 est
180 638 193 659 ‚
218 624 339 663 quam
369 605 606 660 ὁεσπόζετε,
642 625 734 648 nam
763 623 841 676 per
869 612 1053 664 pietatem
1088 612 1197 649 omni
1229 612 1372 649 mundo
1394 612 1533 650 dorm-
1560 646 1564 650 .

105 665 270 703 nanu‘ni.
326 665 484 704 Deinde
514 666 738 718 proximum
763 663 821 711 εἰς
840 665 943 703 redit
977 665 1028 703 ad
1054 665 1294 717 praecedens
1328 665 1386 712 εἰς
1418 663 1533 715 ὑμᾶς

105 712 186 772 ὄρᾷ
214 732 313 766 τους
344 719 588 771 εόεργέτας,
619 721 781 786 respiat
803 721 860 758 ad
892 735 963 759 vos
976 720 1260 782 benefactores
1298 734 1415 758 amor
1452 722 1531 760 Ro-

101 786 329 822 manorum,
367 776 525 828 respicit
559 774 618 821 εἰς
659 773 869 823 ὸικαίωμα
901 774 1068 826 πρῶτον
1114 782 1188 817 etc.
1266 775 1324 813 ad
1356 785 1533 814 vestrum

101 828 306 882 imperium
339 829 430 868 boni
465 844 622 877 amans,
666 839 707 868 ut
737 844 955 892 supremam
984 830 1119 881 legem.

207 883 262 921 D
283 882 323 934 4.
356 883 474 939 [324‚
496 883 551 938 3.]
581 881 621 923 οἱ
651 879 943 936 σταυοοφόοοι
999 884 1150 934 Quales
1179 883 1220 922 hi
1255 883 1426 932 fuerint,
1458 900 1529 938 ap-

99 944 215 990 paret
245 951 292 977 ex
318 953 357 991 p.
392 938 479 992 189.
509 939 561 981 A.
578 958 582 962 *
618 968 627 977 .
646 969 656 986 ,
687 953 831 991 nempe
858 940 935 978 viri
975 954 1111 978 cruces
1142 954 1188 978 ex
1233 938 1397 978 floribus
1431 954 1528 978 oon-

99 999 221 1031 sertas
250 999 289 1031 et
319 992 452 1046 plexas
485 1001 664 1060 gelentes
681 1023 692 1043 ,
734 1008 833 1047 quas
869 995 1103 1046 Impeiatori
1140 993 1331 1033 volebant
1371 994 1528 1038 offerre.

202 1047 254 1087 D.
274 1047 347 1087 ult.
376 1047 493 1103 [524,
515 1047 573 1102 7.]
602 1047 738 1102 ἡμέρᾳ
764 1048 847 1088 τῶν
879 1049 1025 1100 βοτῶν.
1091 1048 1167 1088 Vel
1206 1050 1326 1088 etiam
1357 1049 1528 1100 βωτῶν,

97 1107 270 1154 utroque
307 1117 424 1142 emm
470 1104 590 1142 modo
649 1104 850 1146 scribitur.
934 1105 1030 1143 Dies
1068 1112 1256 1143 votorum
1305 1119 1427 1157 quam
1474 1105 1529 1143 ob

97 1171 257 1198 causam
302 1158 422 1197 fuerit
466 1158 688 1198 celebratus
721 1166 760 1197 et
790 1173 872 1212 quo
901 1166 1103 1222 tempore,
1137 1174 1217 1198 non
1257 1158 1395 1222 liquet
1451 1160 1528 1198 Di·-

95 1213 203 1255 citur
225 1213 385 1265 quidem
414 1213 518 1252 infra
544 1229 583 1266 p.
603 1213 696 1265 434.
713 1213 759 1252 C.
774 1213 848 1252 ult.
870 1210 917 1252 τὸ
937 1211 1074 1264 βωτὸν
1092 1209 1376 1267 πεζοὸρόμιον,
1391 1223 1524 1253 votum

96 1266 232 1306 ludum
261 1268 503 1322 pedestrem,
536 1283 606 1308 seu
643 1270 752 1308 votis
787 1268 1015 1307 condictum
1045 1269 1216 1317 ludum,
1248 1269 1290 1307 in
1323 1283 1405 1321 quo
1432 1284 1527 1307 cur-

95 1335 230 1372 sores,
255 1336 338 1361 non
365 1329 596 1376 equestres,
624 1324 693 1362 sed
727 1323 927 1376 pedestres
960 1325 1011 1363 de
1037 1325 1186 1376 pedum
1211 1323 1420 1362 velocitate
1437 1339 1525 1363 cer-

92 1376 258 1423 tabant,
288 1378 462 1417 incidere
495 1380 537 1416 in
572 1354 678 1416 diem
716 1389 740 1417 a
773 1379 973 1418 natalibus
1006 1379 1155 1417 Christi
1192 1386 1405 1426 octavum,
1448 1379 1527 1418 hoc

94 1437 155 1469 est
185 1432 403 1470 secundum
429 1440 499 1471 aut
529 1435 693 1471 tertium
722 1434 914 1471 Ianuarii.
970 1434 1092 1483 Quod
1117 1448 1211 1472 sane
1239 1433 1407 1485 pulchre
1433 1448 1526 1472 cum

93 1485 251 1524 traditis
285 1486 463 1525 virorum
493 1487 701 1526 doctorum
733 1494 772 1525 et
803 1489 928 1526 veteri
959 1488 1231 1526 Romanorum
1266 1490 1346 1525 ritu
1379 1502 1527 1526 conve-

91 1540 179 1590 nit,
208 1540 279 1593 qui
309 1541 415 1579 diem
449 1542 544 1580 novi
578 1542 672 1580 anni
712 1555 781 1580 seu
824 1544 969 1580 mensis
1001 1543 1175 1580 Ianuarii
1214 1544 1377 1580 tertium
1422 1544 1527 1582 votis

97 1608 171 1647 pro
202 1594 331 1634 salute
355 1597 609 1649 Imperatoris
638 1596 795 1648 publice
822 1597 1128 1649 pronuntiandis
1153 1596 1412 1648 deputabant.
1467 1598 1524 1636 V.

92 1649 317 1690 Casaubon.
354 1651 406 1689 ad
443 1652 586 1703 Script.
627 1651 730 1690 Hist.
770 1651 876 1704 Aug.
903 1652 951 1690 T.
994 1652 1024 1690 Ι.
1064 1666 1104 1704 p.
1142 1652 1255 1698 205.‚
1295 1651 1439 1690 Petav.
1471 1653 1524 1690 ad

92 1704 236 1744 Iulian.
264 1719 304 1758 p.
330 1705 416 1748 106.
435 1736 446 1753 ‚
475 1707 543 1744 Du
574 1707 710 1759 Cange
735 1706 833 1744 CPli
866 1706 1012 1748 Christ.
1046 1721 1087 1759 p.
1124 1707 1212 1759 ¹39·
1239 1713 1278 1744 et
1313 1720 1352 1745 v.
1375 1703 1522 1757 Βωτιὶ,

27 1768 38 1780 '
92 1760 188 1798 item
221 1759 415 1799 Ieiunium
457 1761 670 1799 calendar.
711 1761 939 1804 Ianuariar.
968 1768 1007 1799 et
1039 1761 1248 1800 Kalendae
1291 1760 1520 1800 Ianuariae.

91 1814 247 1852 Verum
282 1829 324 1867 p.
363 1814 458 1866 450.
500 1816 547 1854 Β.
575 1829 613 1855 2.
655 1817 791 1855 Nostri
828 1816 975 1854 dicitur
1013 1816 1119 1854 idem
1162 1823 1301 1855 votum
1342 1815 1526 1868 pedestre

91 1876 293 1907 certamen
322 1871 366 1908 in
408 1885 584 1909 mensem
625 1870 772 1909 Iulium
808 1871 995 1909 incidere.
1053 1870 1172 1920 Quod
1209 1885 1290 1909 non
1335 1871 1518 1917 concilio,

90 1923 166 1962 nisi
198 1924 382 1962 dicantur
416 1925 533 1978 plura
560 1933 654 1965 vota
696 1940 768 1990 per
814 1940 964 1964 annum
1004 1925 1202 1965 celebrata
1238 1925 1342 1964 ludis
1382 1939 1523 1964 cursus

91 1977 285 2030 pedestris
313 1979 444 2020 fuisse.
499 1981 621 2020 Cuius
651 1983 711 2019 rei
738 1982 949 2033 vestigium
978 1981 1135 2019 nullum
1166 1982 1334 2033 reperio.
1390 1980 1519 2018 Reco-

91 2032 221 2085 gitans
255 2032 376 2086 igitur
408 2049 591 2085 mecum,
634 2035 740 2074 diem
779 2043 966 2075 votorum
1001 2038 1044 2074 in
1081 2036 1210 2088 specie
1249 2034 1364 2072 illum
1400 2034 1521 2074 fuisse

90 2086 266 2137 dictum,
307 2090 378 2141 qui
418 2104 441 2127 a
475 2092 626 2143 nuptiis
669 2098 770 2129 esset
805 2091 1038 2143 proximus,
1081 2098 1127 2129 ut
1164 2097 1274 2142 patet
1320 2104 1342 2128 e
1381 2088 1520 2128 charta

88 2149 224 2181 vetere
253 2143 360 2195 apud
387 2143 645 2184 Baluz.·d1e
670 2155 762 2200 post
799 2154 946 2184 noctem
978 2121 1212 2200 tzu⁷pti‚alem
1252 2145 1322 2199 qui
1355 2153 1411 2182 est
1438 2144 1522 2183 dies

89 2205 270 2235 votorum
305 2207 547 2246 nostrorum,
592 2200 645 2250 (id
673 2208 732 2239 est
769 2199 1008 2238 hilariorum
1048 2207 1299 2239 nostrorum:
1343 2213 1438 2237 nam
1474 2213 1520 2238 ex

89 2263 137 2289 eo
176 2251 285 2304 quod
317 2252 358 2290 in
393 2260 579 2292 votorum
612 2254 752 2293 diebus
790 2257 906 2308 genio
939 2254 1082 2293 soleret
1108 2254 1304 2307 indulgeri
1317 2283 1330 2302 ,
1371 2254 1519 2292 factum

89 2313 172 2353 ὥῒ,
212 2313 259 2345 ut
289 2306 431 2345 hilaria
459 2310 724 2362 conviviaque
749 2311 884 2348 omnia
919 2319 1014 2348 ‘lota
1048 2308 1343 2362 appellarentur
1356 2309 1383 2359 ,)
1423 2309 1518 2348 item

89 2373 111 2397 e
145 2361 345 2400 Chronico
373 2362 577 2402 Casinensi
612 2364 719 2416 apud
755 2365 904 2406 Murat.
932 2365 981 2406 T.
1010 2364 1062 2406 11.
1089 2364 1185 2403 Ant.
1212 2363 1298 2402 Ital.
1325 2377 1364 2415 p.
1391 2363 1515 2417 93.:9
1530 2410 1535 2413 .

90 2415 246 2454 tertiam
268 2425 424 2470 partem
458 2418 508 2456 de
543 2419 719 2457 omnibus
766 2419 876 2457 rebus
913 2420 990 2457 suis
1005 2448 1016 2469 ‚
1065 2433 1163 2482 quae
1206 2419 1328 2458 uror-i
1367 2419 1407 2456 in
1452 2419 1519 2457 die

87 2478 266 2509 votorum
301 2472 368 2509 vit·
392 2471 557 2510 dederat
585 2482 627 2511 ut
653 2474 973 2525 nzorgingabam,
1011 2475 1122 2526 coepi
1149 2473 1334 2511 dubitare
1363 2472 1516 2512 indica-

88 2530 251 2563 returne
292 2525 564 2583 appellatione
613 2527 691 2565 diei
741 2535 928 2566 votorum
989 2529 1031 2566 in
1083 2535 1219 2566 nostro
1272 2527 1517 2566 cerimoniali

93 2577 177 2616 dies
211 2593 235 2617 a
272 2578 422 2632 nuptiis
469 2582 724 2634 Imperatoris
779 2584 979 2634 proximus
996 2612 1008 2632 ‚
1047 2584 1289 2635 quotannis,
1346 2589 1388 2621 at
1434 2597 1515 2622 non

91 2630 167 2670 fixo
198 2641 383 2725 egi-toque
400 2643 618 2729 ¹tempore,
649 2637 715 2675 sed
746 2650 844 2690 vage
876 2651 1097 2676 wecuuens
1158 2638 1250 2689 Qua
1275 2637 1326 2706 de
1355 2651 1398 2676 re
1419 2638 1516 2690 quid

89 2686 155 2735 sit,
179 2699 221 2724 vi
250 2696 353 2728 erint
375 2703 399 2728 a
416 2705 443 2728 u

176 2740 264 2794 189.
292 2743 346 2782 A.
365 2744 439 2783 ult.
473 2744 586 2799 [324‚
619 2743 881 2798 19.]ovne'n.
936 2746 996 2784 Μ.
1040 2757 1115 2783 ουκ
1150 2744 1249 2785 ἐστι’.
1318 2747 1518 2786 Subintel-
