1832 3126
303 172 324 210 1
338 152 409 210 50
567 170 640 213 10.
684 168 790 213 1Ac.
826 167 1023 211 REISKn
1071 167 1448 212 COMMENTARH

407 274 455 314 C.
481 286 543 314 10.
564 272 660 328 [55‚
680 271 748 326 4.]
789 268 1027 325 πρεσβείας,
1082 271 1371 312 Intercessionis
1388 305 1400 321 ‚
1452 270 1741 328 supplicationis

298 341 386 371 tuae
413 345 491 385 pro
518 331 655 380 nobis,
688 336 728 367 et
756 328 812 367 sic
840 342 1000 381 quoque
1031 328 1149 367 debet
1179 342 1220 380 p.
1245 327 1314 367 35.
1346 328 1402 368 A.
1427 330 1469 369 3.
1501 329 1643 382 accipi.

355 384 539 437 34.B.8.
562 384 656 440 [56‚
677 382 745 439 7.]
791 382 851 429 εἰς
876 379 948 423 τὸν
981 382 1306 437 Ἀμαστριανοῦ,
1360 384 1445 423 Pro
1472 385 1613 438 primis
1640 383 1742 424 dua-

1353 449 1375 472 τ

298 486 374 525 bus
413 485 580 526 vocibus
621 487 814 539 scriptum
843 490 929 524 erat
957 484 1000 523 in
1027 484 1270 523 membranis
1307 497 1392 536 εις,
1432 484 1476 524 id
1502 493 1563 526 est
1588 484 1648 532 εἷς
1673 484 1743 526 τὰ.

299 542 474 592 Quando
513 542 751 582 coenobium
790 541 967 580 indicare
1010 539 1155 579 volunt
1189 541 1332 580 Graeci
1369 540 1422 579 ab
1462 540 1542 580 hoc
1575 541 1642 581 vel
1669 540 1742 580 illo

298 603 495 636 structum
523 605 594 636 aut
620 597 922 636 denominatum
940 625 952 646 ‚
984 595 1178 634 adhibent
1193 603 1383 635 neutrum
1402 595 1558 649 plurale
1584 592 1664 644 τὰ,
1695 604 1742 636 ut

297 648 350 691 τοὶ
400 651 738 706 Ἀμαστριανοῦ,
783 649 837 692 τὰ
880 651 1062 705 Ναρσοῦ
1074 682 1089 703 ,
1141 646 1196 691 τὰ
1238 645 1461 706 Ὀλυβρίου
1505 658 1584 692 etc.
1639 651 1736 693 Vid.

329 723 352 747 a
383 738 391 746 .
429 721 519 747 102.
542 709 591 747 B.

299 723 327 763 P
352 723 377 762 g
409 764 458 802 C.
485 776 521 802 1.
546 762 636 817 [56,
659 762 746 818 13.]
775 759 1041 817 ἅρτοπωλῶν.
1095 760 1156 800 Μ.
1183 758 1469 815 α’ρτοπωλίων.

408 818 463 856 D.
479 826 611 872 antep.
634 819 724 873 [57‚
743 819 808 873 6.]
840 814 1061 867 δρομικῶς.
1096 816 1255 856 Ultima
1278 817 1433 871 syllaba
1450 823 1535 858 erat
1549 831 1623 872 per
1638 831 1741 858 com-

298 873 490 928 pendium
514 874 535 921 ξ
563 876 730 928 scripta,
759 883 805 915 ut
822 873 992 915 dubium
1011 886 1093 910 esse
1108 873 1233 926 possit
1248 902 1261 924 ,
1288 869 1500 925 δρομικὸν,
1531 887 1585 913 an
1603 872 1742 925 δρομι-

299 926 353 968 κὰ
371 929 446 982 legi
476 929 633 969 debeat.
667 931 858 971 Carmina
884 927 950 969 vel
968 928 1132 981 moduli,
1162 928 1233 982 qui
1252 942 1352 970 voce
1365 929 1570 983 praecipiti
1587 935 1628 968 et
1641 927 1741 968 mul-

299 991 387 1023 tum
416 984 632 1024 accelerata
659 995 919 1036 canerentur,
949 994 1141 1042 tanquam
1172 984 1206 1023 si
1233 992 1439 1038 curreret,
1471 991 1518 1024 ut
1543 991 1639 1024 sunt
1662 984 1742 1039 hy·-

299 1041 384 1079 mni
411 1053 435 1078 e
462 1040 599 1079 multis
627 1040 795 1095 dactylis
814 1049 1055 1083 constantes.

355 1093 547 1135 35.A.2.
562 1095 652 1150 [57‚
674 1097 738 1151 9.]
769 1093 1083 1151 ἐγκαυχόμενοι.
1137 1096 1201 1136 Ita
1225 1109 1386 1151 quoque
1401 1094 1461 1137 Μ.
1486 1093 1643 1138 solenni
1659 1107 1740 1138 mo-

299 1164 344 1191 re
373 1162 395 1189 ο
422 1157 462 1190 et
484 1165 518 1190 ω
543 1153 815 1204 permutandi.
1570 1174 1575 1183 -·

411 1205 467 1245 A.
485 1205 529 1246 6.
549 1206 638 1261 [577
665 1207 751 1261 12.]
781 1206 918 1258 ὑμῶν.
955 1207 1015 1246 Μ.
1044 1202 1172 1258 ὑμᾶς.
1198 1205 1738 1248 Μοηετναὶυοευίεεονίαηοη

299 1262 453 1299 coronis
481 1272 634 1302 onustos
647 1292 660 1315 ‚
703 1264 746 1302 id
782 1271 842 1303 est
875 1264 1034 1303 coronis
1067 1262 1267 1303 vincendo
1290 1262 1415 1316 partis
1431 1291 1446 1314 ,
1485 1268 1526 1303 et
1547 1263 1740 1304 victoriae

302 1314 447 1355 debitis
475 1329 642 1370 eamque
662 1319 1013 1373 consequentibus.

409 1370 464 1410 A.
487 1371 528 1411 8.
550 1372 641 1428 [57,
666 1373 752 1428 13.]
797 1376 1036 1426 εὐλογεῖται.
1091 1372 1143 1412 111
1165 1370 1406 1411 membranis
1428 1379 1603 1426 utroque
1631 1370 1738 1426 loco,

298 1422 364 1463 hie
392 1433 491 1479 puta
521 1435 560 1468 et
589 1443 709 1468 versu
737 1443 798 1483 9.‚
839 1437 897 1468 est
928 1424 1181 1480 εὐλόγειται,
1209 1434 1376 1466 accentu
1399 1429 1442 1467 in
1471 1428 1738 1482 antepenulti-

297 1493 379 1519 ma.
409 1481 540 1521 Debet
558 1484 679 1537 igitur
694 1485 788 1523 inde
806 1483 908 1524 effici
925 1481 1147 1537 εὖλόγηται
1159 1513 1171 1532 ,
1201 1482 1532 1536 henedictwnsuit
1544 1513 1558 1538 ,
1585 1490 1655 1524 aut
1671 1485 1736 1524 sit.

102 1526 285 1573 Έᾰϊῖῢῧ
406 1536 456 1576 Β.
475 1552 514 1591 7.
539 1537 628 1594 [57‚
651 1538 743 1592 22]
773 1537 983 1591 ἐξάγαγεν.
1037 1541 1096 1578 Μ.
1130 1533 1340 1590 ἐξήγαγεν.

403 1590 452 1630 Β.
475 1592 516 1633 8.
540 1594 629 1649 [57‚
648 1594 740 1649 23.]
774 1589 926 1641 αὐτοῖς.
982 1596 1042 1634 Μ.
1072 1589 1239 1639 αὐτούς.

407 1647 456 1712 C?
478 1647 520 1699 4.
541 1650 633 1705 [58‚
654 1649 718 1706 5.]
747 1645 1109 1704 προσκυνήσαντες
1137 1644 1189 1691 οἱ.
1229 1644 1405 1688 Membr.
1432 1644 1740 1703 προσκυνήσαν-

295 1713 366 1751 τες
396 1716 546 1752 παντες
573 1703 627 1746 οἱ.
1655 1732 1657 1734 >
1725 1733 1730 1739 ·

407 1757 458 1797 C.
481 1758 522 1799 5.
544 1761 635 1815 [58‚
655 1759 720 1816 6.]
749 1757 989 1810 κατέλαβον.
1007 1757 1135 1798 Verbi
1152 1754 1486 1810 καταλαμβάνειν
1498 1757 1607 1811 apud
1619 1759 1739 1799 Grae-

295 1823 363 1852 cos
391 1826 517 1854 novos
540 1831 637 1856 usus
666 1824 728 1857 est
753 1815 1097 1868 frequentissimus
1121 1828 1196 1868 pro
1218 1809 1448 1865 ἔρχεσθαι,
1479 1812 1738 1866 ἀφικέσθαι,

288 1870 501 1922 pervenit-e
527 1873 678 1928 aliquo.
735 1871 907 1924 Proprie
930 1877 988 1909 est
1017 1883 1206 1925 occupare
1227 1867 1362 1907 locum
1389 1867 1580 1921 aliquem.
1635 1870 1739 1910 Fre-

296 1930 469 1976 quenter
501 1927 545 1966 in
573 1936 710 1968 nostro
745 1927 890 1965 Codice
914 1926 970 1964 sic
996 1926 1193 1964 occurrit:
1230 1937 1361 1976 neque
1386 1937 1618 1977 monerem,
1661 1924 1739 1964 nisi

294 1978 477 2018 viderem
492 2010 504 2032 ,
535 1997 581 2022 ex
604 1998 651 2023 eo
670 2013 681 2034 ,
713 1982 822 2036 quod
852 1981 903 2020 ad
935 1995 1055 2019 usum
1077 1980 1186 2019 hunc
1206 1992 1289 2017 non
1318 1979 1568 2018 attenderent
1585 2009 1597 2030 ‚
1627 1980 1738 2020 viros

295 2032 435 2073 doctos
465 2037 509 2075 in
540 2046 693 2077 aestum
723 2038 836 2076 datos
866 2035 983 2075 fiaisse
1014 2036 1056 2074 in
1088 2034 1388 2087 interpretando
1419 2034 1509 2074 loco
1543 2035 1736 2088 Diogenis

296 2088 446 2128 La'e‘rtii
475 2105 520 2144 p.
541 2092 638 2148 275.
668 2108 703 2133 1.
736 2093 801 2131 ed.
823 2091 964 2141 Meib„
993 2090 1067 2129 ubi
1094 2090 1209 2131 reddi
1243 2089 1363 2129 debet
1387 2090 1509 2130 donec
1533 2091 1687 2129 venerit
1714 2105 1738 2130 e

294 2143 550 2186 Macedonia.
605 2149 716 2202 Ergo
747 2149 829 2187 iam
857 2146 1084 2187 Aristotelis
1116 2152 1245 2186 aetate
1293 2141 1626 2198 καταλαμβάνειν
1659 2144 1739 2185 hoc

296 2212 415 2238 sensu
447 2216 490 2240 1n
515 2217 591 2242 usu
619 2211 718 2243 erat.

408 2256 622 2313 c.6.[58‚
642 2258 706 2314 7.]
735 2252 933 2312 εὕρησαν.
986 2256 1047 2298 Μ.
1078 2250 1277 2311 εθροσαν.
1330 2255 1396 2296 Sic
1434 2255 1611 2295 formam
1638 2255 1738 2295 novi

296 2308 439 2352 Graeci
458 2327 531 2365 pro
560 2307 697 2367 εὗρον.
751 2313 890 2353 Exstat
923 2305 1102 2366 εὕροσαν
1133 2313 1238 2366 apud
1265 2312 1444 2352 Nicetam
1483 2311 1706 2350 Choniaten
1721 2340 1735 2362 ‚

295 2362 433 2406 Isaacii
462 2367 605 2423 Angeli
643 2370 694 2408 L.
721 2370 776 2408 II.
809 2384 846 2408 c.
869 2367 907 2409 5.
939 2383 1031 2422 pag.
1058 2367 1155 2419 214.
1186 2369 1237 2406 D.
1276 2366 1340 2408 15.
1379 2367 1451 2405 ed.
1474 2366 1646 2405 Venet.:
1679 2363 1736 2412 (ὃς

295 2415 334 2455 ‹5'
360 2420 512 2462 ου’δένα
551 2418 731 2476 εὗροσαν
767 2423 999 2474 α’ντιζιιαχον
1047 2421 1085 2463 οἱ
1113 2421 1314 2473 πολέμιοι.
1370 2422 1497 2474 quue
1523 2422 1578 2460 sic
1603 2422 1738 2474 posuit

294 2489 407 2516 more
433 2492 520 2518 suo.
578 2478 702 2518 Amat
731 2481 838 2519 enim
870 2479 974 2517 hanc
1003 2478 1189 2518 formam.
1246 2479 1306 2516 Ita
1346 2492 1386 2531 p.
1419 2475 1486 2527 54.
1515 2476 1566 2515 Ε.
1593 2476 1633 2517 5.
1659 2475 1735 2515 ha—

293 2528 363 2570 bct
392 2529 659 2585 προήλθοσαν
686 2550 760 2588 pro
790 2533 1013 2587 προῆλθον,
1059 2543 1100 2574 et
1127 2549 1167 2587 p.
1192 2534 1260 2575 81.
1304 2539 1351 2576 Β.
1385 2547 1447 2572 11.
1477 2529 1734 2583 ἄπήλθοσαν.

293 2586 430 2640 Neque
454 2601 606 2627 novum
635 2590 712 2629 hoc
739 2591 898 2629 schema
921 2597 1004 2639 est,
1041 2591 1109 2630 sed
1133 2591 1444 2638 vetustissimum
1459 2617 1471 2638 ‚
1518 2587 1734 2639 Posidippo

290 2641 427 2680 Siculo
442 2672 454 2693 ⁷
483 2651 624 2694 poetae
650 2646 996 2699 epigrammatario
1015 2674 1026 2696 ,
1056 2653 1290 2698 usurpatum
1308 2676 1319 2696 ‚
1348 2646 1416 2700 qui
1441 2642 1642 2695 Meleagro
1661 2656 1734 2682 an-

290 2697 442 2750 tiquior
466 2698 562 2746 suit,
595 2707 633 2737 ct
656 2703 767 2740 cuius
786 2702 827 2739 in
844 2700 1088 2756 Anthologia
1104 2701 1168 2740 ed.
1195 2701 1378 2744 WVechel.
1399 2715 1440 2754 p.
1461 2698 1556 2749 614.
1578 2697 1729 2752 (Steph.

291 2766 332 2805 p.
367 2751 478 2806 473.)
511 2752 610 2793 haee
642 2754 853 2808 leguntur:
