1826 3126
235 188 311 231 An
348 187 651 231 consum.
694 188 894 230 Pomm.
932 189 1005 229 nn
1041 188 1223 231 cmm.
1260 192 1362 230 un.
1407 192 1440 230 1.
1494 172 1564 228 23

116 290 209 331 lioet
234 291 291 330 ibi
321 299 406 331 erat
435 293 522 345 ipsa
548 293 711 345 propria
739 292 995 345 imperatoris
1023 291 1150 331 sedes.
1209 291 1341 331 Aedes
1357 291 1460 343 hae,
1490 305 1563 332 au·-

117 359 230 386 reum
253 346 473 386 triclinium
499 347 631 386 dictae
645 376 658 396 ,
688 354 803 385 erant
834 347 1037 386 ordinaria
1064 347 1302 400 Principum
1318 348 1562 401 Byzantino-

117 415 209 440 mm
226 402 420 442 habitatio
434 431 447 453 ,
474 416 567 456 pars
583 408 741 440 tantum
756 415 840 440 ncn
857 404 1072 455 praecipua
1089 405 1226 456 magni
1242 402 1399 456 palatii.
1456 403 1563 443 Sane

117 457 392 511 Luitprandus
420 471 587 495 aureum
612 456 836 496 triclinium
858 457 1034 512 appellat
1059 460 1386 512 praestantzboem
1413 459 1566 513 palatii

110 521 267 566 partem
280 542 294 562 ,
324 519 365 552 et
380 513 608 551 Romanum
624 513 878 565 Lecapenum
891 543 904 565 ,
934 527 1015 567 quo
1031 519 1212 566 tempore
1237 527 1394 552 summa
1411 514 1560 567 gaude-

115 566 186 605 bat
210 573 431 620 potestate,
459 567 504 605 in
532 581 580 606 eo
607 568 664 605 ait
689 567 914 619 habitasse,
942 575 989 607 ut
1014 581 1217 607 summum
1246 569 1561 622 Imperatorem,

114 623 279 661 meter-is
294 621 455 675 collegis
468 651 482 671 ‚
509 621 600 662 filiis
616 629 656 662 ct
686 636 857 676 genero,
887 623 974 663 solo
999 625 1163 662 nomine
1187 630 1304 663 tenus
1324 626 1562 677 imperanti·

112 676 216 726 bus,
243 676 414 730 ideoque
441 678 484 715 in
514 677 612 717 alias
639 677 780 731 palatii
809 686 943 731 partes
958 708 970 728 ,
1016 692 1090 717 ceu
1117 677 1280 718 viliores
1295 709 1308 731 ,
1349 678 1558 733 ablegatis.

114 731 249 771 Verba
273 739 368 771 sunt
393 732 532 785 Legae.
568 733 617 771 C.
635 747 679 788 9.
737 733 789 772 In
817 736 888 773 hoc
914 735 1038 786 igitur
1061 734 1259 772 Romanus
1284 748 1404 773 aur-m
1431 736 1560 774 tricli-

25 810 29 813 -
111 787 178 825 nio
190 815 205 836 ‚
235 801 336 843 quae
355 789 624 851 praestantior
647 797 703 827 est
722 803 822 843 pars
839 818 852 838 ,
894 790 1159 844 potentissime
1184 789 1350 842 degent,
1389 799 1560 829 caetems

106 850 242 895 parces
275 843 426 897 palata
457 857 599 895 genero
640 844 914 893 Constantino,
945 845 1131 900 fililkque
1169 845 1249 882 suis
1287 843 1486 899 Stephano
1524 854 1563 884 et

114 896 367 937 Constantino
396 897 660 937 distribuerat.
716 899 753 938 E
771 914 864 953 pag.
885 899 926 938 5.
945 901 1072 938 nostri
1091 899 1252 938 Cerem.
1282 907 1447 953 apparet
1460 929 1473 950 ‚
1502 900 1560 939 ibi

110 950 231 991 fiiisse
268 948 340 991 τόν
370 948 488 1006 ἱερὸν
522 955 719 1003 κοιτῶνα,
755 969 909 994 sacrum
935 964 1129 994 coetonem
1146 984 1159 1005 ‚
1188 953 1254 994 vel
1286 956 1561 995 domitorium

113 1006 371 1060 Imperatoris
387 1037 399 1058 ‚
430 1014 469 1047 et
485 1007 580 1047 huic
597 1009 830 1048 adiunctum
848 1017 1043 1049 secretum
1058 1041 1070 1061 ‚
1099 1011 1142 1048 in
1159 1023 1240 1062 quo
1258 1012 1436 1063 excipere
1451 1009 1561 1050 salu-

111 1068 244 1100 tantes
260 1076 443 1115 proceres
459 1063 626 1103 solebat.
682 1065 730 1103 In
758 1064 828 1104 illo
846 1073 998 1104 secreto
1013 1071 1099 1104 erat
1118 1064 1271 1104 concha
1285 1094 1297 1115 ,
1327 1080 1396 1104 seu
1413 1079 1530 1110 arcus
1546 1095 1561 1116 ,

109 1130 202 1155 cum
228 1117 399 1156 fenestra
415 1147 427 1167 ‚
458 1119 534 1157 sub
560 1133 641 1172 quo
673 1134 770 1159 arcu
793 1120 924 1159 stabat
950 1122 1083 1175 imago
1100 1134 1222 1160 aurea
1239 1121 1329 1159 Iesu
1348 1121 1498 1172 Christi
1515 1122 1558 1160 in

111 1171 259 1211 throno
289 1173 464 1212 sedentis
478 1203 490 1224 ,
519 1188 655 1214 coram
682 1189 763 1228 qua
792 1176 1015 1229 Imperator
1031 1176 1245 1215 devotione
1275 1190 1347 1214 sua
1365 1175 1561 1228 defunge-

109 1225 231 1266 batur
253 1242 373 1267 mane
400 1243 565 1282 surgens
583 1259 595 1279 ‚
624 1238 839 1284 antequam
870 1230 980 1270 aliud
996 1231 1094 1284 quid
1120 1230 1402 1284 aggrederetur
1419 1261 1431 1282 ,
1460 1233 1558 1270 item

110 1295 247 1321 coram
262 1282 333 1322 illa
359 1284 533 1337 imagine
550 1285 719 1324 faciebat
745 1300 881 1339 preces
896 1301 942 1325 ex
959 1286 1124 1326 ecclesia
1149 1287 1191 1324 in
1207 1285 1401 1338 palatium
1419 1300 1558 1325 rever-

108 1351 205 1388 sus;
234 1345 275 1378 et
298 1340 356 1378 sic
383 1339 547 1379 demum
571 1354 615 1379 se
629 1341 672 1379 in
697 1341 926 1382 cubiculum
951 1355 1069 1381 suum
1093 1343 1296 1395 privatum
1321 1341 1555 1394 recipiebat.

107 1391 282 1446 “[Aurci
308 1393 474 1433 triclinii
505 1403 647 1449 portae
674 1404 885 1450 argenteae
898 1427 911 1449 ,
947 1410 1167 1450 mensaque
1193 1404 1380 1450 argentea
1394 1426 1406 1448 ‚
1446 1397 1556 1435 Con-

106 1449 275 1487 stamini
290 1449 630 1504 Porphyrogeniti
645 1465 763 1504 opus.
822 1452 1014 1491 Custodia
1039 1466 1241 1505 purpurea
1265 1466 1339 1505 pro
1356 1451 1557 1490 vestibulo

105 1502 281 1543 cubiculi
298 1505 575 1557 Imperatoris.
632 1506 829 1559 Scriptor.
859 1515 950 1561 post
966 1507 1206 1560 Theophan.
1225 1521 1270 1559 p.
1289 1506 1362 1545 981
1374 1535 1385 1545 .
1443 1506 1556 1545 Idem

107 1557 394 1597 Constantinus
418 1560 640 1599 triclinium
664 1575 831 1600 aureum
854 1569 1020 1615 argento
1062 1557 1343 1613 ἐστεφάνωσε.
1372 1560 1478 1599 lbid.
1511 1575 1556 1613 p.

108 1610 252 1667 284.]*
307 1612 433 1667 Digni
458 1621 552 1654 sunt
565 1615 746 1654 ulteriori
771 1617 1087 1655 consideratione
1106 1615 1316 1654 amboloci
1332 1645 1344 1665 ‚
1372 1629 1474 1668 quos
1501 1616 1558 1655 V.

106 1666 171 1705 Cl.
190 1669 393 1708 excitavit.
450 1670 544 1709 Non
563 1670 727 1723 quidem
751 1671 833 1709 iam
862 1671 912 1709 de
929 1671 1126 1724 argenteis
1142 1671 1269 1722 portis
1294 1677 1334 1708 et
1366 1677 1556 1723 argentea

99 1735 238 1762 mensa
268 1723 399 1762 dicam
418 1754 430 1775 ‚
459 1724 511 1764 de
535 1725 682 1778 quibus
711 1726 961 1764 commodior
986 1725 1084 1764 alibi
1108 1725 1185 1763 erit
1220 1724 1363 1778 agendi
1379 1726 1552 1776 ocoesio,

100 1777 171 1816 sed
196 1778 417 1818 videndum
438 1809 451 1830 ,
479 1794 678 1834 quaenam
706 1780 774 1819 illa
803 1782 854 1819 sit
880 1793 1084 1835 ρωῬιιι-εα
1112 1780 1303 1818 custodia.
1359 1779 1435 1819 Est
1457 1794 1555 1820 sane

102 1832 145 1870 in
178 1833 333 1873 Graeco
368 1848 496 1888 aeque
529 1842 652 1888 atque
687 1836 841 1875 Latinis
878 1835 1106 1874 Combefisii
1148 1832 1354 1887 πορφυρᾶ
1382 1831 1552 1888 φυλακή

269 1903 297 1927 a
322 1891 511 1929 aaetodia.
570 1891 746 1941 Verum,
789 1893 822 1930 si
858 1892 1010 1929 Graeca
1040 1889 1297 1942 inspiciamus
1330 1891 1523 1929 attentius
1538 1919 1551 1941 ,

102 1941 210 1982 haud
246 1943 408 1983 difficile
438 1953 497 1984 cst
531 1946 719 1984 mendam
754 1946 938 1998 detegere
970 1953 1092 1997 atque
1129 1944 1359 1983 emendare.
1414 1945 1553 1984 Verba

98 2004 221 2036 sunt:
266 1998 341 2038 καί
366 2001 593 2053 πορφυρᾶν
627 1998 819 2054 φυλακήν
850 1997 1091 2052 ἔαπροσθεν
1116 1998 1195 2038 τοῦ
1223 1998 1440 2046 ,Κοιτῶνος
1469 1993 1552 2038 αὖ·

98 2052 175 2090 τοῦ
200 2051 416 2105 ἐδείματο,
446 2055 609 2106 δοχεῖον
633 2057 718 2095 τῶν
744 2053 912 2095 ὑδάτων
941 2051 1282 2107 δημιουργήσας,
1311 2049 1367 2105 ἢν
1385 2051 1553 2101 στόλοις

98 2107 364 2159 μαρμαρέαις
399 2105 766 2161 περιεκύκλωσεν,·
795 2107 1008 2162 λειότητος
1046 2102 1189 2153 αὗτοῖς
1226 2104 1552 2161 ὑπεραυγαζοῦ-

101 2174 191 2213 σης.
247 2163 429 2216 Apparet
443 2166 695 2205 continendis
730 2167 844 2219 aquis
873 2166 1117 2204 destinatum
1150 2162 1252 2202 illud
1281 2177 1384 2216 opus
1409 2163 1546 2203 fiiisse.

98 2215 211 2269 Ergo
237 2231 321 2256 non
354 2215 548 2272 φυλακὴν
564 2252 577 2270 ,
618 2221 831 2260 custodiam
865 2221 1023 2273 scripsit
1049 2225 1215 2266 auctor,
1254 2218 1324 2257 sed
1357 2212 1517 2271 φιάλην
1533 2248 1549 2271 ,

93 2271 291 2324 phialam.
348 2273 567 2327 Appellant
598 2290 743 2328 nempe
767 2276 946 2329 phialam
961 2305 974 2325 ‚
1018 2273 1286 2313 conditorium
1315 2287 1518 2326 aquarum
1531 2304 1547 2325 ,

98 2333 256 2365 vastum
284 2327 417 2366 lacum
435 2343 581 2382 aquam
604 2338 832 2370 servantem
846 2360 861 2383 ,
887 2331 1124 2384 praesertim
1140 2341 1234 2367 cum
1259 2328 1546 2384 superimposi—

97 2380 151 2419 'tis
185 2381 328 2421 fistulis
357 2397 503 2436 aquam
538 2386 842 2426 eiaculantibus.
900 2384 1042 2424 Talem
1088 2384 1242 2423 fontem
1278 2397 1301 2422 e
1343 2396 1552 2423 marmore

97 2436 379 2490 porphyretico
409 2441 551 2491 struxit
568 2441 856 2480 Constantinus
872 2453 1008 2480 coram
1026 2440 1205 2478 Coetone
1231 2452 1320 2478 suo.
1378 2438 1541 2477 Confir-

95 2498 207 2530 mant
223 2493 265 2531 id
281 2495 487 2547 sequentia
502 2509 515 2534 :
565 2492 687 2535 αέτὸν
713 2496 759 2544 ἐξ
788 2492 978 2548 αόγύρου
1004 2495 1063 2547 τῇ
1084 2494 1161 2532 τοῦ
1185 2488 1343 2540 ὕδατος
1368 2491 1544 2546 ἐφίστη-

98 2558 167 2584 σιν
195 2546 313 2601 αὐλῷ
340 2555 418 2587 etc.
468 2551 644 2605 aquilam
684 2534 907 2603 argenteam
942 2563 1071 2604 aquae
1104 2549 1263 2642 ngvhom‘
1295 2550 1540 2603 mperimpo·

94 2601 172 2638 suit
186 2623 206 2630 -
221 2625 241 2632 -
271 2602 388 2642 Alter
402 2603 513 2643 locus
532 2612 572 2644 et
590 2619 773 2656 mancus,
803 2614 842 2645 et
858 2605 1109 2644 affectatione
1151 2604 1255 2643 oridi
1272 2603 1365 2657 styli
1393 2603 1539 2641 obscu-

97 2661 209 2694 ratus
234 2665 308 2696 est.
364 2659 429 2698 En
450 2659 564 2698 illum
580 2676 592 2699 ε
640 2656 739 2712 Χρή
768 2654 846 2700 οὖν
873 2658 946 2698 καί
970 2657 1070 2711 περὶ
1092 2657 1169 2698 τοῦ
1193 2656 1540 2710 χρυσοτρικλίνον

99 2707 390 2761 διηγήσασθαι.
451 2711 476 2752 ὃ
494 2714 593 2782 [leg.
614 2711 662 2754 ὃν
678 2713 723 2769 ὁ]
751 2709 1086 2767 μηχανικώτατος
1110 2706 1215 2762 ἄναξ
1240 2711 1459 2763 uotum-‘NJ
1485 2724 1542 2750 τι-

98 2773 150 2800 να
174 2765 249 2805 καί
272 2760 451 2818 εὔοδμον
493 2769 702 2821 ροδωνιὰν
743 2767 972 2824 [ἐποίησεν]
1001 2761 1130 2819 εἶναι,
1168 2769 1251 2808 τῶν
1284 2762 1541 2819 πολυχρόου
