1884 3132
332 121 440 179 382
637 140 711 183 10.
753 138 858 184 1Ac.
896 142 1095 184 musim
1133 141 1507 190 commu-rma

333 243 534 283 indultum
572 257 852 298 assensumque
878 244 1137 298 Imperatoris
1173 247 1376 288 orientalis
1407 250 1609 302 rogaturi,
1642 261 1771 304 paene

333 299 435 338 nihil
457 298 579 348 mihi,
612 299 718 352 quod
743 314 895 338 novum
942 301 1116 340 dicerem
1136 331 1148 352 ,
1174 302 1375 356 reliquum
1406 304 1498 344 fecit
1523 304 1770 346 inimitabilis

334 354 536 407 diligentia
574 355 638 392 Du
673 355 812 408 Cangii
841 354 971 398 Gloss.
994 357 1081 395 Lat.
1106 370 1149 395 v.
1174 358 1410 398 Lam-eatae.
1465 359 1644 399 Conferri
1663 374 1769 414 quo-

334 423 412 462 que
442 416 629 462 poterunt
660 408 843 449 valamir}
880 411 931 449 ad
964 410 1171 450 Ammian.
1208 414 1389 454 Marcell.
1455 442 1466 454 .
1500 414 1602 464 166„
1637 415 1764 455 Goar.

335 464 386 502 ad
412 464 555 503 Codin.
575 479 616 517 p.
638 463 703 518 57.
742 480 782 504 n.
812 480 848 520 7.
879 473 918 504 et
947 466 997 504 ad
1037 467 1274 520 Theophan.
1301 483 1345 522 p.
1374 428 1469 524 αὖ.
1493 468 1548 509 A.
1584 483 1618 509 ι.
1637 498 1650 520 ,
1680 469 1768 509 sal-

334 521 482 559 masius
504 520 555 558 ad
584 521 726 573 Script.
761 521 815 559 H.
839 520 944 574 Aug.
974 522 1025 560 T.
1056 522 1106 561 11.
1131 537 1172 575 p.
1199 523 1294 564 686.
1351 524 1572 564 Laui-eatae
1593 538 1673 564 non
1694 524 1770 564 ali-

334 575 456 624 unde,
495 589 615 628 quam
645 590 669 614 a
704 575 816 614 lauro
850 576 1040 615 dicuntur
1057 607 1069 628 ‚
1097 578 1205 630 quod
1243 579 1357 618 lauro
1387 580 1593 619 redimitae
1624 587 1767 619 essent.

333 630 553 670 Laurcatos
607 631 727 670 fasces
760 646 852 670 cum
894 631 1035 671 litteris
1077 633 1285 673 victoriam
1322 634 1372 673 de
1398 635 1578 674 hostibus
1610 641 1767 688 partam

334 685 611 725 nuntiantibus
636 687 804 725 Romam
842 688 945 726 mitti
985 687 1036 726 ab
1069 687 1379 741 Imperatoribus
1418 689 1514 729 olim
1544 689 1765 730 obtinebat.

335 741 414 779 Sed
443 741 520 780 illis
565 742 836 794 temporibus,
880 742 1028 795 quibus
1057 743 1317 796 Imperatores
1344 745 1426 784 duo
1443 775 1456 798 ,
1484 759 1588 784 unus
1615 745 1656 784 in
1686 747 1769 784 ori-

334 803 447 844 ente,
479 796 579 835 alter
600 798 641 835 in
672 797 890 844 occidente,
938 799 1147 851 imperium
1174 800 1416 852 Romanum,
1441 800 1552 840 velut
1579 799 1770 854 collegae,

336 865 463 890 unum
491 852 627 891 divisis
655 852 814 891 sedibus
843 852 1196 901 administrabant,
1229 855 1399 894 debebat
1424 856 1570 903 iunior,
1601 869 1671 894 seu
1697 856 1768 908 qui

334 907 456 946 modo
484 906 658 946 habenas
683 908 792 961 regni
819 909 1053 961 suscepisset
1087 910 1339 961 tractandas,
1369 910 1419 949 ad
1445 913 1647 949 seniorem‘
1668 912 1769 949 iam-

335 962 490 1000 dudum
518 969 747 1015 regnantem
775 963 971 1003 laureatas
1000 978 1089 1003 suas
1116 966 1307 1017 imagines
1335 972 1375 1004 et
1402 965 1552 1005 litteras
1579 967 1737 1004 mittere
1753 994 1767 1016 ,

335 1017 535 1071 simulque
564 1019 720 1057 veniam
755 1019 947 1070 regnandi
977 1026 1016 1057 et
1056 1022 1302 1060 auctoritatis
1328 1021 1671 1060 confirmationem
1698 1034 1768 1059 ro-

335 1086 443 1125 gare.
499 1074 613 1122 Quae
641 1075 672 1111 si
702 1072 1007 1112 admitterentur
1033 1089 1057 1113 a
1085 1076 1261 1126 seniore,
1289 1075 1601 1129 iuberenturque
1630 1077 1672 1114 in
1689 1089 1769 1116 ma-

335 1129 468 1166 iorum
495 1129 700 1167 civitatum
727 1128 848 1176 foris,
881 1130 1010 1177 circis,
1048 1130 1296 1183 publicisque
1335 1130 1421 1169 aliis
1463 1129 1557 1170 locis
1584 1131 1634 1170 ad
1662 1130 1768 1170 latus

336 1190 581 1222 suarummet
609 1185 827 1236 imaginum
858 1184 1006 1237 populo
1034 1193 1251 1237 spectatum
1279 1191 1317 1224 et
1342 1185 1550 1224 adoratum
1578 1187 1766 1238 proponi,

337 1239 494 1291 signum
523 1239 563 1278 id
591 1247 699 1288 erat,
729 1252 880 1277 novum
911 1241 1194 1292 Imperatorem
1221 1242 1262 1279 in
1291 1241 1491 1293 potestatis
1518 1241 1766 1280 consortium

338 1294 510 1333 admitti.
564 1294 605 1332 Si
633 1308 730 1332 vero
768 1295 1101 1347 repudiarentur,
1151 1296 1381 1349 significatio
1409 1309 1453 1334 ea
1482 1303 1593 1346 erat,
1622 1294 1765 1346 illum,

340 1363 365 1389 a
391 1364 472 1403 quo
499 1350 641 1387 missae
675 1349 833 1388 fuerant
853 1380 862 1396 ,
894 1364 975 1388 non
1004 1365 1077 1403 pro
1106 1351 1280 1404 collega,
1325 1351 1393 1389 sed
1419 1364 1493 1403 pro
1521 1358 1693 1404 tyranno
1721 1365 1768 1390 a-

339 1405 492 1458 gnosci,
518 1406 773 1457 usurpatione
792 1405 897 1443 tituli
918 1407 1014 1458 regii
1036 1413 1074 1444 et
1102 1407 1302 1458 potestatis
1328 1405 1403 1460 ipsi
1432 1405 1611 1444 interdici
1640 1412 1696 1456 et,
1723 1406 1769 1445 ni

339 1460 551 1509 abstineat,
580 1459 729 1498 bellum
753 1460 889 1499 indici.
943 1460 1050 1499 Ante
1085 1460 1352 1500 Theodosium
1380 1460 1542 1514 quidem
1568 1462 1600 1500 si
1631 1461 1673 1499 in
1699 1474 1770 1500 oc-

339 1516 496 1554 cidente
525 1523 708 1567 regnaret
735 1518 888 1565 senior,
918 1530 986 1555 seu
1014 1518 1082 1569 qui
1110 1518 1224 1555 citius
1251 1530 1418 1569 regnare
1448 1516 1653 1569 coepisset,
1672 1529 1771 1554 con-

340 1571 526 1610 firmabat
563 1569 822 1622 orientalem,
868 1571 937 1623 qui
983 1573 1108 1611 serius
1142 1573 1346 1625 inciperet.
1404 1572 1557 1610 Verum
1599 1585 1645 1610 ex
1686 1584 1769 1624 quo

341 1626 591 1665 Theodosius
620 1626 812 1665 decedens
840 1627 980 1665 maiori
1022 1635 1119 1666 natu
1146 1628 1227 1666 filio
1251 1625 1426 1665 Arcadio
1458 1627 1652 1665 orientem
1677 1639 1769 1665 cum

341 1681 441 1720 CPli
473 1681 564 1720 sede
591 1681 743 1733 imperii
772 1682 1007 1735 praecipua,
1037 1683 1180 1721 minori
1203 1682 1383 1720 Honorio
1411 1681 1654 1719 occidentem
1675 1694 1771 1719 cum

339 1737 492 1787 Roma,
521 1750 544 1774 a
571 1738 695 1775 veteri
724 1736 913 1790 dignitate
941 1744 980 1776 et
1007 1739 1145 1791 primis
1172 1737 1349 1790 partibus
1375 1736 1426 1775 ad
1455 1735 1646 1774 secundas
1671 1749 1770 1788 pro-

340 1790 477 1845 lapsa,
507 1791 704 1841 dedisset,
735 1791 892 1830 nullum
922 1794 1114 1845 repetitur
1158 1794 1199 1831 in
1227 1792 1401 1830 historiis
1430 1789 1652 1843 exemplum
1685 1790 1768 1828 Im-

339 1849 533 1900 peratoris
561 1846 763 1886 orientalis
791 1848 842 1886 ab
869 1847 1102 1887 occidentali
1130 1847 1377 1896 confirmati3
1406 1847 1607 1884 contrario
1633 1852 1768 1884 autem

341 1904 385 1941 in
411 1902 613 1941 occidente
641 1909 838 1955 quotquot
865 1911 1105 1957 regnarunt,
1149 1905 1182 1942 si
1208 1917 1231 1941 a
1258 1901 1394 1954 paucis
1431 1899 1701 1939 tumultuariis
1727 1906 1768 1939 et

340 1957 556 1996 subitaneis
597 1959 901 2010 usurpatoribus
940 1959 1169 2008 secesseris,
1212 1956 1354 1996 caeteri
1395 1969 1534 1994 omnes
1575 1954 1769 2009 regnandi

340 2014 499 2051 veniam
530 2013 581 2051 ab
608 2013 865 2051 orientalibus
905 2020 1107 2066 rogarunt.
1160 2012 1283 2050 Unde
1308 2011 1448 2049 merito
1477 2009 1675 2064 colligitur
1699 2023 1769 2048 oc·-

341 2067 556 2107 eidentales
595 2081 618 2105 a
644 2075 747 2105 nutu
786 2076 826 2106 et
854 2068 1016 2120 imperio
1056 2067 1307 2106 orientalium
1345 2066 1590 2119 pependisse.
1647 2063 1768 2115 Quod

343 2136 390 2161 ex
419 2137 466 2161 eo
494 2136 655 2176 quoque
682 2137 763 2161 non
804 2123 1003 2161 immerito
1029 2122 1189 2173 efficias,
1218 2121 1326 2175 quod
1353 2121 1469 2174 legati
1497 2120 1667 2159 Romani
1693 2117 1770 2157 ho-

340 2179 473 2216 norati
500 2185 589 2230 post
610 2177 825 2216 honoratos
857 2178 1038 2216 CPtanos
1081 2178 1248 2230 quisque
1275 2177 1336 2214 sui
1364 2175 1515 2215 ordinis
1541 2175 1649 2214 viros
1674 2173 1765 2212 iret.

340 2231 392 2271 V.
422 2247 462 2286 p.
490 2234 583 2272 230.
638 2232 716 2284 Ipsi
757 2246 867 2285 reges
903 2232 1039 2271 Italiae
1067 2232 1248 2283 Gothici‚
1288 2232 1356 2284 qui
1385 2233 1426 2269 in
1453 2243 1635 2269 eversum
1661 2228 1768 2290 occi-

342 2286 501 2326 dentale
531 2289 742 2340 imperium
782 2295 1054 2326 successerunt
1074 2317 1084 2334 ,
1126 2301 1217 2326 cum
1253 2288 1372 2325 venia
1400 2292 1439 2324 et
1466 2299 1511 2324 ex
1535 2288 1770 2323 auctoritate

342 2341 635 2395 Imperatorum
664 2342 916 2381 orientalium
942 2349 981 2380 et
1008 2341 1118 2382 velut
1163 2343 1338 2395 ipsorum
1365 2340 1483 2394 legati
1509 2352 1578 2378 seu
1603 2337 1768 2377 lociser-

342 2404 500 2436 vatores
542 2399 584 2436 in
621 2397 736 2436 Italia
772 2397 991 2450 regnabant
1011 2426 1022 2447 ‚
1070 2396 1175 2449 leges
1214 2398 1392 2450 ipsorum
1423 2395 1499 2434 sibi
1526 2394 1662 2432 missas
1694 2391 1768 2430 ad-

342 2452 554 2491 mittebant
575 2460 613 2491 et
649 2453 982 2506 promulgabant,
1009 2454 1186 2505 ipsorum
1229 2452 1362 2491 vultus
1390 2457 1429 2488 et
1455 2451 1618 2487 nomina
1648 2460 1769 2485 num-

341 2507 418 2544 mis
441 2507 703 2555 incudebant,
737 2507 960 2562 designatos
993 2521 1038 2545 ex
1065 2521 1204 2546 eorum
1230 2506 1434 2545 voluntate
1462 2501 1642 2541 consules
1670 2515 1769 2540 con-

344 2561 585 2611 stituebant,
615 2564 808 2615 scipiones
849 2562 1059 2601 consulum
1082 2562 1277 2600 eburneos
1303 2567 1343 2598 et
1370 2556 1570 2597 codicillos
1593 2557 1765 2610 dignita-

343 2620 431 2652 tum
459 2616 571 2654 aulae
599 2631 694 2656 suae
732 2619 1037 2670 praecipuarum
1074 2617 1126 2655 ab
1156 2615 1232 2654 illis
1270 2613 1501 2666 flagitabant
1544 2619 1584 2650 et
1627 2612 1768 2669 missos

344 2668 590 2720 accipiebant
636 2679 674 2710 et
717 2672 794 2711 alia
822 2673 1015 2725 agebant,
1045 2685 1147 2724 quae
1174 2670 1267 2708 satis
1294 2669 1565 2707 demonstrant
1594 2680 1660 2706 eos
1686 2666 1767 2704 Ita-

343 2721 436 2760 liam
467 2738 545 2762 non
585 2738 655 2763 sua
670 2755 681 2775 ,
725 2741 807 2764 non
853 2740 1035 2780 suprema
1064 2724 1313 2780 ¹‘auctoritate
1354 2722 1540 2765 tenuisse.
1619 2721 1768 2762 Eiectis
