1884 3132
221 135 297 178 An
333 135 633 180 consum-r.
660 140 857 182 rom‘n.
894 139 966 184 DE
1004 139 1186 182 cmm.
1228 138 1330 180 Lm.
1369 141 1423 181 11.
1467 119 1575 176 661

140 245 328 291 petel-ant
338 238 470 279 adhuc
482 239 640 280 saeculo
666 240 784 280 XVI.
805 247 845 278 et
863 239 1002 279 xvn.
1031 248 1070 280 et
1087 247 1301 293 supersunt
1315 239 1451 280 adhuc
1476 241 1585 293 apud

142 299 346 334 matronas
371 302 567 334 nostrates
583 297 625 334 in
648 294 736 334 loro
762 294 928 348 pelliceo
943 325 955 346 ‚
984 296 1094 348 quod
1114 296 1284 335 liberum
1307 310 1376 335 seu
1407 297 1585 336 vestibus

142 346 306 400 reliquis
333 363 414 388 non
441 357 640 399 assutum,
670 350 740 388 sed
767 350 950 389 exemtile
969 353 1074 388 circa
1096 350 1246 389 collum
1274 358 1428 403 gestant
1455 357 1496 390 et
1515 364 1586 404 ge-

142 401 329 453 stabant,
358 405 619 458 appendicem
649 411 861 459 utramque
887 419 1007 458 super
1035 413 1172 458 pectus
1200 405 1440 445 decussatim
1471 419 1588 445 com-

198 465 351 497 nentes.

142 469 198 508 P⁰
254 513 361 551 Hinc
387 512 466 551 iam
491 511 737 566 intelligatur
762 513 918 552 celeber
947 513 1015 552 ille
1035 513 1145 552 locus
1160 515 1433 568 supposititiae
1444 515 1588 555 Dona-

145 565 268 605 tionis
294 567 547 606 Constantini
567 568 628 606 M.
648 568 839 606 Silvestro
856 569 1014 621 Papae,
1043 576 1088 606 ut
1105 572 1231 615 aiunt,
1262 570 1414 610 factae:
1443 571 1587 610 deinde

142 620 344 669 diadema,
365 621 477 672 (haec
503 622 666 675 fingitur
684 623 890 675 Augustus
907 624 1094 662 Pontifici
1126 624 1376 674 1udulsisse‚)
1403 626 1589 665 videlicet

142 689 330 715 mmmm
356 678 498 731 capitis
537 679 678 724 nostri,
727 679 915 732 sinmlqtoe
950 679 1164 732 phrygium
1215 681 1283 718 vel
1317 682 1476 718 mite-am
1513 695 1586 720 nec

141 743 223 772 ποθι
251 739 291 770 et
316 732 640 786 superhumerale,
670 733 851 771 videlicet
877 734 1004 772 lorum
1020 762 1032 782 ‚
1062 734 1170 787 qnod
1184 735 1392 788 imperiale
1417 736 1585 774 circum-

142 781 243 823 dae-e
266 786 364 825 solet
402 787 560 825 collum.
626 787 946 840 Reprehenditur
982 787 1104 827 huius
1144 788 1220 827 loci
1254 792 1432 828 Graecus
1461 791 1587 829 inter-

142 852 236 892 pres
250 869 263 887 ‚
292 841 404 894 quod
431 841 556 880 verba
583 857 654 882 nec
679 857 757 882 ηοη
783 852 821 881 et
853 844 1166 896 superhumerale
1179 873 1190 889 ‚
1222 845 1403 883 videlicet
1429 845 1582 891 lonmz,

146 894 367 934 reddiderit
391 891 480 945 ἅμα
506 897 582 936 καί
606 893 653 936 τὰ
703 897 836 948 adeon
861 894 934 936 καί
958 893 1005 936 τὸ
1037 895 1280 951 αἷμοφόριον
1308 895 1408 951 ὅπερ
1438 901 1592 939 κυκλοῖ

142 943 219 987 τᾶν
252 946 470 1000 βασιλικὸν
496 949 719 1004 τράχηλον.
773 952 961 991 Peccavit
1000 952 1179 1005 profecto
1209 954 1250 991 in
1280 967 1346 1003 eo,
1373 954 1484 1007 quod
1510 969 1586 1007 pro

143 1002 311 1044 diversis
347 1004 490 1044 habuit
527 1004 660 1044 lorum
699 1015 739 1046 et
775 1006 1118 1060 superhumerale.
1187 1007 1266 1047 Sed
1310 1015 1442 1062 potest
1469 1008 1586 1048 facile

142 1060 320 1098 excusari
346 1067 388 1099 et
427 1061 656 1103 emendari.
689 1059 736 1101 τὸ
764 1069 857 1101 ante
888 1060 962 1100 καί
988 1062 1190 1115 ponendo,
1219 1063 1291 1101 sic:
1323 1059 1414 1112 ἅμα
1443 1063 1517 1102 καί
1539 1060 1587 1102 τὸ

143 1112 304 1166 λαῖρον,
333 1112 380 1153 τὰ
409 1115 483 1154 καί
508 1113 762 1169 ὦμοφόριον.
822 1116 930 1155 Male
967 1124 1100 1156 tamen
1129 1132 1174 1156 ex
1201 1116 1279 1156 hoe
1304 1117 1392 1156 loco
1418 1118 1583 1157 deduci-

142 1173 212 1206 tur
238 1171 351 1222 origo
379 1169 489 1223 pallii
505 1171 759 1211 sacerdotalis
795 1179 835 1210 et
862 1170 1128 1220 concluditur,
1163 1172 1295 1211 lorum
1322 1179 1362 1211 et
1386 1173 1585 1226 omopho-

142 1221 251 1263 rium
290 1224 397 1263 idem
447 1239 543 1264 esse.
616 1227 658 1265 Si
697 1226 893 1265 Blastares
929 1227 1214 1279 omophorium
1252 1227 1317 1266 hic
1345 1229 1581 1281 usurpavit,

145 1278 254 1330 quod
283 1286 442 1331 putaret
468 1280 546 1318 alia
574 1281 728 1320 Graeca
757 1296 855 1320 voce
893 1282 1141 1320 commodius
1170 1296 1250 1320 non
1278 1283 1443 1334 exprimi
1473 1283 1585 1320 Lati-

142 1345 239 1370 nam
262 1335 599 1386 szaperletunerale‚
646 1336 954 1374 condonandum
983 1337 1059 1375 hoc
1098 1336 1155 1374 illi
1182 1343 1240 1374 est
1256 1365 1267 1385 ‚
1314 1337 1439 1375 abuso
1466 1337 1584 1376 dicti-

144 1399 234 1426 one.
290 1388 453 1427 Tribuit
479 1389 585 1427 enim
626 1391 702 1442 ipsi
731 1393 963 1438 notionem,
1007 1405 1129 1444 quam
1156 1405 1296 1428 revera
1323 1398 1482 1443 poterat
1513 1406 1585 1444 per

144 1443 420 1493 grammaticas
446 1445 622 1482 rationes
637 1473 649 1494 ‚
678 1451 721 1482 at
746 1459 823 1483 usu
842 1445 1149 1486 contradicente.
1208 1445 1307 1483 Nam
1331 1446 1440 1498 quod
1458 1446 1587 1485 Grae-

142 1498 180 1534 ci
208 1497 490 1550 omophorium
519 1497 641 1551 vulgo
668 1498 797 1537 solent
824 1499 1052 1551 appellare,
1111 1498 1265 1537 etiamsi
1291 1514 1411 1552 super
1437 1500 1581 1540 hume-

143 1552 202 1589 ris
238 1566 322 1590 uon
361 1566 473 1591 secus
510 1559 631 1605 atque
665 1552 798 1591 lorum
826 1561 1030 1606 portetur,
1082 1567 1164 1591 non
1192 1561 1324 1592 tamen
1353 1555 1459 1593 idem
1488 1570 1582 1594 cum

142 1604 232 1644 loro
250 1635 263 1656 ‚
309 1607 379 1646 sed
408 1607 579 1646 multum
606 1608 811 1647 diversum
854 1616 914 1647 est
932 1637 944 1658 ‚
977 1615 1023 1646 ut
1049 1621 1120 1646 suo
1149 1608 1239 1647 loco
1266 1609 1579 1649 demonstratur.

141 1659 308 1704 Erravit
343 1676 505 1715 quoque
534 1662 739 1711 Balsamo,
773 1663 906 1702 lorum
933 1677 1006 1716 pro
1035 1663 1154 1701 mitra
1193 1663 1257 1702 vel
1306 1663 1485 1717 calyptra
1513 1679 1581 1704 ac-

142 1715 292 1768 cipiens
319 1716 396 1755 illis
425 1719 467 1755 in
493 1717 589 1756 locis
606 1747 617 1766 ,
657 1732 757 1770 quos
786 1718 852 1756 Du
896 1718 1029 1770 Gange
1054 1717 1120 1755 Gl.
1154 1719 1226 1757 Gr.
1254 1716 1296 1756 h.
1328 1732 1369 1757 v.
1395 1719 1579 1772 protulit,

143 1783 167 1808 e
193 1785 275 1823 quo
301 1771 457 1824 reliqua
473 1802 486 1821 ,
525 1786 627 1824 quae
655 1773 705 1811 de
734 1772 830 1811 loris
868 1773 945 1810 dici
974 1779 1146 1825 queant,
1188 1773 1342 1811 hauriri
1372 1781 1576 1826 poterunt.

142 1824 250 1864 Citat
276 1825 332 1863 ibi
376 1828 481 1865 inter
519 1827 597 1865 alia
622 1827 755 1866 locum
783 1842 829 1866 ex
862 1827 1056 1866 Ahmedis
1082 1827 1375 1877 onirocritico,
1405 1828 1477 1866 ubi
1504 1829 1580 1868 ha·-

141 1878 235 1918 bet:
267 1879 401 1931 ζώνην
445 1877 527 1919 ἀπὸ
561 1882 729 1934 χρυσοῦ
754 1881 826 1920 καί
852 1879 982 1919 λίθων
1008 1880 1083 1920 καί
1103 1880 1349 1933 μαργάρων,
1382 1875 1471 1934 ἦτοι
1499 1883 1580 1922 λιδ-

141 1945 231 1983 ρον.
285 1935 464 1974 Dubium
491 1943 565 1986 est,
610 1930 705 1988 ἤτοι
743 1937 1055 1988 ὶηῐεφι-θῒειῒίνθ,
1092 1950 1145 1974 an
1172 1936 1408 1975 disiunctive
1434 1937 1580 1977 debeat

138 1987 319 2041 intelligi.
338 1989 524 2043 Utroque
543 1991 663 2030 modo
689 1998 795 2030 recte
822 1991 883 2040 fit,
899 1992 932 2029 si
960 1993 1167 2043 posterius,
1201 1992 1334 2041 λῶρος
1360 1998 1491 2043 potest
1508 2000 1579 2031 aut

140 2041 349 2082 baltheum
379 2046 417 2094 (a
444 2059 542 2083 zona
561 2045 764 2084 diversum
793 2045 919 2098 quid),
950 2053 1020 2084 aut
1044 2048 1221 2084 orarium
1249 2046 1487 2097 significare,
1506 2061 1578 2086 seu

140 2096 289 2137 collare
303 2099 498 2138 cervicem
535 2107 575 2139 et
612 2108 749 2152 pectus
774 2099 1033 2152 amplectens.
1090 2099 1238 2152 *[Vid.
1269 2101 1496 2140 Comment.
1525 2102 1578 2140 ad

139 2151 292 2191 Donat.
319 2153 571 2192 Constantini
607 2157 666 2198 M,
694 2170 736 2208 p.
756 2157 824 2207 95.
868 2154 1114 2208 Theophilus
1154 2155 1374 2207 Imperator
1417 2163 1544 2194 vestes
1562 2186 1574 2202 ‚

137 2220 241 2258 quae
260 2207 348 2247 lom
374 2215 583 2258 vocantur,
611 2211 864 2248 restauravit.
884 2211 1030 2261 Georg.
1058 2209 1248 2248 Monach.
1282 2223 1323 2262 p.
1347 2209 1444 2250 516.
1461 2210 1579 2250 Conf-

134 2261 311 2313 Symeon
341 2262 512 2315 Logoth.
541 2278 579 2315 p.
601 2263 750 2317 416.]*
811 2265 963 2302 Locum
987 2265 1194 2316 Symeonis
1221 2263 1356 2302 attulit
1384 2265 1450 2303 Du
1470 2266 1578 2304 Can-

135 2329 185 2367 ge
212 2314 281 2354 Gl.
306 2317 382 2355 Gr.
405 2332 446 2369 p.
462 2315 579 2366 838„
607 2319 673 2356 eui
702 2318 960 2372 intelligendo
998 2318 1091 2357 facit
1119 2318 1194 2357 hoc
1221 2319 1420 2368 tenuisse,
1450 2326 1579 2359 vestes

136 2370 366 2423 Imperiales
380 2371 495 2410 aulae
510 2371 708 2421 CPtanae,
728 2387 899 2426 quarum
912 2374 952 2412 1'n
966 2372 1280 2425 processionibus
1297 2373 1467 2425 publicis
1484 2388 1579 2414 usus

136 2432 240 2468 esset
257 2454 269 2475 ,
299 2439 382 2466 non
423 2440 447 2464 a
485 2427 631 2478 quovis
657 2427 928 2480 Imperatore,
960 2435 1030 2465 aut
1060 2428 1216 2479 saepius
1233 2457 1244 2474 ‚
1273 2442 1397 2468 novas
1425 2429 1576 2480 factas,

135 2479 206 2517 sed
253 2488 406 2518 veteres
449 2487 622 2519 retentas
667 2488 706 2519 et
740 2489 951 2534 usurpatas
979 2481 1115 2530 fuisse,
1146 2481 1273 2520 donec
1300 2481 1469 2522 detritae
1495 2497 1578 2522 non

141 2533 311 2586 amplius
338 2542 497 2586 possent
523 2533 722 2574 adhiberi.
779 2536 995 2588 Propterea
1034 2535 1137 2573 ridet
1166 2536 1435 2590 Luitprandus
1458 2537 1578 2577 Nice-

138 2585 308 2638 phorum
338 2589 542 2639 phocam,
571 2591 706 2642 aitque
734 2589 899 2628 brevem
926 2596 1078 2628 statura
1107 2589 1221 2628 illum
1247 2598 1287 2629 et
1314 2591 1475 2630 foedum
1503 2592 1579 2631 ad-

140 2648 275 2690 spectu
303 2643 519 2685 foediorem
565 2644 717 2682 factum
747 2658 795 2683 eo
821 2645 940 2683 fuisse
955 2673 966 2691 ,
995 2643 1106 2697 quod
1132 2652 1367 2685 ornamenta
1394 2646 1578 2700 imperia·

143 2693 195 2739 lla
221 2706 374 2749 gereret
422 2706 622 2741 vetustate
659 2698 804 2740 detrita
846 2706 887 2739 et
929 2699 979 2738 ad
1007 2699 1204 2739 maiorum
1231 2714 1421 2755 personas
1447 2709 1578 2742 sumta
