1884 3132
156 103 233 145 An
269 100 567 145 consum.
598 103 794 146 romu-⁷1.
837 103 910 143 DE
949 100 1131 144 cmm.
1181 103 1279 143 Lm.
1318 104 1372 144 ιι.
1414 83 1518 140 631

88 206 151 247 dis
187 207 345 270 ineptiis
364 235 378 257 ,
417 205 469 245 ad
498 219 597 259 quas
636 205 757 245 hodie
789 219 908 245 nemo
949 211 1008 244 est
1034 206 1104 259 qui
1133 218 1215 244 non
1243 213 1436 255 nauseat,
1488 214 1529 246 et

87 275 187 314 quas
216 262 285 316 qui
326 261 401 324 ipsi
436 261 698 313 prodiderunt
725 261 842 314 primi
882 268 921 300 et
947 266 1185 308 sanxerunt,
1213 274 1295 300 non
1322 260 1528 300 intellexe-

88 323 210 364 runt,
255 323 296 355 et
335 318 379 355 in
420 315 580 354 tuendis
607 322 727 368 atque
754 329 779 353 a
816 315 1027 368 gentilismi
1057 315 1280 367 suspicione
1308 314 1526 356 liberandis

91 372 172 410 suis
198 370 341 410 ritibus
367 370 474 423 apud
500 383 591 416 eos,
621 371 690 422 qui
719 372 894 424 quaesita
919 369 1070 422 ubique
1100 376 1140 407 et
1166 369 1373 409 ambitiose
1400 372 1526 410 iacta-

88 432 131 464 ta
160 426 349 479 mysteria
383 438 464 464 nou
499 431 722 463 moimantur
794 424 915 473 Quod
942 424 1119 462 studium
1147 424 1216 462 ubi
1245 425 1367 466 semel
1395 428 1526 479 coepit

87 480 246 533 ingenia
273 493 439 529 vexare,
467 485 579 519 tanto
605 478 681 518 sibi
711 479 878 530 quisque
908 479 1014 517 visus
1041 485 1100 516 est
1126 479 1366 530 sapientior,
1395 494 1525 532 quan-

88 540 131 572 to
158 532 342 574 subtilius
368 540 586 587 nugaretur
617 533 657 572 in
686 533 924 585 exponendis
955 532 1083 571 causis
1128 539 1167 571 et
1195 533 1340 573 finibus
1369 542 1522 587 myste-

88 589 203 628 riosis
244 589 470 638 actionum,
512 587 624 627 nullo
663 594 771 626 certo
812 594 881 626 aut
916 587 1092 640 profecto
1121 601 1201 625 uon
1230 594 1311 627 tam
1338 588 1522 629 abstruso

21 663 25 667 ·
87 642 253 682 consilio
279 645 559 682 institutarum.
615 642 693 681 Sed
720 641 926 681 audiamus
954 643 1083 694 ipsum
1111 641 1334 681 Bclethum.
1373 644 1521 698 Expo-

87 698 259 739 nendum
286 698 400 736 modo
430 707 513 748 est,
552 697 638 747 ait,
682 697 732 735 de
752 711 885 750 parvo
925 696 1098 750 quodam
1134 697 1349 750 prandiolo
1365 726 1378 747 ,
1414 699 1522 753 quod

67 751 175 809 fieri
203 752 315 791 debet
333 761 422 791 ante
447 765 634 803 magnum
660 751 878 805 prandium
921 752 962 789 in
983 750 1201 798 Paschae,
1229 752 1385 808 quando
1412 767 1521 792 com-

85 808 321 846 manicatum
357 815 426 845 est.
489 807 682 845 Statutum
707 807 810 844 enim
842 814 899 844 est
934 820 976 844 m
998 806 1226 860 quibusdam
1257 808 1521 855 eccles11k,et

85 861 155 899 ub1
177 875 224 900 ιιε
242 870 435 900 terrarum
450 862 505 899 sic
525 861 677 900 deberet
697 860 827 915 fi'en,
855 869 897 898 ut
926 860 996 899 zllo
1018 860 1084 898 ἄιε
1098 861 1218 923 papis
1245 869 1283 900 et
1309 875 1444 901 venum
1474 864 1516 902 in

202 916 244 954 ia
279 916 504 979 haberetur,
550 923 611 962 et,
649 929 738 954 cum
767 915 939 954 hommes
970 916 1362 962 comnmnicaverinc,
1404 917 1520 955 detur

83 971 213 1009 statim
239 971 439 1025 um‘cuique
470 970 598 1008 buxea
619 971 914 1024 pauis,pr1us
938 983 1055 1026 quam
1086 970 1246 1020 redeat,
1274 979 1314 1009 et
1352 972 1517 1025 paulum

84 1025 174 1063 vini
184 1053 198 1075 ,
238 1039 288 1064 ne
325 1026 430 1068 [ὸν-ιε
467 1025 675 1079 quidpiam
707 1024 759 1062 de
796 1033 1036 1062 sacramento
1068 1025 1109 1064 ιἰι
1153 1038 1220 1063 ore
1258 1028 1514 1076 remanserit,

82 1079 192 1133 quod
211 1079 436 1133 exspuendo
448 1080 581 1131 faczle
601 1080 724 1117 ειηιιιί
753 1088 882 1133 queat.
937 1079 1071 1119 Posset
1089 1093 1191 1118 εηιηι
1206 1080 1340 1132 faede
1364 1083 1516 1120 contin-

80 1148 196 1186 gere,
229 1135 267 1172 .ςί
287 1148 364 1173 non
390 1136 519 1173 statim
552 1133 824 1172 comederetur.
899 1134 1010 1187 Quae
1041 1148 1135 1172 sane
1170 1134 1332 1173 ίαιιᾱαια
1358 1149 1514 1174 eonsue-

81 1187 176 1227 tudo
204 1189 379 1228 omnihus
408 1189 624 1243 probatur,
658 1197 864 1242 sumsttque
905 1189 1095 1240 origznem
1122 1202 1176 1227 ex
1204 1190 1437 1228 i’nstttutione
1456 1191 1510 1228 B.

82 1242 297 1281 Benedicti.
361 1243 535 1282 Ῑιιειιιιιὶι
571 1257 739 1296 namque
781 1257 848 1281 vu·
891 1243 959 1281 ille
990 1243 1250 1281 sancti-sumus
1269 1244 1317 1282 ob
1350 1244 1514 1283 eandem

81 1310 264 1346 causam,
289 1306 331 1336 ιιι
354 1298 440 1345 dli,
458 1299 527 1352 qui
554 1297 646 1335 alais
656 1297 857 1346 Jratrzlms
882 1297 1022 1335 debent
1050 1311 1093 1335 ιη
1107 1298 1282 1350 prandio
1296 1308 1387 1352 post
1405 1313 1516 1337 com-

80 1352 300 1390 munionem
331 1353 572 1398 ministrare,
623 1351 783 1405 aliqtu'd
807 1352 919 1404 prius
963 1351 1217 1391 comederent.
1284 1354 1414 1407 Atque
1441 1354 1512 1391 Ιιοε

80 1405 237 1458 quidem
270 1406 485 1459 prandiwn
539 1415 706 1444 mlxtum
748 1406 965 1459 appellant.
1049 1405 1102 1443 H.
1132 1406 1182 1443 Τ.
1223 1406 1375 1445 Locum
1404 1406 1514 1445 hunc

81 1473 208 1511 quum
236 1461 408 1523 primum
433 1474 536 1513 pone
547 1458 787 1497 Durandum
817 1461 924 1508 (nam
952 1459 1035 1497 eius
1050 1458 1247 1499 Rationali
1276 1461 1512 1501 subiunctus

80 1520 140 1552 est
168 1513 353 1553 Belethus
392 1515 434 1552 in
462 1514 558 1553 edit.
587 1514 841 1566 Lugdunensi
856 1514 888 1564 ‚)
931 1520 971 1551 et
1007 1513 1149 1551 deinde
1176 1514 1284 1566 apud
1308 1515 1376 1553 Du
1404 1516 1511 1554 Can-

79 1569 191 1620 gium
218 1583 261 1608 v.
295 1569 472 1607 Mioewm
499 1582 658 1631 qutoque
685 1569 882 1621 legerem:
913 1581 995 1606 non
1022 1574 1200 1620 poteram
1229 1570 1323 1607 satis
1352 1571 1512 1609 novita-

75 1629 158 1661 tem
183 1625 399 1662 sententiae
425 1625 575 1670 mirati,
605 1637 708 1676 quae
737 1629 884 1671 censet,
913 1623 1033 1660 mixta
1061 1621 1178 1661 fuisse
1197 1622 1287 1662 ideo
1314 1624 1509 1673 instituta,

78 1684 125 1715 ut
151 1691 332 1730 saporem
360 1685 400 1717 et
427 1677 614 1732 reliquias
641 1691 777 1716 omnes
805 1677 1038 1715 saciamenti
1069 1691 1114 1715 ex
1141 1690 1210 1715 ore
1238 1678 1508 1731 abstergeret,

79 1732 244 1785 eiusque
285 1732 387 1770 nihil
425 1733 644 1785 quidquam
682 1734 827 1771 sineret
854 1733 997 1783 periie.
1057 1730 1137 1770 Sed
1162 1733 1297 1771 inveni
1324 1733 1511 1797 deinceps

78 1794 283 1825 auctorem
322 1787 531 1839 antiquum
560 1795 598 1826 et
627 1801 789 1839 gravem
810 1786 1156 1849 Chrysostomum
1169 1814 1181 1835 ,
1210 1788 1306 1850 qui,
1334 1794 1434 1826 teste
1466 1790 1509 1827 iu

76 1841 160 1879 eius
186 1841 282 1880 Vita
310 1840 507 1904 Palladio,
539 1856 582 1894 p.
602 1841 670 1880 66.
707 1835 880 1894 παοήνει
926 1840 1027 1878 πᾶσι
1055 1837 1161 1889 μετὰ
1189 1840 1264 1892 τήν
1291 1839 1508 1886 κοινωνίαν

78 1892 396 1957 ἀπογεύσασθαι
433 1891 585 1942 ὕδατος
625 1909 691 1935 και
729 1880 952 1943 manhu,
1003 1893 1072 1933 ι’να
1117 1890 1175 1946 μή
1221 1892 1424 1941 ἀκουσίως
1450 1896 1510 1934 τῶ

75 1947 199 1986 σιέλω
227 1942 255 2000 ἢ
293 1949 349 2003 τῷ
393 1948 592 2002 φλέγματι
637 1945 957 1989 συιεκπτύσωσί
977 1963 1016 1988 τι
1043 1948 1118 1988 τοῦ
1145 1946 1373 1998 συμβόλου.
1426 1950 1506 1988 Sed

76 2015 215 2041 revera
242 2005 426 2042 successit
450 2004 526 2043 hoc
551 2006 718 2043 mixtum
745 2005 912 2042 vetustis
940 2004 1100 2056 agapis,
1144 2017 1242 2055 quas
1270 2003 1323 2041 ob
1353 2003 1505 2042 luxuri-

75 2070 142 2094 am
171 2064 210 2095 et
238 2057 445 2097 ebrietates
472 2067 511 2097 et
538 2058 613 2112 flag
617 2060 683 2098 itia
722 2058 797 2096 alia
826 2057 1112 2097 celebrantium
1156 2058 1321 2096 infames
1341 2057 1506 2099 ecclesia

74 2111 236 2149 tandem
254 2113 495 2165 abrogabat3
525 2075 860 2166 qugmadmodum
888 2114 995 2165 ipsae
1020 2126 1167 2164 agapae
1211 2113 1504 2152 imitamentum

75 2165 283 2218 epularum
320 2174 433 2205 erant
443 2197 456 2215 ‚
487 2182 584 2220 quas
624 2168 789 2220 gentiles
825 2175 913 2221 post.
941 2167 1130 2207 sacrificia
1175 2181 1248 2206 sua
1275 2167 1316 2204 in
1346 2167 1504 2219 templis

73 2220 278 2259 instituere
315 2221 510 2260 solebant.
574 2223 701 2261 Primi
730 2223 870 2261 Patres
911 2221 1122 2270 ecclesiae,
1153 2235 1278 2273 quum
1304 2221 1500 2269 videi-‚ent

72 2288 201 2327 neque
246 2275 413 2314 Iudaeos
435 2305 447 2326 ,
489 2290 616 2328 neque
654 2278 825 2316 Graecos
864 2277 1010 2328 absque
1038 2275 1180 2314 ritibus
1210 2275 1502 2328 pontificalibus

73 2329 229 2367 traduci
264 2344 354 2368 suas
381 2332 422 2368 in
450 2338 584 2382 partes
624 2345 770 2383 posse,
802 2330 1050 2369 indulserunt
1078 2330 1170 2382 ipsis
1199 2337 1238 2368 et
1263 2329 1435 2368 hostiam
1461 2337 1502 2369 et

73 2384 310 2422 sacrificium
340 2391 378 2423 et
405 2384 540 2436 epulas
569 2386 766 2424 saciificiis
794 2386 1064 2423 adhaer.entes
1119 2383 1215 2422 lude
1242 2385 1430 2424 remansit
1457 2386 1500 2423 in

78 2437 239 2477 ecclesia
266 2453 350 2477 mos
379 2441 419 2477 in
440 2439 595 2490 templis
624 2439 833 2491 epulandi,
863 2439 913 2477 de
941 2452 1020 2490 quo
1047 2452 1172 2491 quum
1201 2438 1407 2491 aliquoties
1433 2438 1498 2476 fu-

75 2490 168 2531 isset
193 2493 245 2530 ad
271 2500 453 2533 nostrum.
482 2493 752 2532 Ceremoniale
780 2493 995 2532 disserendi
1022 2494 1202 2538 occasio,
1233 2493 1297 2531 hic
1322 2492 1499 2532 oblatam

74 2557 156 2583 non
185 2546 442 2586 dimittemus.
500 2547 701 2586 Adiuncta
736 2562 877 2599 nempe
915 2554 1028 2585 erant
1052 2547 1268 2586 maioribus
1297 2547 1495 2598 ecclesiis,

75 2597 116 2635 in
143 2613 241 2651 quas
269 2601 483 2641 solenniter
519 2602 734 2664 procedere
760 2604 870 2641 statis
905 2600 1044 2640 diebus
1071 2601 1250 2640 solebant
1277 2602 1498 2654 Imperato-

74 2665 159 2707 les·⁸
184 2653 355 2707 palatia,
385 2664 454 2697 aut
492 2657 584 2710 ipsis
610 2659 740 2710 potius
782 2655 953 2696 ecclesiis
979 2657 1034 2695 sic
1065 2656 1239 2705 intexta,
1271 2663 1316 2695 ut
1340 2662 1497 2710 partem.
