1884 3132
348 143 456 217 784
618 161 689 202 10.
733 161 836 203 1Ac.
877 163 1068 204 Rmsxn
1107 162 1479 210 coimmTARu

340 279 428 303 rum
466 279 528 303 res
563 278 674 304 secus
707 265 842 305 habet.
900 267 960 306 De
987 266 1258 320 Longohardis
1294 267 1540 309 solummodo
1571 267 1765 323 appellata

340 328 398 359 est
428 319 555 358 Gallia
586 321 807 374 Cisalpina,
847 336 948 374 quae
979 322 1193 361 hodienum
1237 323 1367 362 adhuc
1416 324 1529 364 nobis
1554 324 1765 363 Germanis

340 376 406 413 die
425 375 670 427 Lombardey
697 377 828 425 audit,
858 377 951 415 olim
970 377 1269 429 Longobardiae
1287 392 1454 431 regnum
1475 386 1515 417 et
1533 376 1765 431 Longobar-

341 430 407 468 dia
437 431 582 469 minor.
643 431 795 470 Verum
825 431 986 471 alterius
1006 432 1308 484 Longobardiae
1335 435 1515 484 minoris,
1543 433 1767 472 Calabriam

340 492 380 523 et
407 485 595 538 Apuliam
627 486 880 538 complexae,
914 501 1059 526 nomen
1091 487 1141 525 ab
1166 487 1366 527 Arabibus
1395 488 1654 542 repetendum
1688 495 1762 527 est.

342 551 504 589 Habent
535 551 591 590 illi
619 566 757 591 vocem
776 562 844 607 53,
890 553 1026 604 Βαιϊ,
1069 566 1172 605 quae
1198 559 1345 592 terram
1383 556 1648 593 continentem
1670 583 1685 604 ‚
1723 554 1764 592 in

341 608 470 658 specie
501 608 766 657 maritimam,
795 609 1007 662 riperiam,
1037 614 1165 647 notat.
1217 608 1281 646 Sic
1309 609 1402 647 barr-
1431 610 1476 648 al
1500 609 1664 648 Adwah
1693 622 1766 661 ap-

339 661 489 713 pellant
516 663 782 701 continentem
811 663 994 712 Africae,
1032 677 1111 715 qua
1141 664 1327 703 traiectus
1361 663 1407 703 fit
1438 665 1480 703 in
1513 664 1762 717 Hispaniam.

340 717 558 756 Rodericus
584 717 803 757 'toletanus
831 719 934 757 Hist.
966 717 1093 756 Arab.
1127 732 1163 758 e.
1198 717 1259 757 15.
1283 720 1559 773 promontoria
1584 718 1766 758 transdu-

340 774 445 811 ctiva
466 772 653 811 reddidit.
684 772 742 811 Al
764 773 874 810 Bam·
897 781 940 810 at
963 773 1002 811 T
999 773 1138 822 leawil,
1168 773 1322 825 longam
1343 774 1502 813 barram
1521 788 1590 813 seu
1608 775 1765 825 longam

341 829 531 882 rzperz'am
576 835 645 866 aut
677 829 929 866 continentem
970 826 1167 880 appellant
1199 835 1328 867 totum
1362 835 1533 867 tractum
1571 828 1707 868 ltaliae
1739 841 1765 867 a

341 882 442 921 freto
486 883 618 922 Siculo
654 897 780 936 usque
822 883 873 921 ad
908 882 1069 921 clisuras
1096 883 1256 921 Genuae
1293 890 1332 922 et
1358 884 1527 923 confinia
1553 883 1761 923 Franciae.

342 937 629 976 Lombardiam
660 945 792 976 autem
823 938 984 990 proprie
1010 937 1155 976 dictam
1177 967 1188 987 ‚
1216 942 1258 976 in
1286 953 1363 991 qua
1390 937 1662 978 Mediolanum
1692 945 1765 987 est,

341 994 561 1060 Kgofflfflss
596 1004 641 1042 al
665 1003 968 1053 Lambardiam,
997 1010 1034 1041 et
1065 993 1272 1056 KAO)÷S>U5,
1315 1004 1360 1042 al
1383 1004 1664 1045 Lombardiam
1693 1017 1764 1056 ap-

341 1057 555 1110 pellabant.
609 1059 759 1096 Vocem
785 1058 939 1096 Bar-rae
965 1057 1017 1096 ab
1044 1056 1156 1110 ipsis⁴
1175 1072 1255 1097 non
1284 1058 1450 1112 Hispani
1479 1065 1636 1098 tantum
1652 1087 1665 1108 ‚
1695 1057 1765 1097 sed

342 1119 382 1150 et
407 1114 555 1152 Franci
583 1119 622 1151 et
658 1112 746 1151 Itali
775 1120 1057 1151 assumserunt.
1118 1113 1292 1153 Aimoin.
1318 1113 1549 1152 Continuat.
1575 1113 1622 1154 L.
1648 1113 1702 1152 V.
1729 1127 1765 1155 e.

342 1180 408 1205 22.
430 1183 441 1206 :
473 1168 664 1206 Saraceni
687 1168 738 1205 de
766 1167 899 1206 Bam-a
929 1167 989 1221 [id
1018 1175 1076 1206 est
1103 1167 1258 1221 Africa]
1299 1168 1531 1221 egredientes
1561 1177 1598 1206 et
1620 1169 1765 1206 hostem

339 1222 535 1262 chdovici
563 1231 654 1278 post
690 1231 838 1274 tergum
880 1232 1084 1276 sequentes.
1142 1223 1206 1261 Cf.
1244 1222 1386 1262 Abulf.
1426 1222 1535 1264 Ann.
1560 1223 1612 1261 T.
1645 1222 1695 1265 V.
1723 1236 1766 1274 p.

347 1276 433 1330 147.
474 1292 581 1330 seqq.
636 1277 713 1331 [De
743 1276 962 1315 differentia
987 1277 1248 1316 Lombardiae
1267 1284 1305 1316 et
1322 1277 1643 1330 Langobardiae,
1670 1277 1765 1315 item

342 1331 391 1370 de
422 1334 570 1371 maiore
597 1339 636 1370 et
666 1333 817 1370 minore
847 1332 1110 1383 Lombardia,
1136 1332 1204 1371 illa
1221 1331 1351 1371 Gallia
1379 1332 1561 1384 Padana,
1588 1332 1662 1371 hac
1688 1331 1767 1370 du-

342 1393 433 1425 catu
451 1387 744 1434 Beneventano,
778 1387 952 1438 disputat
979 1401 1199 1441 anonymus
1228 1387 1390 1439 quidam
1419 1387 1639 1426 Monachus
1667 1386 1767 1425 Cas-

341 1442 505 1480 sinensis
533 1443 572 1480 in
600 1443 703 1480 notis
731 1441 782 1479 ad
810 1443 999 1481 morenae
1029 1443 1233 1481 historiam
1263 1441 1391 1480 Laudi
1427 1457 1468 1496 p.
1504 1442 1616 1481 1130.
1645 1441 1764 1480 Tomi

341 1496 420 1535 Vl.
463 1498 610 1551 Script.
644 1497 737 1535 Rer.
785 1495 870 1539 Ital.
901 1498 1048 1539 Murat.
1103 1497 1359 1550 Expendatur
1387 1497 1497 1536 locus
1527 1497 1603 1535 Nili
1630 1496 1765 1534 Doxo-

343 1552 462 1604 patrii
511 1552 560 1591 de
596 1552 770 1605 quinque
812 1552 1170 1602 patriarchanbus:
1215 1550 1306 1590 ἐπεὶ
1344 1547 1423 1604 γάρ
1460 1547 1505 1590 τὸ
1550 1548 1765 1592 Δουκὰτον

342 1603 477 1659 πάσης
504 1603 815 1658 Λογγιβαρδιῖις
834 1635 845 1655 ,
890 1606 961 1658 τῆς
993 1606 1174 1652 παλαιᾶς
1195 1602 1387 1652 Ἑλλάδος
1426 1598 1578 1659 οὔσης,
1606 1599 1654 1658 ἦν
1682 1600 1763 1644 {mo

341 1657 413 1698 τὸν
457 1662 632 1711 βασιλέα
671 1659 1156 1708 Κωνσταντιιόυπόλεως.
1229 1661 1389 1714 Ergone
1426 1674 1570 1714 magna
1597 1661 1764 1700 Graecia

343 1722 428 1753 erat
455 1717 583 1768 patria
611 1715 848 1766 Hessenum,
894 1722 932 1753 et
959 1717 1116 1769 proprie
1143 1715 1261 1761 olim,
1304 1722 1395 1754 ante
1421 1715 1589 1754 Romam
1626 1715 1765 1754 condi-

342 1776 425 1808 tam
443 1800 453 1820 ‚
485 1770 620 1809 Hellas
647 1770 780 1819 dicta,
826 1770 933 1809 unde
970 1773 1121 1810 traiecti
1159 1771 1198 1809 in
1228 1771 1433 1809 Graeciam
1463 1770 1648 1810 Hellenes
1670 1770 1765 1809 huic

345 1826 498 1878 regioni
521 1839 663 1864 nomen
683 1839 799 1864 suum
821 1827 1118 1878 imposuerunt?
1139 1825 1213 1863 Ex
1231 1823 1437 1879 Addend.]

453 1880 507 1918 A.
538 1879 692 1935 penult.
733 1879 850 1935 [661‚
892 1878 969 1935 15.]
1014 1874 1223 1932 ὄνυχίτου.
1287 1879 1365 1920 Vel
1392 1873 1639 1931 ὄνυχιτινὸν.
1701 1879 1761 1918 Μ.

462 1945 484 1968 τ

346 1978 467 2034 ὄνυχι

394 2051 397 2056 ’
1175 2046 1226 2070 m

457 2081 508 2121 A.
528 2082 679 2136 penult.
710 2082 827 2137 [661‚
852 2083 931 2137 14]
961 2078 1079 2122 ἰἷέλια
1107 2084 1197 2122 niso
1235 2114 1244 2123 .
1311 2082 1516 2122 Extricare
1549 2081 1626 2122 hoc
1654 2094 1766 2121 com-

345 2135 535 2190 pendium
563 2140 780 2191 scripturae
806 2154 886 2177 non
913 2137 1031 2178 valui.
1096 2138 1143 2176 In
1171 2137 1321 2176 Latinis
1357 2145 1403 2176 ut
1441 2137 1589 2191 aliquid
1627 2137 1764 2176 darem

345 2205 427 2230 non
447 2206 608 2244 prorsus
633 2193 820 2244 alienum,
846 2193 937 2232 dedi
967 2192 1268 2245 Heliopolitana.
1321 2192 1445 2246 Saepe
1458 2193 1512 2239 ΚΑ
1527 2200 1566 2232 et
1587 2191 1634 2230 Η
1660 2206 1683 2230 a
1712 2190 1764 2230 li-

345 2245 489 2286 brariis
517 2248 762 2300 permutari,
802 2249 1032 2286 demonstro
1071 2247 1121 2285 ad
1147 2262 1190 2300 p.
1212 2247 1307 2300 439.
1330 2247 1376 2285 Β.
1399 2262 1452 2298 1.,
1484 2254 1522 2286 et
1549 2249 1590 2286 in
1618 2247 1765 2285 nostris.

345 2301 586 2340 membranis
613 2302 755 2341 ambae
782 2302 935 2341 litterae
962 2310 1043 2341 tam
1072 2301 1245 2356 gemellis
1273 2309 1385 2340 erant
1412 2302 1537 2340 modis
1564 2308 1758 2347 exaratae,

345 2363 391 2394 ut
419 2369 539 2395 ovum
567 2370 644 2396 ovo
673 2357 839 2396 similius
867 2372 949 2396 esse
975 2364 1157 2410 nequeat.
1209 2357 1271 2395 De
1297 2358 1400 2396 vitro
1439 2357 1479 2395 in
1511 2363 1639 2395 tractu
1667 2355 1760 2392 Tri-

345 2410 446 2462 polis
476 2411 721 2450 Palaestinae
748 2420 786 2450 et
813 2411 1001 2451 Baalbeki
1030 2427 1096 2450 seu
1127 2411 1339 2464 Heliopolis
1381 2418 1419 2450 et
1455 2410 1562 2464 apud
1588 2408 1759 2462 Byblum

347 2479 391 2503 ex
421 2480 540 2505 arena
567 2465 676 2505 fluvii
706 2466 863 2519 Byblini
889 2469 986 2505 mire
1015 2466 1180 2506 candida
1206 2473 1245 2504 et
1272 2467 1467 2519 pellucida
1495 2466 1688 2512 factitato,
1720 2473 1759 2504 et

346 2526 524 2570 veteres,
563 2529 608 2559 ut
636 2520 818 2567 Plinius,
856 2529 897 2561 et
923 2523 1158 2561 recentiores
1185 2521 1378 2560 Itinerarii
1407 2521 1463 2559 ad'
1483 2535 1606 2559 unum
1634 2535 1760 2572 paene

346 2587 484 2613 omnes
511 2582 747 2615 memorant.
801 2575 853 2616 ln
880 2576 1114 2630 compendio
1139 2589 1297 2628 quoque
1322 2590 1383 2614 πτ
1403 2575 1525 2614 latere
1541 2571 1757 2626 πολιτάνα,

1430 2638 1480 2661 nt

348 2672 411 2708 vix
440 2680 498 2710 est
526 2674 704 2713 dubium.
766 2676 810 2713 In
842 2674 900 2715 M.
932 2683 1014 2715 erat
1039 2678 1093 2716 sic
1126 2676 1314 2727 scriptum
1342 2675 1434 2717 Ζιλεο
1478 2703 1486 2712 .
1544 2675 1665 2714 Unde
1693 2676 1762 2715 eti-

349 2728 445 2762 amsi
491 2727 612 2766 velles
658 2727 926 2780 κλῑοπατρικὰ
968 2730 1117 2770 efficere
1137 2760 1147 2779 ,
1197 2730 1293 2768 mihi
1342 2728 1501 2780 quidem
1551 2731 1599 2769 de
1647 2731 1758 2770 vitris

350 2778 602 2831 Cleopatricis
630 2797 709 2821 nou
738 2791 904 2822 constat.
