<?xml version="1.0" encoding="UTF-8"?>
<!DOCTYPE html PUBLIC "-//W3C//DTD XHTML 1.0 Transitional//EN"
    "http://www.w3.org/TR/xhtml1/DTD/xhtml1-transitional.dtd">
<html xmlns="http://www.w3.org/1999/xhtml" xml:lang="en" lang="en">
 <head>
  <title>
</title>
<meta http-equiv="Content-Type" content="text/html;charset=utf-8" />
  <meta name='ocr-system' content='tesseract 3.04.00' />
  <meta name='ocr-capabilities' content='ocr_page ocr_carea ocr_par ocr_line ocrx_word'/>
</head>
<body>
  <div class='ocr_page' id='page_1' title='image "./corpusscriptorum08niebuoft_0500.png"; bbox 0 0 1884 3132; ppageno 0'>
   <div class='ocr_carea' id='block_1_1' title="bbox 288 126 1454 198">
    <p class='ocr_par' dir='ltr' id='par_1_1' title="bbox 288 126 1454 198">
     <span class='ocr_line' id='line_1_1' title="bbox 288 126 1454 198; baseline 0.01 -20"><span class='ocrx_word' id='word_1_1' title='bbox 288 126 398 198; x_wconf 62' lang='grc'><strong>492</strong></span> <span class='ocrx_word' id='word_1_2' title='bbox 569 143 641 185; x_wconf 90' lang='lat'><strong>10.</strong></span> <span class='ocrx_word' id='word_1_3' title='bbox 685 145 791 188; x_wconf 79' lang='lat' dir='ltr'>1Ac.</span> <span class='ocrx_word' id='word_1_4' title='bbox 831 147 1025 187; x_wconf 72' lang='lat' dir='ltr'><strong>Rmsxn</strong></span> <span class='ocrx_word' id='word_1_5' title='bbox 1073 147 1454 190; x_wconf 78' lang='lat' dir='ltr'><strong>COMMENTARH</strong></span> 
     </span>
    </p>
   </div>
   <div class='ocr_carea' id='block_1_2' title="bbox 294 246 1743 1699">
    <p class='ocr_par' dir='ltr' id='par_1_2' title="bbox 294 246 1741 1199">
     <span class='ocr_line' id='line_1_2' title="bbox 294 246 1735 308; baseline 0.005 -22"><span class='ocrx_word' id='word_1_6' title='bbox 294 252 527 299; x_wconf 83' lang='lat' dir='ltr'><strong>exponatur.</strong></span> <span class='ocrx_word' id='word_1_7' title='bbox 605 246 709 286; x_wconf 86' lang='lat' dir='ltr'><strong>Citat</strong></span> <span class='ocrx_word' id='word_1_8' title='bbox 736 247 791 286; x_wconf 86' lang='lat' dir='ltr'><strong>ibi</strong></span> <span class='ocrx_word' id='word_1_9' title='bbox 821 262 866 287; x_wconf 88' lang='lat' dir='ltr'><strong>ex</strong></span> <span class='ocrx_word' id='word_1_10' title='bbox 903 255 1038 288; x_wconf 83' lang='lat' dir='ltr'><strong>vetere</strong></span> <span class='ocrx_word' id='word_1_11' title='bbox 1066 249 1204 290; x_wconf 88' lang='lat' dir='ltr'><strong>charta</strong></span> <span class='ocrx_word' id='word_1_12' title='bbox 1241 251 1363 290; x_wconf 87' lang='lat' dir='ltr'><strong>haec:</strong></span> <span class='ocrx_word' id='word_1_13' title='bbox 1422 251 1515 291; x_wconf 83' lang='lat' dir='ltr'><strong>Non</strong></span> <span class='ocrx_word' id='word_1_14' title='bbox 1535 255 1735 308; x_wconf 68' lang='lat' dir='ltr'><strong>requiram</strong></span> 
     </span>
     <span class='ocr_line' id='line_1_3' title="bbox 294 304 1733 364; baseline 0.006 -25"><span class='ocrx_word' id='word_1_15' title='bbox 294 311 429 340; x_wconf 83' lang='lat' dir='ltr'><strong>contra</strong></span> <span class='ocrx_word' id='word_1_16' title='bbox 474 311 580 340; x_wconf 79' lang='lat' dir='ltr'><strong>tuam</strong></span> <span class='ocrx_word' id='word_1_17' title='bbox 613 312 769 357; x_wconf 80' lang='lat' dir='ltr'><strong>partem</strong></span> <span class='ocrx_word' id='word_1_18' title='bbox 797 304 889 357; x_wconf 81' lang='lat' dir='ltr'><strong>plus</strong></span> <span class='ocrx_word' id='word_1_19' title='bbox 929 313 1075 343; x_wconf 81' lang='lat' dir='ltr'><strong>terram</strong></span> <span class='ocrx_word' id='word_1_20' title='bbox 1101 307 1180 344; x_wconf 80' lang='lat' dir='ltr'><strong>nisi</strong></span> <span class='ocrx_word' id='word_1_21' title='bbox 1203 307 1317 346; x_wconf 77' lang='lat' dir='ltr'><strong>istam</strong></span> <span class='ocrx_word' id='word_1_22' title='bbox 1341 329 1362 336; x_wconf 88' lang='lat'><em>-</em></span> <span class='ocrx_word' id='word_1_23' title='bbox 1380 307 1423 345; x_wconf 85' lang='lat' dir='ltr'><strong>in</strong></span> <span class='ocrx_word' id='word_1_24' title='bbox 1445 322 1524 362; x_wconf 84' lang='lat' dir='ltr'><strong>qua</strong></span> <span class='ocrx_word' id='word_1_25' title='bbox 1549 322 1627 347; x_wconf 85' lang='lat' dir='ltr'><strong>non</strong></span> <span class='ocrx_word' id='word_1_26' title='bbox 1657 323 1733 364; x_wconf 89' lang='lat' dir='ltr'><strong>po-</strong></span> 
     </span>
     <span class='ocr_line' id='line_1_4' title="bbox 296 359 1736 424; baseline 0.006 -20"><span class='ocrx_word' id='word_1_27' title='bbox 296 381 386 405; x_wconf 82' lang='lat' dir='ltr'><strong>nam</strong></span> <span class='ocrx_word' id='word_1_28' title='bbox 409 367 480 405; x_wconf 76' lang='lat' dir='ltr'><strong>tibi</strong></span> <span class='ocrx_word' id='word_1_29' title='bbox 491 366 674 422; x_wconf 84' lang='lat' dir='ltr'><strong>Azaquia</strong></span> <span class='ocrx_word' id='word_1_30' title='bbox 702 359 890 418; x_wconf 51' lang='lat' dir='ltr'><strong>[ML-*55</strong></span> <span class='ocrx_word' id='word_1_31' title='bbox 907 396 918 417; x_wconf 89' lang='lat'><strong>,</strong></span> <span class='ocrx_word' id='word_1_32' title='bbox 970 367 1068 417; x_wconf 78' lang='grc' dir='ltr'><strong>τούς</strong></span> <span class='ocrx_word' id='word_1_33' title='bbox 1131 369 1376 424; x_wconf 78' lang='grc' dir='ltr'><em>α’γοραίους,</em></span> <span class='ocrx_word' id='word_1_34' title='bbox 1434 380 1632 412; x_wconf 76' lang='lat' dir='ltr'>exactores</span> <span class='ocrx_word' id='word_1_35' title='bbox 1673 372 1736 413; x_wconf 88' lang='lat' dir='ltr'><strong>vel</strong></span> 
     </span>
     <span class='ocr_line' id='line_1_5' title="bbox 297 422 1737 481; baseline 0.006 -22"><span class='ocrx_word' id='word_1_36' title='bbox 297 429 518 474; x_wconf 89' lang='lat' dir='ltr'><strong>sequestros</strong></span> <span class='ocrx_word' id='word_1_37' title='bbox 545 422 711 471; x_wconf 86' lang='lat' dir='ltr'>milites,</span> <span class='ocrx_word' id='word_1_38' title='bbox 741 425 810 477; x_wconf 89' lang='lat' dir='ltr'><strong>qui</strong></span> <span class='ocrx_word' id='word_1_39' title='bbox 837 426 1053 478; x_wconf 77' lang='lat' dir='ltr'><strong>tantisper,</strong></span> <span class='ocrx_word' id='word_1_40' title='bbox 1088 425 1215 465; x_wconf 89' lang='lat' dir='ltr'><strong>donec</strong></span> <span class='ocrx_word' id='word_1_41' title='bbox 1240 427 1438 480; x_wconf 82' lang='lat' dir='ltr'><strong>exegerint</strong></span> <span class='ocrx_word' id='word_1_42' title='bbox 1465 427 1648 467; x_wconf 81' lang='lat' dir='ltr'><strong>debitam¹</strong></span> <span class='ocrx_word' id='word_1_43' title='bbox 1667 442 1737 481; x_wconf 88' lang='lat' dir='ltr'><strong>pe-</strong></span> 
     </span>
     <span class='ocr_line' id='line_1_6' title="bbox 297 472 1735 551; baseline 0.006 -26"><span class='ocrx_word' id='word_1_44' title='bbox 297 489 478 536; x_wconf 84' lang='lat' dir='ltr'><strong>cuniam,</strong></span> <span class='ocrx_word' id='word_1_45' title='bbox 510 489 550 526; x_wconf 92' lang='lat' dir='ltr'><strong>in</strong></span> <span class='ocrx_word' id='word_1_46' title='bbox 570 490 652 527; x_wconf 86' lang='lat' dir='ltr'><strong>istis</strong></span> <span class='ocrx_word' id='word_1_47' title='bbox 679 491 816 529; x_wconf 84' lang='lat' dir='ltr'><strong>castris</strong></span> <span class='ocrx_word' id='word_1_48' title='bbox 837 493 990 544; x_wconf 84' lang='lat' dir='ltr'><strong>agrisve</strong></span> <span class='ocrx_word' id='word_1_49' title='bbox 1019 491 1230 545; x_wconf 83' lang='lat' dir='ltr'><strong>excubent]</strong></span> <span class='ocrx_word' id='word_1_50' title='bbox 1247 501 1316 530; x_wconf 76' lang='lat' dir='ltr'><strong>aut</strong></span> <span class='ocrx_word' id='word_1_51' title='bbox 1335 494 1380 531; x_wconf 85' lang='lat' dir='ltr'><strong>al</strong></span> <span class='ocrx_word' id='word_1_52' title='bbox 1394 494 1556 540; x_wconf 75' lang='lat' dir='ltr'><strong>hodera,</strong></span> <span class='ocrx_word' id='word_1_53' title='bbox 1573 472 1735 551; x_wconf 52' lang='grc' dir='ltr'><strong>[ιὲἷροὲΣ</strong></span> 
     </span>
     <span class='ocr_line' id='line_1_7' title="bbox 298 543 1735 602; baseline 0.006 -22"><span class='ocrx_word' id='word_1_54' title='bbox 298 556 454 595; x_wconf 81' lang='lat' dir='ltr'><strong>semper</strong></span> <span class='ocrx_word' id='word_1_55' title='bbox 496 551 738 595; x_wconf 81' lang='lat' dir='ltr'><strong>praesentes,</strong></span> <span class='ocrx_word' id='word_1_56' title='bbox 779 543 1139 599; x_wconf 72' lang='grc' dir='ltr'><em>,προσμοναρὼυς,</em></span> <span class='ocrx_word' id='word_1_57' title='bbox 1168 548 1388 600; x_wconf 85' lang='lat' dir='ltr'><strong>&#39;perpetuos</strong></span> <span class='ocrx_word' id='word_1_58' title='bbox 1426 548 1735 602; x_wconf 61' lang='lat' dir='ltr'><strong>praesidiarioss]</strong></span> 
     </span>
     <span class='ocr_line' id='line_1_8' title="bbox 298 598 1736 657; baseline 0.006 -22"><span class='ocrx_word' id='word_1_59' title='bbox 298 612 377 652; x_wconf 79' lang='lat' dir='ltr'><strong>qua</strong></span> <span class='ocrx_word' id='word_1_60' title='bbox 419 598 490 636; x_wconf 82' lang='lat' dir='ltr'><strong>tibi</strong></span> <span class='ocrx_word' id='word_1_61' title='bbox 519 608 662 637; x_wconf 79' lang='lat' dir='ltr'><strong>terram</strong></span> <span class='ocrx_word' id='word_1_62' title='bbox 692 609 796 638; x_wconf 74' lang='lat' dir='ltr'><strong>tuam</strong></span> <span class='ocrx_word' id='word_1_63' title='bbox 837 602 971 640; x_wconf 83' lang='lat' dir='ltr'><strong>tollam</strong></span> <span class='ocrx_word' id='word_1_64' title='bbox 992 632 1002 647; x_wconf 82' lang='lat'><strong>,</strong></span> <span class='ocrx_word' id='word_1_65' title='bbox 1031 616 1099 639; x_wconf 83' lang='lat' dir='ltr'><strong>nec</strong></span> <span class='ocrx_word' id='word_1_66' title='bbox 1128 617 1207 656; x_wconf 77' lang='lat' dir='ltr'><strong>pro</strong></span> <span class='ocrx_word' id='word_1_67' title='bbox 1226 617 1381 657; x_wconf 79' lang='lat' dir='ltr'><strong>pacem,</strong></span> <span class='ocrx_word' id='word_1_68' title='bbox 1410 603 1471 657; x_wconf 89' lang='lat' dir='ltr'><strong>[id</strong></span> <span class='ocrx_word' id='word_1_69' title='bbox 1488 611 1547 642; x_wconf 87' lang='lat' dir='ltr'><strong>est</strong></span> <span class='ocrx_word' id='word_1_70' title='bbox 1564 618 1634 656; x_wconf 86' lang='lat' dir='ltr'><strong>per</strong></span> <span class='ocrx_word' id='word_1_71' title='bbox 1666 617 1736 656; x_wconf 88' lang='lat' dir='ltr'><strong>pa-</strong></span> 
     </span>
     <span class='ocr_line' id='line_1_9' title="bbox 300 654 1735 712; baseline 0.003 -21"><span class='ocrx_word' id='word_1_72' title='bbox 300 667 386 692; x_wconf 92' lang='lat' dir='ltr'><strong>cem</strong></span> <span class='ocrx_word' id='word_1_73' title='bbox 400 683 410 702; x_wconf 92' lang='lat'><strong>,</strong></span> <span class='ocrx_word' id='word_1_74' title='bbox 440 660 617 706; x_wconf 88' lang='lat' dir='ltr'><strong>tempore</strong></span> <span class='ocrx_word' id='word_1_75' title='bbox 635 654 779 708; x_wconf 88' lang='lat' dir='ltr'><strong>pacis,]</strong></span> <span class='ocrx_word' id='word_1_76' title='bbox 802 670 871 694; x_wconf 84' lang='lat' dir='ltr'><strong>nec</strong></span> <span class='ocrx_word' id='word_1_77' title='bbox 882 671 959 711; x_wconf 78' lang='lat' dir='ltr'><strong>pro</strong></span> <span class='ocrx_word' id='word_1_78' title='bbox 978 657 1140 708; x_wconf 69' lang='grc' dir='ltr'><strong>αζῘὲιηα,</strong></span> <span class='ocrx_word' id='word_1_79' title='bbox 1166 658 1312 711; x_wconf 88' lang='lat' dir='ltr'><strong>[neque</strong></span> <span class='ocrx_word' id='word_1_80' title='bbox 1330 665 1508 712; x_wconf 86' lang='lat' dir='ltr'><strong>tempore</strong></span> <span class='ocrx_word' id='word_1_81' title='bbox 1525 658 1735 707; x_wconf 86' lang='lat' dir='ltr'><strong>tumultus,</strong></span> 
     </span>
     <span class='ocr_line' id='line_1_10' title="bbox 299 707 1738 766; baseline 0.004 -20"><span class='ocrx_word' id='word_1_82' title='bbox 299 708 394 747; x_wconf 87' lang='lat' dir='ltr'><strong>belli</strong></span> <span class='ocrx_word' id='word_1_83' title='bbox 415 707 444 761; x_wconf 86' lang='lat'><strong>,]</strong></span> <span class='ocrx_word' id='word_1_84' title='bbox 475 723 545 747; x_wconf 82' lang='lat' dir='ltr'><strong>nec</strong></span> <span class='ocrx_word' id='word_1_85' title='bbox 578 724 665 748; x_wconf 76' lang='lat' dir='ltr'><strong>cum</strong></span> <span class='ocrx_word' id='word_1_86' title='bbox 687 710 848 750; x_wconf 78' lang='lat' dir='ltr'><strong>Mauros</strong></span> <span class='ocrx_word' id='word_1_87' title='bbox 865 727 934 750; x_wconf 83' lang='lat' dir='ltr'><strong>nec</strong></span> <span class='ocrx_word' id='word_1_88' title='bbox 961 726 1046 750; x_wconf 76' lang='lat' dir='ltr'><strong>cum</strong></span> <span class='ocrx_word' id='word_1_89' title='bbox 1081 712 1316 751; x_wconf 77' lang='lat' dir='ltr'><strong>Christianos</strong></span> <span class='ocrx_word' id='word_1_90' title='bbox 1345 711 1407 766; x_wconf 83' lang='lat' dir='ltr'><strong>[id</strong></span> <span class='ocrx_word' id='word_1_91' title='bbox 1451 721 1510 752; x_wconf 87' lang='lat' dir='ltr'><strong>est</strong></span> <span class='ocrx_word' id='word_1_92' title='bbox 1537 715 1619 752; x_wconf 86' lang='lat' dir='ltr'><strong>sive</strong></span> <span class='ocrx_word' id='word_1_93' title='bbox 1645 728 1738 752; x_wconf 91' lang='lat' dir='ltr'><strong>cum</strong></span> 
     </span>
     <span class='ocr_line' id='line_1_11' title="bbox 300 763 1739 822; baseline 0.004 -21"><span class='ocrx_word' id='word_1_94' title='bbox 300 765 452 802; x_wconf 86' lang='lat' dir='ltr'><strong>Mauris</strong></span> <span class='ocrx_word' id='word_1_95' title='bbox 494 763 593 802; x_wconf 88' lang='lat' dir='ltr'><strong>illud</strong></span> <span class='ocrx_word' id='word_1_96' title='bbox 649 764 799 803; x_wconf 88' lang='lat' dir='ltr'><strong>bellum</strong></span> <span class='ocrx_word' id='word_1_97' title='bbox 836 774 1023 819; x_wconf 83' lang='lat' dir='ltr'><strong>geratur,</strong></span> <span class='ocrx_word' id='word_1_98' title='bbox 1067 769 1150 806; x_wconf 89' lang='lat' dir='ltr'><strong>sive</strong></span> <span class='ocrx_word' id='word_1_99' title='bbox 1194 782 1284 806; x_wconf 90' lang='lat' dir='ltr'><strong>cum</strong></span> <span class='ocrx_word' id='word_1_100' title='bbox 1325 767 1594 822; x_wconf 81' lang='lat' dir='ltr'><strong>Christianis].</strong></span> <span class='ocrx_word' id='word_1_101' title='bbox 1659 768 1739 807; x_wconf 89' lang='lat' dir='ltr'><strong>Sed</strong></span> 
     </span>
     <span class='ocr_line' id='line_1_12' title="bbox 300 818 1737 876; baseline 0.003 -20"><span class='ocrx_word' id='word_1_102' title='bbox 300 818 421 857; x_wconf 85' lang='lat' dir='ltr'><strong>redeo</strong></span> <span class='ocrx_word' id='word_1_103' title='bbox 451 818 501 857; x_wconf 87' lang='lat' dir='ltr'><strong>ad</strong></span> <span class='ocrx_word' id='word_1_104' title='bbox 530 827 807 872; x_wconf 84' lang='lat' dir='ltr'><strong>argumentum</strong></span> <span class='ocrx_word' id='word_1_105' title='bbox 835 835 985 860; x_wconf 89' lang='lat' dir='ltr'><strong>meum.</strong></span> <span class='ocrx_word' id='word_1_106' title='bbox 1042 821 1091 860; x_wconf 91' lang='lat' dir='ltr'><strong>In</strong></span> <span class='ocrx_word' id='word_1_107' title='bbox 1119 822 1297 875; x_wconf 89' lang='lat' dir='ltr'><strong>quinque</strong></span> <span class='ocrx_word' id='word_1_108' title='bbox 1324 830 1455 875; x_wconf 81' lang='lat' dir='ltr'><strong>partes</strong></span> <span class='ocrx_word' id='word_1_109' title='bbox 1485 837 1644 876; x_wconf 87' lang='lat' dir='ltr'><strong>quoque</strong></span> <span class='ocrx_word' id='word_1_110' title='bbox 1673 823 1737 861; x_wconf 87' lang='lat' dir='ltr'><strong>di-</strong></span> 
     </span>
     <span class='ocr_line' id='line_1_13' title="bbox 302 873 1739 932; baseline 0.002 -19"><span class='ocrx_word' id='word_1_111' title='bbox 302 874 403 913; x_wconf 89' lang='lat' dir='ltr'><strong>vidit</strong></span> <span class='ocrx_word' id='word_1_112' title='bbox 432 873 590 913; x_wconf 79' lang='lat' dir='ltr'><strong>Nicetas</strong></span> <span class='ocrx_word' id='word_1_113' title='bbox 630 889 672 927; x_wconf 88' lang='lat' dir='ltr'><strong>p.</strong></span> <span class='ocrx_word' id='word_1_114' title='bbox 703 889 770 928; x_wconf 80' lang='lat'><strong>72.</strong></span> <span class='ocrx_word' id='word_1_115' title='bbox 802 884 840 915; x_wconf 88' lang='lat' dir='ltr'><strong>et</strong></span> <span class='ocrx_word' id='word_1_116' title='bbox 875 892 967 915; x_wconf 87' lang='lat' dir='ltr'><strong>eum</strong></span> <span class='ocrx_word' id='word_1_117' title='bbox 994 877 1155 916; x_wconf 84' lang='lat' dir='ltr'><strong>animali</strong></span> <span class='ocrx_word' id='word_1_118' title='bbox 1196 885 1399 930; x_wconf 84' lang='lat' dir='ltr'><strong>comparat</strong></span> <span class='ocrx_word' id='word_1_119' title='bbox 1418 907 1430 929; x_wconf 86' lang='lat'><strong>,</strong></span> <span class='ocrx_word' id='word_1_120' title='bbox 1459 886 1576 931; x_wconf 83' lang='lat' dir='ltr'><strong>caput</strong></span> <span class='ocrx_word' id='word_1_121' title='bbox 1605 877 1739 932; x_wconf 86' lang='lat' dir='ltr'><strong>[ante-</strong></span> 
     </span>
     <span class='ocr_line' id='line_1_14' title="bbox 303 926 1739 987; baseline 0.002 -20"><span class='ocrx_word' id='word_1_122' title='bbox 303 928 521 982; x_wconf 88' lang='lat' dir='ltr'><strong>eursores],</strong></span> <span class='ocrx_word' id='word_1_123' title='bbox 551 944 681 968; x_wconf 87' lang='lat' dir='ltr'><strong>armos</strong></span> <span class='ocrx_word' id='word_1_124' title='bbox 711 926 822 984; x_wconf 80' lang='grc' dir='ltr'><strong>[τούς</strong></span> <span class='ocrx_word' id='word_1_125' title='bbox 851 930 1230 985; x_wconf 82' lang='grc' dir='ltr'><em>πλαγιοφύλακας],</em></span> <span class='ocrx_word' id='word_1_126' title='bbox 1264 939 1453 972; x_wconf 84' lang='lat' dir='ltr'><strong>truncum</strong></span> <span class='ocrx_word' id='word_1_127' title='bbox 1482 933 1567 987; x_wconf 87' lang='lat' dir='ltr'><strong>[seu</strong></span> <span class='ocrx_word' id='word_1_128' title='bbox 1595 946 1739 985; x_wconf 89' lang='lat' dir='ltr'><strong>corpus</strong></span> 
     </span>
     <span class='ocr_line' id='line_1_15' title="bbox 302 981 1740 1041; baseline 0.002 -19"><span class='ocrx_word' id='word_1_129' title='bbox 302 984 486 1036; x_wconf 87' lang='lat' dir='ltr'><strong>militiae]</strong></span> <span class='ocrx_word' id='word_1_130' title='bbox 517 992 555 1023; x_wconf 92' lang='lat' dir='ltr'><strong>et</strong></span> <span class='ocrx_word' id='word_1_131' title='bbox 584 999 700 1023; x_wconf 87' lang='lat' dir='ltr'><strong>crura</strong></span> <span class='ocrx_word' id='word_1_132' title='bbox 731 981 851 1039; x_wconf 79' lang='grc' dir='ltr'><strong>[τούς</strong></span> <span class='ocrx_word' id='word_1_133' title='bbox 893 982 1211 1041; x_wconf 74' lang='grc' dir='ltr'><strong>νωτοφύλακας]</strong></span> <span class='ocrx_word' id='word_1_134' title='bbox 1257 987 1421 1026; x_wconf 85' lang='lat' dir='ltr'><strong>habens.</strong></span> <span class='ocrx_word' id='word_1_135' title='bbox 1489 986 1624 1027; x_wconf 87' lang='lat' dir='ltr'><strong>Verba</strong></span> <span class='ocrx_word' id='word_1_136' title='bbox 1656 988 1740 1026; x_wconf 86' lang='lat' dir='ltr'><strong>eius</strong></span> 
     </span>
     <span class='ocr_line' id='line_1_16' title="bbox 303 1036 1741 1094; baseline 0.002 -16"><span class='ocrx_word' id='word_1_137' title='bbox 303 1039 402 1078; x_wconf 86' lang='lat' dir='ltr'><strong>haec</strong></span> <span class='ocrx_word' id='word_1_138' title='bbox 430 1046 548 1077; x_wconf 88' lang='lat' dir='ltr'><strong>sunt:</strong></span> <span class='ocrx_word' id='word_1_139' title='bbox 602 1036 865 1092; x_wconf 75' lang='grc' dir='ltr'><strong><em>Ἀνδρόνικος</em></strong></span> <span class='ocrx_word' id='word_1_140' title='bbox 891 1041 968 1091; x_wconf 81' lang='grc' dir='ltr'><strong>μὲν</strong></span> <span class='ocrx_word' id='word_1_141' title='bbox 996 1038 1075 1080; x_wconf 75' lang='grc' dir='ltr'><strong>ὅσα</strong></span> <span class='ocrx_word' id='word_1_142' title='bbox 1112 1041 1184 1081; x_wconf 86' lang='grc' dir='ltr'>καί</span> <span class='ocrx_word' id='word_1_143' title='bbox 1214 1041 1319 1090; x_wconf 79' lang='grc' dir='ltr'><strong>ζῶον</strong></span> <span class='ocrx_word' id='word_1_144' title='bbox 1345 1038 1421 1093; x_wconf 78' lang='grc' dir='ltr'><strong>τὴν</strong></span> <span class='ocrx_word' id='word_1_145' title='bbox 1450 1037 1652 1094; x_wconf 70' lang='grc' dir='ltr'><strong>στρατιὰν</strong></span> <span class='ocrx_word' id='word_1_146' title='bbox 1681 1042 1741 1088; x_wconf 83' lang='grc' dir='ltr'><strong>εἰς</strong></span> 
     </span>
     <span class='ocr_line' id='line_1_17' title="bbox 303 1089 1740 1151; baseline 0.003 -20"><span class='ocrx_word' id='word_1_147' title='bbox 303 1089 491 1146; x_wconf 75' lang='grc' dir='ltr'><strong>κεφαλήν</strong></span> <span class='ocrx_word' id='word_1_148' title='bbox 532 1091 605 1133; x_wconf 83' lang='grc' dir='ltr'><em>καί</em></span> <span class='ocrx_word' id='word_1_149' title='bbox 654 1094 780 1146; x_wconf 81' lang='grc' dir='ltr'><em>μέρος</em></span> <span class='ocrx_word' id='word_1_150' title='bbox 821 1092 865 1135; x_wconf 83' lang='grc' dir='ltr'><strong>τὸ</strong></span> <span class='ocrx_word' id='word_1_151' title='bbox 894 1093 1064 1135; x_wconf 80' lang='grc' dir='ltr'><strong><em>κατόπιν</em></strong></span> <span class='ocrx_word' id='word_1_152' title='bbox 1088 1094 1161 1136; x_wconf 81' lang='grc' dir='ltr'><em>καί</em></span> <span class='ocrx_word' id='word_1_153' title='bbox 1186 1096 1292 1148; x_wconf 81' lang='grc' dir='ltr'><em>μέλη</em></span> <span class='ocrx_word' id='word_1_154' title='bbox 1321 1093 1505 1148; x_wconf 77' lang='grc' dir='ltr'><strong>ἀνάλογα</strong></span> <span class='ocrx_word' id='word_1_155' title='bbox 1532 1097 1590 1151; x_wconf 74' lang='grc' dir='ltr'><strong>τῷ</strong></span> <span class='ocrx_word' id='word_1_156' title='bbox 1617 1095 1740 1135; x_wconf 82' lang='grc' dir='ltr'><strong><em>παντὶ</em></strong></span> 
     </span>
     <span class='ocr_line' id='line_1_18' title="bbox 304 1142 780 1199; baseline 0 -11"><span class='ocrx_word' id='word_1_157' title='bbox 304 1148 631 1198; x_wconf 74' lang='grc' dir='ltr'><strong>συνδιαθέμενος</strong></span> <span class='ocrx_word' id='word_1_158' title='bbox 656 1142 780 1199; x_wconf 79' lang='grc' dir='ltr'><strong>εἶχεν.</strong></span> 
     </span>
    </p>

    <p class='ocr_par' dir='ltr' id='par_1_3' title="bbox 305 1202 1742 1477">
     <span class='ocr_line' id='line_1_19' title="bbox 415 1202 1742 1259; baseline 0.002 -18"><span class='ocrx_word' id='word_1_159' title='bbox 415 1203 461 1241; x_wconf 84' lang='grc' dir='ltr'><strong>Β.</strong></span> <span class='ocrx_word' id='word_1_160' title='bbox 484 1202 522 1242; x_wconf 90' lang='grc'><strong>8.</strong></span> <span class='ocrx_word' id='word_1_161' title='bbox 547 1202 659 1257; x_wconf 78' lang='grc'>[453,</span> <span class='ocrx_word' id='word_1_162' title='bbox 688 1203 773 1258; x_wconf 86' lang='lat'>19.]</span> <span class='ocrx_word' id='word_1_163' title='bbox 823 1204 1129 1258; x_wconf 83' lang='grc' dir='ltr'><strong><em>στρεφομένων.</em></strong></span> <span class='ocrx_word' id='word_1_164' title='bbox 1184 1205 1366 1244; x_wconf 85' lang='lat' dir='ltr'><strong>Verbum</strong></span> <span class='ocrx_word' id='word_1_165' title='bbox 1395 1205 1656 1259; x_wconf 78' lang='grc' dir='ltr'><em>στρέφεσθαι</em></span> <span class='ocrx_word' id='word_1_166' title='bbox 1683 1213 1742 1244; x_wconf 89' lang='lat' dir='ltr'><strong>est</strong></span> 
     </span>
     <span class='ocr_line' id='line_1_20' title="bbox 308 1260 1739 1313; baseline 0.003 -19"><span class='ocrx_word' id='word_1_167' title='bbox 308 1270 438 1295; x_wconf 78' lang='lat' dir='ltr'><strong>moras</strong></span> <span class='ocrx_word' id='word_1_168' title='bbox 475 1268 635 1297; x_wconf 70' lang='lat' dir='ltr'><strong>nec-tere.</strong></span> <span class='ocrx_word' id='word_1_169' title='bbox 713 1260 813 1298; x_wconf 87' lang='lat' dir='ltr'><strong>Nam</strong></span> <span class='ocrx_word' id='word_1_170' title='bbox 841 1261 910 1313; x_wconf 88' lang='lat' dir='ltr'><strong>qui</strong></span> <span class='ocrx_word' id='word_1_171' title='bbox 946 1260 1036 1299; x_wconf 88' lang='lat' dir='ltr'><strong>loco</strong></span> <span class='ocrx_word' id='word_1_172' title='bbox 1064 1260 1197 1313; x_wconf 91' lang='lat' dir='ltr'><strong>aliquo</strong></span> <span class='ocrx_word' id='word_1_173' title='bbox 1227 1260 1440 1313; x_wconf 78' lang='lat' dir='ltr'><strong>procedere</strong></span> <span class='ocrx_word' id='word_1_174' title='bbox 1470 1267 1709 1299; x_wconf 82' lang='lat' dir='ltr'><strong>cunctantur</strong></span> <span class='ocrx_word' id='word_1_175' title='bbox 1727 1290 1739 1311; x_wconf 93' lang='lat'><strong>,</strong></span> 
     </span>
     <span class='ocr_line' id='line_1_21' title="bbox 305 1312 1742 1366; baseline 0.003 -17"><span class='ocrx_word' id='word_1_176' title='bbox 305 1312 348 1350; x_wconf 88' lang='lat' dir='ltr'><strong>in</strong></span> <span class='ocrx_word' id='word_1_177' title='bbox 380 1312 519 1351; x_wconf 88' lang='lat' dir='ltr'><strong>orbem</strong></span> <span class='ocrx_word' id='word_1_178' title='bbox 547 1327 588 1351; x_wconf 90' lang='lat' dir='ltr'><strong>se</strong></span> <span class='ocrx_word' id='word_1_179' title='bbox 617 1312 825 1366; x_wconf 83' lang='lat' dir='ltr'><strong>aliquoties</strong></span> <span class='ocrx_word' id='word_1_180' title='bbox 853 1322 892 1353; x_wconf 90' lang='lat' dir='ltr'><strong>et</strong></span> <span class='ocrx_word' id='word_1_181' title='bbox 920 1316 1039 1354; x_wconf 88' lang='lat' dir='ltr'><strong>modo</strong></span> <span class='ocrx_word' id='word_1_182' title='bbox 1067 1315 1155 1365; x_wconf 81' lang='lat' dir='ltr'><strong>hae,</strong></span> <span class='ocrx_word' id='word_1_183' title='bbox 1197 1316 1316 1354; x_wconf 90' lang='lat' dir='ltr'><strong>modo</strong></span> <span class='ocrx_word' id='word_1_184' title='bbox 1344 1315 1435 1354; x_wconf 91' lang='lat' dir='ltr'><strong>illac</strong></span> <span class='ocrx_word' id='word_1_185' title='bbox 1463 1323 1650 1366; x_wconf 88' lang='lat' dir='ltr'><strong>vertunt,</strong></span> <span class='ocrx_word' id='word_1_186' title='bbox 1679 1316 1742 1354; x_wconf 88' lang='lat' dir='ltr'><strong>in-</strong></span> 
     </span>
     <span class='ocr_line' id='line_1_22' title="bbox 306 1366 1741 1424; baseline 0.003 -20"><span class='ocrx_word' id='word_1_187' title='bbox 306 1366 391 1405; x_wconf 85' lang='lat' dir='ltr'><strong>vito</strong></span> <span class='ocrx_word' id='word_1_188' title='bbox 420 1367 618 1418; x_wconf 76' lang='lat' dir='ltr'><strong>discess¹¹3</strong></span> <span class='ocrx_word' id='word_1_189' title='bbox 663 1367 856 1424; x_wconf 71' lang='grc' dir='ltr'><em>ῥᾳθυμία</em></span> <span class='ocrx_word' id='word_1_190' title='bbox 901 1377 1030 1422; x_wconf 88' lang='lat' dir='ltr'><strong>potest</strong></span> <span class='ocrx_word' id='word_1_191' title='bbox 1058 1385 1218 1424; x_wconf 80' lang='lat' dir='ltr'><strong>quoque</strong></span> <span class='ocrx_word' id='word_1_192' title='bbox 1247 1370 1314 1409; x_wconf 88' lang='lat' dir='ltr'><strong>hic</strong></span> <span class='ocrx_word' id='word_1_193' title='bbox 1341 1370 1419 1409; x_wconf 90' lang='lat' dir='ltr'><strong>loci</strong></span> <span class='ocrx_word' id='word_1_194' title='bbox 1445 1371 1657 1424; x_wconf 77' lang='lat' dir='ltr'><strong>nequitiam</strong></span> <span class='ocrx_word' id='word_1_195' title='bbox 1687 1370 1741 1409; x_wconf 85' lang='lat' dir='ltr'><strong>si-</strong></span> 
     </span>
     <span class='ocr_line' id='line_1_23' title="bbox 308 1422 1054 1477; baseline 0.005 -18"><span class='ocrx_word' id='word_1_196' title='bbox 308 1422 510 1474; x_wconf 84' lang='lat' dir='ltr'><strong>gnificare.</strong></span> <span class='ocrx_word' id='word_1_197' title='bbox 540 1423 634 1462; x_wconf 84' lang='lat' dir='ltr'><strong>Vid.</strong></span> <span class='ocrx_word' id='word_1_198' title='bbox 665 1438 783 1477; x_wconf 83' lang='lat' dir='ltr'><strong>supra</strong></span> <span class='ocrx_word' id='word_1_199' title='bbox 812 1439 853 1477; x_wconf 90' lang='lat' dir='ltr'><strong>p.</strong></span> <span class='ocrx_word' id='word_1_200' title='bbox 887 1425 980 1467; x_wconf 87' lang='grc'><strong>260.</strong></span> <span class='ocrx_word' id='word_1_201' title='bbox 1010 1426 1054 1463; x_wconf 91' lang='grc' dir='ltr'><strong>Β.</strong></span> 
     </span>
    </p>

    <p class='ocr_par' dir='ltr' id='par_1_4' title="bbox 307 1475 1743 1699">
     <span class='ocr_line' id='line_1_24' title="bbox 418 1475 1742 1533; baseline 0.002 -18"><span class='ocrx_word' id='word_1_202' title='bbox 418 1478 463 1515; x_wconf 92' lang='lat' dir='ltr'><strong>B.</strong></span> <span class='ocrx_word' id='word_1_203' title='bbox 483 1492 525 1531; x_wconf 85' lang='lat'><strong>9.</strong></span> <span class='ocrx_word' id='word_1_204' title='bbox 561 1477 682 1531; x_wconf 68' lang='lat'><strong>[453,</strong></span> <span class='ocrx_word' id='word_1_205' title='bbox 708 1479 796 1533; x_wconf 86' lang='lat' dir='ltr'><strong>2o.]</strong></span> <span class='ocrx_word' id='word_1_206' title='bbox 840 1475 1195 1532; x_wconf 80' lang='grc' dir='ltr'><em>πλαγιοφύλακας,</em></span> <span class='ocrx_word' id='word_1_207' title='bbox 1261 1480 1368 1519; x_wconf 88' lang='lat' dir='ltr'><strong>Novi</strong></span> <span class='ocrx_word' id='word_1_208' title='bbox 1406 1480 1548 1519; x_wconf 86' lang='lat' dir='ltr'><strong>Graeci</strong></span> <span class='ocrx_word' id='word_1_209' title='bbox 1586 1478 1742 1530; x_wconf 72' lang='grc' dir='ltr'><em>πλαγία,</em></span> 
     </span>
     <span class='ocr_line' id='line_1_25' title="bbox 307 1530 1743 1587; baseline 0.003 -19"><span class='ocrx_word' id='word_1_210' title='bbox 307 1545 380 1584; x_wconf 84' lang='lat' dir='ltr'><strong>pro</strong></span> <span class='ocrx_word' id='word_1_211' title='bbox 409 1533 587 1581; x_wconf 78' lang='grc' dir='ltr'><em>πλεῦραι</em></span> <span class='ocrx_word' id='word_1_212' title='bbox 615 1533 815 1584; x_wconf 83' lang='lat' dir='ltr'><strong>dicebant,</strong></span> <span class='ocrx_word' id='word_1_213' title='bbox 846 1542 893 1573; x_wconf 91' lang='lat' dir='ltr'><strong>ut</strong></span> <span class='ocrx_word' id='word_1_214' title='bbox 921 1549 1042 1587; x_wconf 88' lang='lat' dir='ltr'><strong>supra</strong></span> <span class='ocrx_word' id='word_1_215' title='bbox 1068 1538 1147 1573; x_wconf 88' lang='lat' dir='ltr'><strong>iam</strong></span> <span class='ocrx_word' id='word_1_216' title='bbox 1176 1535 1399 1575; x_wconf 85' lang='lat' dir='ltr'><strong>observavi.</strong></span> <span class='ocrx_word' id='word_1_217' title='bbox 1455 1535 1556 1573; x_wconf 90' lang='lat' dir='ltr'><strong>Sunt</strong></span> <span class='ocrx_word' id='word_1_218' title='bbox 1583 1547 1676 1587; x_wconf 85' lang='lat' dir='ltr'><strong>ergo</strong></span> <span class='ocrx_word' id='word_1_219' title='bbox 1705 1530 1743 1572; x_wconf 78' lang='grc' dir='ltr'><strong>οἱ</strong></span> 
     </span>
     <span class='ocr_line' id='line_1_26' title="bbox 309 1582 1742 1639; baseline 0.003 -16"><span class='ocrx_word' id='word_1_220' title='bbox 309 1582 644 1639; x_wconf 85' lang='grc' dir='ltr'><em>πλαγιοφύλακες</em></span> <span class='ocrx_word' id='word_1_221' title='bbox 680 1590 845 1628; x_wconf 76' lang='lat' dir='ltr'><strong>laterum</strong></span> <span class='ocrx_word' id='word_1_222' title='bbox 879 1590 1066 1628; x_wconf 72' lang='lat' dir='ltr'><strong>custodes.</strong></span> <span class='ocrx_word' id='word_1_223' title='bbox 1138 1591 1337 1629; x_wconf 87' lang='lat' dir='ltr'><strong>Videntur</strong></span> <span class='ocrx_word' id='word_1_224' title='bbox 1375 1590 1495 1628; x_wconf 92' lang='lat' dir='ltr'><strong>iidem</strong></span> <span class='ocrx_word' id='word_1_225' title='bbox 1541 1603 1624 1628; x_wconf 91' lang='lat' dir='ltr'><strong>esse</strong></span> <span class='ocrx_word' id='word_1_226' title='bbox 1651 1601 1742 1627; x_wconf 90' lang='lat' dir='ltr'><strong>cum</strong></span> 
     </span>
     <span class='ocr_line' id='line_1_27' title="bbox 308 1640 1526 1699; baseline 0.003 -19"><span class='ocrx_word' id='word_1_227' title='bbox 308 1643 393 1688; x_wconf 80' lang='grc' dir='ltr'><em>τοῖς</em></span> <span class='ocrx_word' id='word_1_228' title='bbox 422 1642 768 1698; x_wconf 75' lang='grc' dir='ltr'><em>παραβανόίταις,</em></span> <span class='ocrx_word' id='word_1_229' title='bbox 798 1645 847 1684; x_wconf 92' lang='lat' dir='ltr'><strong>de</strong></span> <span class='ocrx_word' id='word_1_230' title='bbox 874 1645 1020 1699; x_wconf 89' lang='lat' dir='ltr'><strong>quibus</strong></span> <span class='ocrx_word' id='word_1_231' title='bbox 1039 1646 1107 1684; x_wconf 90' lang='lat' dir='ltr'><strong>Du</strong></span> <span class='ocrx_word' id='word_1_232' title='bbox 1120 1645 1256 1699; x_wconf 88' lang='lat' dir='ltr'><strong>Cange</strong></span> <span class='ocrx_word' id='word_1_233' title='bbox 1284 1659 1322 1686; x_wconf 91' lang='lat' dir='ltr'><strong>v.</strong></span> <span class='ocrx_word' id='word_1_234' title='bbox 1348 1640 1526 1685; x_wconf 76' lang='grc' dir='ltr'><strong>Βάνδον.</strong></span> 
     </span>
    </p>
   </div>
   <div class='ocr_carea' id='block_1_3' title="bbox 562 1916 1486 1960">
    <p class='ocr_par' dir='ltr' id='par_1_5' title="bbox 562 1916 1486 1960">
     <span class='ocr_line' id='line_1_28' title="bbox 562 1916 1486 1960; baseline -0.002 -2"><span class='ocrx_word' id='word_1_235' title='bbox 562 1919 653 1959; x_wconf 91' lang='lat' dir='ltr'><strong>AD</strong></span> <span class='ocrx_word' id='word_1_236' title='bbox 711 1919 1036 1960; x_wconf 89' lang='lat' dir='ltr'><strong>PARTEM</strong></span> <span class='ocrx_word' id='word_1_237' title='bbox 1095 1916 1486 1958; x_wconf 87' lang='lat' dir='ltr'><strong>ALTERAM.</strong></span> 
     </span>
    </p>
   </div>
   <div class='ocr_carea' id='block_1_4' title="bbox 313 2062 1748 2801">
    <p class='ocr_par' dir='ltr' id='par_1_6' title="bbox 313 2062 1748 2801">
     <span class='ocr_line' id='line_1_29' title="bbox 313 2062 1746 2145; baseline -0.003 -16"><span class='ocrx_word' id='word_1_238' title='bbox 313 2062 382 2133; x_wconf 88' lang='lat' dir='ltr'><strong>P.</strong></span> <span class='ocrx_word' id='word_1_239' title='bbox 414 2092 507 2132; x_wconf 80' lang='lat'><strong>263.</strong></span> <span class='ocrx_word' id='word_1_240' title='bbox 539 2092 725 2145; x_wconf 88' lang='lat' dir='ltr'><strong>Inscript.</strong></span> <span class='ocrx_word' id='word_1_241' title='bbox 766 2107 799 2131; x_wconf 88' lang='lat'><strong>1.</strong></span> <span class='ocrx_word' id='word_1_242' title='bbox 833 2091 944 2144; x_wconf 77' lang='grc'>[455,</span> <span class='ocrx_word' id='word_1_243' title='bbox 978 2105 1013 2131; x_wconf 84' lang='lat'><strong>1.</strong></span> <span class='ocrx_word' id='word_1_244' title='bbox 1058 2089 1191 2144; x_wconf 67' lang='lat' dir='ltr'><strong>insen]</strong></span> <span class='ocrx_word' id='word_1_245' title='bbox 1218 2086 1261 2129; x_wconf 81' lang='grc' dir='ltr'><strong>ἔν</strong></span> <span class='ocrx_word' id='word_1_246' title='bbox 1291 2086 1479 2143; x_wconf 76' lang='grc' dir='ltr'><strong>Χριστῷ.</strong></span> <span class='ocrx_word' id='word_1_247' title='bbox 1538 2086 1746 2126; x_wconf 87' lang='lat' dir='ltr'><strong>Ordinari-</strong></span> 
     </span>
     <span class='ocr_line' id='line_1_30' title="bbox 314 2142 1744 2201; baseline -0.006 -14"><span class='ocrx_word' id='word_1_248' title='bbox 314 2164 364 2189; x_wconf 88' lang='lat' dir='ltr'><strong>us</strong></span> <span class='ocrx_word' id='word_1_249' title='bbox 391 2149 456 2187; x_wconf 89' lang='lat' dir='ltr'><strong>hic</strong></span> <span class='ocrx_word' id='word_1_250' title='bbox 479 2154 561 2186; x_wconf 85' lang='lat' dir='ltr'><strong>erat</strong></span> <span class='ocrx_word' id='word_1_251' title='bbox 587 2148 727 2186; x_wconf 86' lang='lat' dir='ltr'><strong>titulus</strong></span> <span class='ocrx_word' id='word_1_252' title='bbox 754 2148 1065 2201; x_wconf 85' lang='lat' dir='ltr'><strong>Byzantinorum</strong></span> <span class='ocrx_word' id='word_1_253' title='bbox 1093 2147 1396 2199; x_wconf 85' lang='lat' dir='ltr'><strong>Imperatorum,</strong></span> <span class='ocrx_word' id='word_1_254' title='bbox 1419 2145 1460 2182; x_wconf 87' lang='grc' dir='ltr'><strong>ίη</strong></span> <span class='ocrx_word' id='word_1_255' title='bbox 1485 2142 1648 2191; x_wconf 77' lang='lat' dir='ltr'><strong>Christo,</strong></span> <span class='ocrx_word' id='word_1_256' title='bbox 1677 2155 1744 2179; x_wconf 88' lang='lat' dir='ltr'><strong>ae-</strong></span> 
     </span>
     <span class='ocr_line' id='line_1_31' title="bbox 314 2199 1748 2260; baseline -0.006 -18"><span class='ocrx_word' id='word_1_257' title='bbox 314 2214 422 2243; x_wconf 81' lang='lat' dir='ltr'><strong>terno</strong></span> <span class='ocrx_word' id='word_1_258' title='bbox 444 2217 531 2254; x_wconf 82' lang='lat' dir='ltr'><strong>rege</strong></span> <span class='ocrx_word' id='word_1_259' title='bbox 558 2232 568 2250; x_wconf 91' lang='lat'><strong>,</strong></span> <span class='ocrx_word' id='word_1_260' title='bbox 591 2217 667 2241; x_wconf 73' lang='lat' dir='ltr'><strong>rex</strong></span> <span class='ocrx_word' id='word_1_261' title='bbox 688 2203 952 2241; x_wconf 81' lang='lat' dir='ltr'><strong>Romanorum</strong></span> <span class='ocrx_word' id='word_1_262' title='bbox 970 2231 982 2251; x_wconf 89' lang='lat'><strong>,</strong></span> <span class='ocrx_word' id='word_1_263' title='bbox 1014 2215 1094 2254; x_wconf 89' lang='lat' dir='ltr'><strong>quo</strong></span> <span class='ocrx_word' id='word_1_264' title='bbox 1120 2200 1307 2240; x_wconf 82' lang='lat' dir='ltr'><strong>volebant</strong></span> <span class='ocrx_word' id='word_1_265' title='bbox 1333 2199 1462 2238; x_wconf 88' lang='lat' dir='ltr'><strong>dicere</strong></span> <span class='ocrx_word' id='word_1_266' title='bbox 1478 2227 1489 2248; x_wconf 94' lang='lat'><strong>,</strong></span> <span class='ocrx_word' id='word_1_267' title='bbox 1520 2210 1562 2236; x_wconf 90' lang='lat' dir='ltr'><strong>se</strong></span> <span class='ocrx_word' id='word_1_268' title='bbox 1576 2208 1748 2260; x_wconf 41' lang='lat' dir='ltr'><strong>&#39;omnem</strong></span> 
     </span>
     <span class='ocr_line' id='line_1_32' title="bbox 314 2257 1742 2316; baseline -0.008 -18"><span class='ocrx_word' id='word_1_269' title='bbox 314 2259 590 2297; x_wconf 85' lang='lat' dir='ltr'><strong>auctoritatem</strong></span> <span class='ocrx_word' id='word_1_270' title='bbox 617 2257 764 2296; x_wconf 87' lang='lat' dir='ltr'><strong>Christi</strong></span> <span class='ocrx_word' id='word_1_271' title='bbox 791 2258 939 2310; x_wconf 86' lang='lat' dir='ltr'><strong>gratiae</strong></span> <span class='ocrx_word' id='word_1_272' title='bbox 967 2257 1109 2295; x_wconf 87' lang='lat' dir='ltr'><strong>debere</strong></span> <span class='ocrx_word' id='word_1_273' title='bbox 1136 2263 1175 2294; x_wconf 89' lang='lat' dir='ltr'><strong>et</strong></span> <span class='ocrx_word' id='word_1_274' title='bbox 1202 2257 1286 2294; x_wconf 86' lang='lat' dir='ltr'><strong>eius</strong></span> <span class='ocrx_word' id='word_1_275' title='bbox 1306 2283 1318 2305; x_wconf 97' lang='lat'><strong>,</strong></span> <span class='ocrx_word' id='word_1_276' title='bbox 1356 2261 1403 2292; x_wconf 89' lang='lat' dir='ltr'><strong>ut</strong></span> <span class='ocrx_word' id='word_1_277' title='bbox 1439 2260 1587 2316; x_wconf 52' lang='lat' dir='ltr'><strong>aeterni</strong></span> <span class='ocrx_word' id='word_1_278' title='bbox 1614 2263 1742 2311; x_wconf 42' lang='lat' dir='ltr'><strong>regis-3</strong></span> 
     </span>
     <span class='ocr_line' id='line_1_33' title="bbox 315 2304 1746 2366; baseline -0.008 -14"><span class='ocrx_word' id='word_1_279' title='bbox 315 2313 404 2352; x_wconf 92' lang='lat' dir='ltr'><strong>loco</strong></span> <span class='ocrx_word' id='word_1_280' title='bbox 433 2320 472 2351; x_wconf 89' lang='lat' dir='ltr'><strong>et</strong></span> <span class='ocrx_word' id='word_1_281' title='bbox 511 2311 697 2351; x_wconf 87' lang='lat' dir='ltr'><strong>mandato</strong></span> <span class='ocrx_word' id='word_1_282' title='bbox 719 2326 899 2365; x_wconf 86' lang='lat' dir='ltr'><strong>regnare.</strong></span> <span class='ocrx_word' id='word_1_283' title='bbox 961 2313 1096 2350; x_wconf 91' lang='lat' dir='ltr'><strong>Minus</strong></span> <span class='ocrx_word' id='word_1_284' title='bbox 1125 2318 1209 2349; x_wconf 87' lang='lat' dir='ltr'><strong>erat</strong></span> <span class='ocrx_word' id='word_1_285' title='bbox 1250 2309 1295 2349; x_wconf 80' lang='grc' dir='ltr'><strong>ἐκ</strong></span> <span class='ocrx_word' id='word_1_286' title='bbox 1326 2306 1431 2347; x_wconf 73' lang='grc' dir='ltr'><em>θεοῦ</em></span> <span class='ocrx_word' id='word_1_287' title='bbox 1457 2306 1521 2347; x_wconf 89' lang='lat' dir='ltr'><strong>vel</strong></span> <span class='ocrx_word' id='word_1_288' title='bbox 1557 2318 1602 2344; x_wconf 86' lang='grc' dir='ltr'><strong>εν</strong></span> <span class='ocrx_word' id='word_1_289' title='bbox 1646 2304 1746 2366; x_wconf 49' lang='grc' dir='ltr'><strong>θῆῳξ</strong></span> 
     </span>
     <span class='ocr_line' id='line_1_34' title="bbox 343 2357 1747 2420; baseline -0.008 -14"><span class='ocrx_word' id='word_1_290' title='bbox 343 2382 435 2406; x_wconf 90' lang='lat' dir='ltr'><strong>uem</strong></span> <span class='ocrx_word' id='word_1_291' title='bbox 459 2366 622 2405; x_wconf 85' lang='lat' dir='ltr'><strong>titulum</strong></span> <span class='ocrx_word' id='word_1_292' title='bbox 650 2367 869 2407; x_wconf 90' lang='lat' dir='ltr'><strong>minoribus</strong></span> <span class='ocrx_word' id='word_1_293' title='bbox 913 2366 1157 2420; x_wconf 86' lang='lat' dir='ltr'><strong>principibus</strong></span> <span class='ocrx_word' id='word_1_294' title='bbox 1184 2363 1435 2412; x_wconf 88' lang='lat' dir='ltr'><strong>tribuebant,</strong></span> <span class='ocrx_word' id='word_1_295' title='bbox 1467 2361 1516 2399; x_wconf 88' lang='lat' dir='ltr'><strong>de</strong></span> <span class='ocrx_word' id='word_1_296' title='bbox 1543 2372 1623 2412; x_wconf 90' lang='lat' dir='ltr'><strong>quo</strong></span> <span class='ocrx_word' id='word_1_297' title='bbox 1651 2357 1747 2396; x_wconf 82' lang='lat' dir='ltr'><strong>al1b1</strong></span> 
     </span>
     <span class='ocr_line' id='line_1_35' title="bbox 345 2412 1747 2461; baseline -0.008 -1"><span class='ocrx_word' id='word_1_298' title='bbox 345 2423 461 2461; x_wconf 89' lang='lat' dir='ltr'><strong>icam.</strong></span> <span class='ocrx_word' id='word_1_299' title='bbox 521 2422 619 2460; x_wconf 90' lang='lat' dir='ltr'><strong>Inde</strong></span> <span class='ocrx_word' id='word_1_300' title='bbox 650 2423 826 2461; x_wconf 86' lang='lat' dir='ltr'><strong>manavit</strong></span> <span class='ocrx_word' id='word_1_301' title='bbox 853 2429 1033 2460; x_wconf 88' lang='lat' dir='ltr'><strong>nostrum</strong></span> <span class='ocrx_word' id='word_1_302' title='bbox 1067 2420 1134 2459; x_wconf 84' lang='lat' dir='ltr'><em>W</em></span> <span class='ocrx_word' id='word_1_303' title='bbox 1131 2422 1170 2459; x_wconf 81' lang='lat' dir='ltr'><strong>ir</strong></span> <span class='ocrx_word' id='word_1_304' title='bbox 1184 2434 1262 2459; x_wconf 86' lang='lat' dir='ltr'><strong>von</strong></span> <span class='ocrx_word' id='word_1_305' title='bbox 1291 2419 1421 2456; x_wconf 78' lang='lat' dir='ltr'><strong>Gotzes</strong></span> <span class='ocrx_word' id='word_1_306' title='bbox 1448 2414 1639 2460; x_wconf 73' lang='lat' dir='ltr'><strong>Gmdm,</strong></span> <span class='ocrx_word' id='word_1_307' title='bbox 1663 2412 1747 2450; x_wconf 76' lang='lat' dir='ltr'><strong>Nos</strong></span> 
     </span>
     <span class='ocr_line' id='line_1_36' title="bbox 315 2467 1747 2530; baseline -0.008 -15"><span class='ocrx_word' id='word_1_308' title='bbox 315 2475 399 2514; x_wconf 78' lang='lat' dir='ltr'><strong>Dei</strong></span> <span class='ocrx_word' id='word_1_309' title='bbox 425 2477 582 2515; x_wconf 78' lang='lat' dir='ltr'><strong>Gracia.</strong></span> <span class='ocrx_word' id='word_1_310' title='bbox 642 2477 747 2515; x_wconf 88' lang='lat' dir='ltr'><strong>Hinc</strong></span> <span class='ocrx_word' id='word_1_311' title='bbox 787 2478 906 2515; x_wconf 85' lang='lat' dir='ltr'><strong>etiam</strong></span> <span class='ocrx_word' id='word_1_312' title='bbox 930 2477 1172 2527; x_wconf 78' lang='grc' dir='ltr'><em>θεοστεφεῖς</em></span> <span class='ocrx_word' id='word_1_313' title='bbox 1189 2504 1200 2524; x_wconf 86' lang='grc'>,</span> <span class='ocrx_word' id='word_1_314' title='bbox 1242 2470 1514 2514; x_wconf 74' lang='grc' dir='ltr'><em>θεοστὲπτους</em></span> <span class='ocrx_word' id='word_1_315' title='bbox 1531 2498 1544 2518; x_wconf 90' lang='lat'><strong>,</strong></span> <span class='ocrx_word' id='word_1_316' title='bbox 1571 2467 1747 2530; x_wconf 66' lang='grc' dir='ltr'><em>θεοπρο-</em></span> 
     </span>
     <span class='ocr_line' id='line_1_37' title="bbox 316 2521 1690 2586; baseline -0.007 -19"><span class='ocrx_word' id='word_1_317' title='bbox 316 2529 492 2581; x_wconf 84' lang='grc' dir='ltr'><em>βλήτους</em></span> <span class='ocrx_word' id='word_1_318' title='bbox 521 2537 597 2569; x_wconf 86' lang='lat' dir='ltr'><strong>etc.</strong></span> <span class='ocrx_word' id='word_1_319' title='bbox 631 2543 714 2570; x_wconf 87' lang='lat' dir='ltr'><strong>sese</strong></span> <span class='ocrx_word' id='word_1_320' title='bbox 731 2531 999 2584; x_wconf 84' lang='lat' dir='ltr'><strong>appellabant.</strong></span> <span class='ocrx_word' id='word_1_321' title='bbox 1052 2529 1243 2582; x_wconf 85' lang='lat' dir='ltr'><strong>Exempla</strong></span> <span class='ocrx_word' id='word_1_322' title='bbox 1270 2532 1409 2565; x_wconf 78' lang='lat' dir='ltr'><strong>natant</strong></span> <span class='ocrx_word' id='word_1_323' title='bbox 1436 2524 1512 2586; x_wconf 75' lang='lat' dir='ltr'><strong>hoc</strong></span> <span class='ocrx_word' id='word_1_324' title='bbox 1540 2521 1690 2560; x_wconf 88' lang='lat' dir='ltr'><strong>codlce.</strong></span> 
     </span>
     <span class='ocr_line' id='line_1_38' title="bbox 398 2575 1746 2639; baseline -0.006 -18"><span class='ocrx_word' id='word_1_325' title='bbox 398 2584 491 2630; x_wconf 64' lang='lat'><strong>264.</strong></span> <span class='ocrx_word' id='word_1_326' title='bbox 514 2585 565 2623; x_wconf 90' lang='lat' dir='ltr'><strong>A.</strong></span> <span class='ocrx_word' id='word_1_327' title='bbox 591 2585 624 2625; x_wconf 87' lang='lat'><strong>5.</strong></span> <span class='ocrx_word' id='word_1_328' title='bbox 641 2585 758 2639; x_wconf 68' lang='lat'><strong>[457,</strong></span> <span class='ocrx_word' id='word_1_329' title='bbox 786 2587 837 2637; x_wconf 87' lang='lat'><strong>1.]</strong></span> <span class='ocrx_word' id='word_1_330' title='bbox 858 2582 1057 2636; x_wconf 80' lang='grc' dir='ltr'><em>μουσικῆς</em></span> <span class='ocrx_word' id='word_1_331' title='bbox 1080 2581 1326 2634; x_wconf 82' lang='grc' dir='ltr'><strong>Ἑλληνικῆς.</strong></span> <span class='ocrx_word' id='word_1_332' title='bbox 1357 2580 1568 2617; x_wconf 84' lang='lat' dir='ltr'><strong>Doctrmae</strong></span> <span class='ocrx_word' id='word_1_333' title='bbox 1589 2575 1746 2629; x_wconf 85' lang='lat' dir='ltr'><strong>elegan-</strong></span> 
     </span>
     <span class='ocr_line' id='line_1_39' title="bbox 318 2635 1746 2694; baseline -0.005 -20"><span class='ocrx_word' id='word_1_334' title='bbox 318 2638 448 2688; x_wconf 84' lang='lat' dir='ltr'><strong>tioriS,</strong></span> <span class='ocrx_word' id='word_1_335' title='bbox 478 2653 579 2690; x_wconf 87' lang='lat' dir='ltr'><strong>quae</strong></span> <span class='ocrx_word' id='word_1_336' title='bbox 608 2654 629 2678; x_wconf 86' lang='lat' dir='ltr'><strong>e</strong></span> <span class='ocrx_word' id='word_1_337' title='bbox 657 2640 769 2679; x_wconf 89' lang='lat' dir='ltr'><strong>libris</strong></span> <span class='ocrx_word' id='word_1_338' title='bbox 796 2647 1044 2678; x_wconf 82' lang='lat' dir='ltr'><strong>vetustorum</strong></span> <span class='ocrx_word' id='word_1_339' title='bbox 1063 2637 1268 2691; x_wconf 84' lang='lat' dir='ltr'><strong>gentilium</strong></span> <span class='ocrx_word' id='word_1_340' title='bbox 1286 2635 1527 2694; x_wconf 78' lang='lat' dir='ltr'><strong>Graecorum</strong></span> <span class='ocrx_word' id='word_1_341' title='bbox 1540 2645 1746 2694; x_wconf 63' lang='lat' dir='ltr'><strong>compara-</strong></span> 
     </span>
     <span class='ocr_line' id='line_1_40' title="bbox 318 2685 1748 2749; baseline -0.003 -21"><span class='ocrx_word' id='word_1_342' title='bbox 318 2698 399 2729; x_wconf 87' lang='lat' dir='ltr'><strong>tur.</strong></span> <span class='ocrx_word' id='word_1_343' title='bbox 458 2692 555 2730; x_wconf 86' lang='lat' dir='ltr'><strong>Nam</strong></span> <span class='ocrx_word' id='word_1_344' title='bbox 584 2696 677 2733; x_wconf 89' lang='lat' dir='ltr'><strong>novi</strong></span> <span class='ocrx_word' id='word_1_345' title='bbox 707 2694 867 2747; x_wconf 87' lang='lat' dir='ltr'><strong>quidem</strong></span> <span class='ocrx_word' id='word_1_346' title='bbox 895 2693 1034 2732; x_wconf 80' lang='lat' dir='ltr'><strong>Graeci</strong></span> <span class='ocrx_word' id='word_1_347' title='bbox 1061 2700 1106 2730; x_wconf 84' lang='lat' dir='ltr'><strong>ut</strong></span> <span class='ocrx_word' id='word_1_348' title='bbox 1133 2705 1175 2730; x_wconf 88' lang='lat' dir='ltr'><strong>se</strong></span> <span class='ocrx_word' id='word_1_349' title='bbox 1201 2690 1340 2742; x_wconf 84' lang='lat' dir='ltr'><strong>dignos</strong></span> <span class='ocrx_word' id='word_1_350' title='bbox 1366 2694 1530 2749; x_wconf 51' lang='lat' dir='ltr'><strong>yetustns</strong></span> <span class='ocrx_word' id='word_1_351' title='bbox 1558 2685 1748 2724; x_wconf 75' lang='lat' dir='ltr'><strong>doctrmis</strong></span> 
     </span>
     <span class='ocr_line' id='line_1_41' title="bbox 319 2739 1748 2801; baseline -0.004 -17"><span class='ocrx_word' id='word_1_352' title='bbox 319 2758 402 2784; x_wconf 89' lang='lat' dir='ltr'><strong>non</strong></span> <span class='ocrx_word' id='word_1_353' title='bbox 420 2745 662 2800; x_wconf 87' lang='lat' dir='ltr'><strong>iudicarunt,</strong></span> <span class='ocrx_word' id='word_1_354' title='bbox 681 2748 747 2788; x_wconf 86' lang='lat' dir='ltr'><strong>sed</strong></span> <span class='ocrx_word' id='word_1_355' title='bbox 770 2749 936 2801; x_wconf 82' lang='lat' dir='ltr'><strong>ineptias</strong></span> <span class='ocrx_word' id='word_1_356' title='bbox 965 2747 1109 2787; x_wconf 88' lang='lat' dir='ltr'><strong>divinis</strong></span> <span class='ocrx_word' id='word_1_357' title='bbox 1126 2744 1292 2795; x_wconf 85' lang='lat' dir='ltr'><strong>artibus,</strong></span> <span class='ocrx_word' id='word_1_358' title='bbox 1322 2741 1467 2794; x_wconf 80' lang='lat' dir='ltr'><strong>quibus</strong></span> <span class='ocrx_word' id='word_1_359' title='bbox 1487 2748 1637 2781; x_wconf 83' lang='lat' dir='ltr'><strong>veteres</strong></span> <span class='ocrx_word' id='word_1_360' title='bbox 1667 2739 1748 2779; x_wconf 80' lang='lat' dir='ltr'><strong>cla-</strong></span> 
     </span>
    </p>
   </div>
  </div>
 </body>
</html>
