1884 3132
351 158 462 224 840
638 176 711 216 10.
755 174 859 217 iAc.
899 175 1096 216 amsxu
1135 173 1511 217 commu-man

349 287 436 319 tare
461 279 757 332 tropacoforum
787 293 872 318 esse
887 279 944 330 id,
977 279 1086 332 quod
1104 279 1284 318 Victoria
1301 280 1343 319 in
1363 293 1530 319 nummo
1547 279 1797 319 Constantini

351 335 460 388 apud
479 335 545 373 Du
567 335 763 387 Cangium
792 334 939 373 Famil.
962 335 1057 388 Byz.
1089 349 1128 388 p.
1158 349 1219 388 17.
1247 333 1316 377 lin.
1347 333 1386 386 4.
1407 350 1450 374 n.
1468 336 1511 375 ὅ.
1541 342 1677 374 tenere
1703 335 1798 374 dex-

351 397 415 430 tra
443 391 701 443 conspicitur.
734 389 828 428 Vid.
858 389 908 429 ad
939 404 980 443 p.
1012 391 1106 444 57⁰·
1122 390 1166 428 B.
1189 403 1226 430 α.
1253 397 1440 442 antepen.
1471 390 1655 430 dicenda.

462 446 517 483 D.
555 444 594 484 8.
637 443 828 500 [717‚9.]
867 443 1174 496 ἐπισκεπτῆται.
1247 445 1437 484 Diversos
1474 444 1548 484 hos
1590 445 1712 484 fuisse
1747 443 1803 483 ab

353 501 531 553 epoptis,
563 499 629 538 hic
658 501 768 538 locus
790 506 1012 549 monstrat,
1041 500 1223 552 quamvis
1252 499 1410 539 eosdem
1443 500 1564 539 fuisse
1592 499 1802 539 ambarum

353 569 497 594 vocum
526 556 782 608 significatus,
811 555 915 593 idem
948 554 1055 593 aliud
1076 554 1253 593 suadeat.
1301 556 1394 605 Qua
1420 562 1555 594 autem
1581 556 1623 593 in
1650 569 1693 594 re
1714 554 1803 593 fue-

354 612 432 648 rint
468 611 669 657 distincti,
701 618 742 649 et
773 624 875 662 quae
903 610 1112 662 utriusque
1139 609 1259 648 tuerit
1286 617 1326 648 et
1353 610 1498 663 quibus
1515 611 1695 649 terminis
1721 611 1803 648 cir-

356 667 597 718 cumscripta
626 665 853 718 provincia,
885 679 968 703 non
999 663 1112 703 facile
1132 663 1291 704 dixeris.
1349 666 1557 716 Quantum
1577 666 1805 704 coniectura

357 735 545 772 assequor
563 751 574 770 ,
605 721 767 759 fuerunt
805 716 842 758 οἱ
870 718 1111 768 ἐπίσκοποι,
1141 715 1179 758 οἱ
1208 719 1529 772 ἑπισκεπτῆται,
1568 721 1735 770 curiosi,
1765 726 1805 759 et

356 776 596 830 Alnucsasctfi
622 776 911 814 Saracenorum
954 776 996 813 in
1026 773 1246 812 Andalusia
1282 774 1429 826 iidem,
1463 789 1682 828 eorumque
1713 789 1804 813 mu·
1842 773 1851 786 “

357 845 435 869 nus
462 831 682 884 providere²
715 838 758 869 ut
787 830 899 882 panis
933 836 972 868 et
999 829 1174 882 reliquae
1202 830 1350 882 species
1373 832 1619 869 annonariae
1649 830 1803 883 probae

358 894 396 924 et
419 889 524 925 iustu
544 886 718 940 pondere
748 892 866 938 atque
894 898 1080 923 mensura
1108 884 1390 935 venderentur,
1429 884 1602 924 lustrare
1627 885 1806 924 aedificia

358 941 518 994 publica
558 949 596 980 et
642 943 818 994 privata,
864 940 1027 978 hientne
1065 946 1104 977 et
1138 939 1368 990 labascant,
1411 940 1513 979 satin
1543 947 1806 993 praecautum

359 997 566 1041 incendiis,
602 996 709 1034 fures
741 997 940 1044 coercere,
977 996 1126 1033 intrare
1159 996 1199 1032 in
1232 994 1373 1033 domos
1402 1002 1442 1034 et
1468 994 1580 1034 illinc
1608 1009 1671 1034 res
1698 994 1805 1034 fiirto
1849 998 1852 1000 ’

360 1051 567 1103 subreptas
597 1065 758 1098 cruere,
793 1050 1003 1103 deportare
1032 1051 1072 1087 in
1101 1049 1261 1088 exilium
1293 1049 1492 1102 agendos,
1521 1052 1555 1089 si
1584 1052 1653 1104 qui
1674 1057 1810 1089 motus.

362 1108 595 1158 contingant
628 1106 669 1145 in
701 1104 841 1157 plateis
872 1112 911 1143 et
941 1104 1059 1151 foris,
1106 1103 1373 1156 moliaturque
1401 1118 1506 1143 nova
1533 1111 1572 1144 et
1603 1107 1808 1144 concursi-

362 1168 418 1200 tct
437 1161 564 1214 plebs,
594 1161 814 1213 significare
834 1166 873 1198 et
900 1160 1130 1212 reprimere.
1188 1159 1273 1198 Nisi
1304 1159 1407 1198 sorte
1435 1160 1603 1198 nimium
1632 1161 1813 1198 extendi-

361 1230 451 1256 mus
492 1215 635 1255 limites
676 1217 792 1254 unius
833 1215 1085 1267 magistratus
1118 1216 1234 1267 eique
1268 1214 1482 1253 tribuimus
1511 1222 1664 1268 partem
1692 1215 1813 1253 iuris-⁷

362 1271 571 1319 dic-tionis,
618 1283 721 1322 quae
760 1283 880 1322 penes
921 1270 1127 1322 magistros
1166 1269 1349 1308 vicorum
1389 1276 1489 1308 erat.
1551 1267 1601 1308 Οἱ
1630 1265 1808 1308 ἐπόπται

364 1333 494 1364 autem
523 1325 709 1364 videntur
744 1331 903 1363 tantum
930 1325 1104 1362 rationes
1134 1338 1290 1362 curasse
1336 1330 1376 1362 et
1406 1323 1509 1363 forte
1550 1323 1670 1363 iidem
1716 1338 1813 1364 cum

363 1385 450 1426 τοῖς
480 1380 711 1426 {geminat}
738 1386 808 1418 aut
835 1382 918 1425 τοῖς
947 1378 1158 1426 ἑξισωταΐς
1187 1379 1364 1418 suerunt.
1429 1379 1491 1418 De
1521 1379 1715 1432 episcopis
1742 1393 1814 1418 urh

363 1435 477 1475 bium
531 1448 748 1487 eorumque
787 1436 933 1472 muniis
975 1435 1054 1487 egit
1091 1433 1289 1473 Pancirol.
1337 1447 1371 1473 c.
1405 1434 1522 1472 XIII.
1554 1433 1605 1472 de
1631 1435 1807 1487 magistr.

367 1491 560 1542 municip.
577 1519 587 1539 ,
618 1497 763 1541 putans
795 1489 845 1528 ad
880 1503 945 1528 cos
974 1490 1207 1542 pertinuisse
1233 1502 1370 1528 curam
1401 1489 1581 1529 iustitiae.
1600 1490 1642 1527 in
1671 1489 1814 1528 vendi·-

365 1547 474 1585 tione
525 1546 746 1597 specierum
786 1543 1035 1583 victualium.
1079 1545 1132 1582 V.
1173 1544 1432 1597 Aristophan.
1483 1545 1563 1583 Av.
1607 1558 1650 1583 v.
1697 1542 1814 1595 1024.

365 1598 515 1638 Procul
542 1600 665 1638 dubio
697 1599 738 1637 hi
769 1599 931 1638 fuerunt
963 1598 1059 1637 olim
1093 1600 1149 1637 sic
1174 1598 1270 1638 dicti
1282 1600 1561 1651 frumentarii.
1617 1599 1710 1648 Quo
1739 1612 1816 1637 no·-

366 1655 473 1693 mine
503 1654 660 1693 sublato
693 1654 879 1707 deinceps
906 1655 1052 1692 curiosi
1079 1661 1117 1692 et
1135 1655 1357 1707 opinator-es
1377 1654 1540 1692 fuerunt
1560 1653 1672 1702 dicti,
1705 1653 1815 1706 quod

366 1711 516 1748 curiose
541 1711 676 1748 omnia
700 1709 791 1748 fora
830 1717 868 1748 et
900 1708 1093 1761 artopolia
1121 1709 1302 1756 obirent,
1333 1707 1549 1747 lustrarent
1564 1738 1575 1755 ‚
1604 1709 1817 1762 opinarem-

368 1773 454 1812 tur,
486 1765 526 1803 id
559 1771 617 1803 est
650 1766 930 1814 aestimarent,
976 1764 1198 1802 iudicarent
1227 1777 1407 1802 annonas
1437 1762 1681 1812 vendibiles,
1710 1764 1817 1802 satin

369 1819 594 1872 probaene,
626 1826 664 1857 et
694 1833 872 1858 annonas
902 1818 1117 1865 militares,
1149 1833 1246 1871 quas
1273 1818 1428 1871 exigere
1454 1818 1653 1857 debebant
1670 1847 1682 1864 ,
1711 1818 1816 1857 satin

370 1874 446 1912 sibi
487 1875 710 1913 arriderent
758 1880 816 1922 (v.
855 1874 1022 1913 Salmas.
1062 1874 1112 1912 ad
1143 1873 1286 1926 Script.
1338 1874 1438 1914 Hist.
1469 1873 1577 1926 Aug.
1604 1873 1656 1911 T.
1688 1873 1743 1911 11.
1778 1887 1819 1926 p.

371 1928 503 1978 265.)3
535 1937 574 1968 et
613 1929 803 1982 quoniam
836 1930 891 1967 sic
925 1928 1078 1982 agendo
1106 1943 1188 1966 non
1218 1936 1402 1981 poterant
1426 1941 1508 1966 non
1536 1927 1751 1967 observare
1777 1935 1817 1967 et

372 1983 536 2033 audire,
569 1986 600 2022 si
631 1983 728 2036 quid
763 1997 963 2023 novarum
991 1997 1126 2022 rerum
1155 1984 1373 2035 agitaretur
1410 1990 1450 2022 et
1467 1995 1648 2021 rumores
1665 1982 1819 2021 tumul-

374 2039 482 2077 tuosi
527 2046 831 2092 spargerentur,
879 2045 924 2076 ut
952 2041 1020 2092 qui
1051 2039 1091 2078 in
1121 2038 1296 2077 conserta
1324 2037 1552 2090 plebeculae
1579 2037 1699 2076 turba
1725 2051 1819 2076 ver—

374 2100 583 2142 sarentur,
630 2108 675 2132 ex
712 2107 760 2132 eo
799 2093 977 2144 factum,
1026 2100 1072 2131 ut
1100 2093 1149 2132 ad
1179 2095 1428 2132 curiosorum
1458 2107 1596 2131 curam
1623 2099 1817 2145 spectaret

373 2162 533 2201 quoque
574 2147 950 2196 conciliabulorum,
996 2148 1234 2187 seditionum
1265 2155 1304 2187 et
1333 2149 1711 2186 eonem-sitationum
1742 2147 1820 2185 ob·-

375 2203 546 2242 servatio
563 2233 575 2252 ,
617 2204 811 2255 repressio
841 2210 879 2241 et
907 2203 958 2242 ad
989 2205 1211 2256 superiores
1239 2203 1488 2255 significatio.
1546 2202 1688 2241 Fuisse
1715 2215 1818 2254 quo-

376 2271 456 2309 que
474 2271 611 2297 eorum
640 2257 911 2310 deportandos
947 2259 989 2295 in
1010 2257 1171 2297 exilium
1191 2257 1387 2296 deducere
1407 2264 1446 2296 et
1464 2259 1616 2310 exigere
1637 2271 1683 2295 ex
1700 2257 1818 2305 urhe,

376 2318 485 2365 patet
525 2326 548 2352 e
577 2313 644 2350 Du
675 2314 827 2365 Caugio
855 2327 894 2351 v.
934 2311 1196 2364 Κουρίωσος.
1264 2313 1337 2351 His
1379 2314 1514 2365 itaque
1551 2311 1821 2350 frumentariis

378 2374 417 2406 et
435 2368 603 2405 curiosis
627 2375 781 2407 ratione
810 2369 1017 2419 utriusque
1037 2366 1342 2417 observationis,
1361 2374 1444 2406 tam
1465 2367 1672 2415 frumenti,
1698 2379 1819 2419 quam

374 2422 617 2461 seditionum
658 2422 778 2461 fuisse
821 2421 968 2461 similes
1011 2418 1110 2467 τούς
1149 2417 1470 2472 ἐπισκεπτήτας,
1511 2417 1742 2460 ‘visitatores‘
1763 2420 1822 2458 sic

377 2477 518 2524 dictos,
539 2478 706 2515 comicio
738 2491 783 2515 ex
812 2491 873 2523 eo,
910 2476 1019 2529 quod
1048 2476 1151 2515 infra
1178 2475 1425 2529 p.416.D.4.
1462 2472 1499 2514 οἱ
1527 2473 1821 2524 ‹intonent-firm
1852 2480 1854 2482 ’

378 2531 538 2570 subesse
560 2531 745 2570 rationali
774 2546 939 2584 gregum
968 2531 1181 2581 dicuntur,
1211 2546 1382 2584 quorum
1406 2529 1578 2570 officium
1597 2542 1691 2568 sane
1710 2527 1822 2567 aliud

377 2585 479 2624 nihil
505 2587 636 2638 potuit
664 2586 807 2635 fuisse,
836 2600 957 2638 quam
986 2586 1191 2638 explorare
1210 2616 1220 2632 ,
1253 2586 1383 2624 sintne
1411 2599 1506 2624 sana
1532 2597 1671 2637 pecora
1692 2581 1821 2622 lanie-

379 2653 454 2677 nae
481 2641 688 2689 destinata,
717 2640 916 2693 probaene
943 2643 1090 2693 species
1110 2642 1367 2691 annonariae,
1397 2646 1604 2693 praestone
1631 2639 1710 2676 sint
1737 2637 1822 2676 suf-

380 2692 526 2733 ficienti
547 2697 674 2747 copia.
709 2695 811 2748 Etp.
834 2696 1031 2749 417.D.2.
1047 2694 1115 2733 alii
1136 2698 1399 2748 episceptetae
1421 2708 1502 2732 una
1524 2707 1616 2732 cum
1641 2692 1726 2731 aliis
1742 2693 1818 2730 im·-

379 2747 590 2801 perialium
622 2750 876 2804 praediorum
891 2749 1126 2793 officialibus
1149 2749 1334 2792 rationali
1361 2750 1541 2804 privatae
1572 2749 1631 2788 rei
1660 2747 1820 2788 subesse
