1884 3132
253 193 328 239 An
365 194 702 240 Arrmmcm
739 195 840 236 Lm.
878 195 911 234 1
955 195 1027 236 m:
1066 193 1323 237 cremon.
1407 173 1510 232 531

16 335 18 338 ,
80 299 170 346 tine
195 298 497 353 interpretarer,
540 305 650 352 patet
689 312 736 338 ex
764 298 1098 360 interpretatione.
1156 296 1306 336 Docuit
1331 310 1397 336 me
1423 297 1513 337 lon-

87 355 178 408 gior
202 368 298 394 usus
324 362 365 394 et
391 355 491 405 dies,
519 353 622 393 male
649 367 712 392 me
738 354 920 402 vertisse,
948 359 1154 404 potestque
1181 358 1290 391 totus
1315 351 1424 392 locus
1452 354 1513 393 fa-

88 408 167 448 cile
193 423 392 476 quemque
418 409 559 448 docere
577 438 589 460 ,
635 409 1000 461 interpretationem
1040 406 1150 445 illam
1178 420 1259 445 non
1287 407 1512 460 procedere.

85 461 192 503 Nam
219 478 253 502 sl
280 477 459 517 αρραφα
485 471 578 503 sunt
604 470 731 502 vestes
760 461 938 500 nondum
960 468 1147 500 consutae
1166 469 1205 500 et
1233 461 1424 500 formatae
1451 471 1512 502 at-

88 531 170 571 que
196 517 404 571 adaptatae
433 519 667 571 gestationi,
705 517 904 557 debuisset
932 523 1070 555 auctor
1097 530 1178 555 non
1206 518 1479 556 scalamannia
1498 548 1511 569 ,

84 584 170 612 non
200 573 365 612 oeoforia
382 601 394 623 ,
422 573 489 611 sed
517 586 670 626 pannos
707 571 771 612 vel
805 571 903 611 telas
937 585 1009 623 pro
1036 571 1221 624 parandis
1250 571 1342 609 inde
1379 585 1511 612 scara-

85 628 258 667 manniis
283 636 324 667 et
351 627 526 667 esoforiis
553 628 706 666 dixisse.
765 626 890 679 Saepe
927 626 994 674 fit,
1036 633 1082 664 ut
1108 639 1181 678 per
1206 626 1511 678 trepidationem

84 681 308 732 deteriora,
322 684 543 735 praeteritis
564 681 806 728 melioribus,
829 682 1079 734 arripiamus.
1121 681 1207 734 Ego
1226 681 1388 733 quidem
1407 682 1512 722 mul-

84 743 173 775 tum
201 738 368 776 iactatus
393 739 526 776 animo
551 744 764 790 antequam
795 711 893 774 llaec
919 735 1080 788 plagula
1100 735 1280 788 praelum
1308 735 1509 786 liberaret,

85 791 227 844 posui,
249 805 375 844 quum
401 798 590 845 urgerent
616 805 760 844 operae
786 798 825 829 et
850 804 1002 829 moram
1021 803 1102 828 non
1121 790 1262 828 darent
1277 819 1289 839 ,
1320 804 1386 843 qu
1376 805 1421 830 ‘ie
1438 805 1512 844 po-

86 846 151 884 sui
178 845 219 884 in
247 846 430 893 Latinis,
452 861 535 885 non
563 846 671 900 quod
699 859 794 884 vera
822 847 963 885 scirem
990 852 1030 884 et
1058 844 1258 897 explorata
1288 845 1475 884 haberem
1498 877 1510 898 ,

86 899 158 939 sed
181 899 291 954 quod
310 900 450 940 melius
470 915 551 940 non
578 907 839 940 succurreret.
866 900 1045 938 Tandem
1072 913 1279 952 persuasus
1308 913 1417 949 sum,
1438 902 1513 941 lite

87 967 257 1007 expensa
282 969 349 1003 re,
387 952 438 995 τὰ
476 951 672 1009 ἄρ’(ῗάφια
710 969 794 994 esse
832 962 958 994 vestes
985 954 1191 1008 gestabiles
1219 955 1414 1008 quidem,
1442 956 1513 995 sed

86 1009 131 1047 in
158 1009 304 1062 quibus
331 1017 469 1049 sutura
499 1010 611 1049 nulla
638 1017 764 1060 esset,
809 1023 903 1048 acus
930 1009 1041 1048 nulla
1069 1016 1169 1048 esset
1197 1009 1404 1060 adhibita,
1443 1011 1514 1049 sed

86 1077 192 1116 quae
218 1064 270 1103 de
297 1070 380 1104 toto
407 1072 535 1104 essent
561 1071 717 1115 textae,
746 1078 827 1103 uno
855 1065 1043 1103 continuo
1071 1070 1205 1111 textu,
1237 1066 1320 1102 sive
1349 1064 1387 1102 id
1419 1066 1511 1118 iugo

86 1119 256 1157 textorio
282 1118 432 1158 factum
460 1120 603 1167 fuerit,
634 1121 717 1158 sive
752 1119 901 1158 acubus
928 1119 1006 1158 illis
1034 1132 1104 1157 seu
1131 1117 1311 1157 cannulis
1338 1119 1511 1172 ferreis,

88 1186 260 1225 quarum
288 1187 364 1226 ope
390 1173 542 1214 tibialia
587 1174 702 1213 lanea
737 1181 929 1227 parantur
970 1188 993 1212 a
1020 1173 1224 1223 foeminis,
1271 1173 1377 1225 quod
1407 1174 1511 1212 Ger-

87 1228 196 1267 mani
221 1228 422 1280 gem-adt,
450 1229 588 1267 Batavi
613 1229 791 1281 geht-ert,
822 1228 966 1266 Franci
995 1227 1162 1275 broche',
1196 1230 1328 1266 tricote
1354 1228 1509 1268 dicunt.

89 1281 266 1321 Multum
282 1283 380 1321 mihi
399 1283 656 1322 dubitationis
676 1285 809 1322 iniecit
828 1282 1041 1321 Salmasius
1067 1282 1116 1320 de
1142 1258 1276 1320 tunica
1305 1296 1386 1321 non
1415 1297 1512 1321 con-

90 1335 200 1375 sutili
227 1337 281 1375 D.
315 1337 362 1380 N.
383 1338 416 1375 1.
437 1338 485 1376 C.
515 1339 720 1390 disputans
746 1339 797 1376 ad
825 1337 967 1389 Script.
999 1337 1102 1376 Hist.
1134 1337 1242 1388 Aug.
1270 1337 1323 1375 T.
1345 1337 1397 1375 11.
1420 1351 1511 1390 pag.

90 1389 186 1430 566.
213 1398 254 1430 et
290 1405 432 1443 parum
460 1392 621 1440 aberat,
662 1393 757 1445 quin
799 1393 841 1430 in
870 1405 982 1430 suam
1010 1393 1244 1430 sententiam
1271 1405 1335 1429 me
1361 1399 1514 1444 pertra-

90 1442 220 1484 heret.
276 1446 378 1484 Tam
418 1448 592 1498 speciosa
631 1453 715 1484 erat
739 1446 1051 1501 argumentatio,
1091 1459 1170 1498 qua
1207 1459 1320 1484 suam
1356 1453 1514 1484 senten—

89 1500 189 1537 tiam
214 1498 342 1539 fulcit.
399 1501 494 1539 Vidi
513 1508 646 1540 tamen
678 1503 855 1550 tandem,
875 1514 1012 1539 veram
1039 1513 1126 1537 eam
1154 1513 1236 1538 non
1263 1514 1374 1547 esse,
1406 1501 1515 1552 quod

88 1561 224 1606 postea
259 1554 573 1594 demonstratum
608 1554 726 1593 dabo.
785 1555 904 1593 Prius
949 1554 1264 1606 cognoscendum
1293 1561 1351 1592 est
1366 1585 1379 1604 ,
1417 1555 1514 1607 quid

89 1606 160 1646 ille
184 1615 298 1661 putet
323 1617 451 1648 vestes
483 1604 706 1662 ἆρ’ῥάφους
735 1609 871 1647 fuisse.
928 1608 1095 1647 Necesse
1123 1616 1210 1657 est,
1239 1615 1284 1647 ut
1310 1609 1515 1660 potissima

89 1662 176 1701 eius
200 1663 324 1703 verba
349 1664 428 1703 huc
451 1664 745 1703 transsciibam.
784 1664 914 1703 Docta
938 1670 1030 1701 sunt
1054 1670 1093 1701 et
1118 1665 1344 1710 instruunt,
1376 1669 1415 1702 et
1432 1662 1514 1703 huc

89 1730 141 1755 eo
167 1731 328 1771 quoque
353 1718 470 1757 titulo
498 1718 677 1765 faciunt,
713 1719 819 1771 quod
848 1718 898 1756 de
925 1717 1101 1756 vestibus
1121 1721 1307 1768 σχιστοΐς
1337 1719 1511 1771 attingit,

90 1770 144 1810 de
173 1773 319 1824 quibus
345 1787 436 1812 mox
462 1773 732 1812 disserendum
759 1773 874 1812 nobis
901 1773 990 1810 erit.
1027 1770 1311 1821 „Sciendum,”
1337 1772 1416 1819 ait,
1435 1787 1514 1821 „ex

91 1826 239 1865 tunicis
268 1826 365 1866 alias
392 1828 509 1866 fuisse
525 1824 724 1878 σχιστοὺς
750 1828 859 1893 apud
884 1834 1052 1874 veteres»,
1083 1841 1185 1879 quae
1218 1833 1258 1865 et
1285 1823 1436 1878 ρᾳπτοί
1448 1828 1512 1866 di·-

91 1879 286 1919 cebantur
300 1888 339 1920 et
356 1881 658 1934 συμπορπητοί,
687 1881 783 1921 alias
802 1876 1024 1934 ἅρόάφους
1041 1910 1053 1930 ,
1075 1894 1177 1933 quae
1203 1895 1249 1920 ex
1274 1887 1359 1920 toto
1385 1887 1514 1921 tectae

94 1933 407 1988 conclusaeque,
447 1943 487 1974 et
512 1935 623 1975 nulla
650 1944 762 1989 parte
790 1936 925 1976 sutiles
951 1935 1195 1988 scissilesque
1215 1965 1228 1986 ,
1256 1935 1515 1988 quemadmo-

96 1987 194 2026 dum
222 1996 314 2027 sunt
332 1991 514 2029 camisiae
535 1997 710 2055 nostrae,
738 1998 778 2030 et
805 1989 1013 2040 interulae,
1043 1989 1125 2029 sive
1151 1989 1288 2028 laneae
1312 1991 1391 2028 sint
1409 1990 1513 2040 illae,

95 2043 181 2082 sive
207 2042 358 2094 lIneae3
384 2041 550 2094 σχιστοί
567 2046 688 2098 igitur
709 2046 881 2096 χιτῶιες
896 2051 1024 2093 erant,
1055 2046 1149 2109 qui
1157 2059 1202 2083 ex
1216 2051 1390 2106 utiaque
1400 2052 1513 2096 parte

94 2097 139 2134 in
177 2096 352 2136 humeris
390 2098 514 2136 fibula
552 2099 859 2162 stringebantur.
916 2098 1085 2138 Pollux.
1126 2095 1149 2136 ὅ
1178 2097 1224 2138 δὲ
1250 2093 1418 2148 σχιστὸς
1445 2112 1515 2161 χι-

94 2146 178 2189 τών
204 2148 400 2200 περόναις
424 2148 525 2191 κατὰ
552 2150 647 2198 τούς
676 2166 817 2203 ωμους
839 2152 1005 2206 διἐιρτο.
1025 2147 1221 2205 Περόνας
1250 2152 1336 2191 illas
1366 2150 1512 2204 ραφάς

96 2204 215 2243 etiam
245 2205 430 2244 dicebant
455 2213 495 2244 et
537 2203 748 2259 ῥαφίεδας
800 2208 908 2260 quod
935 2207 1108 2246 studiose
1131 2206 1251 2245 velim
1277 2206 1513 2244 observari.

95 2271 191 2297 nam
231 2259 273 2296 in
311 2273 358 2297 eo
399 2267 556 2298 nostrae
592 2260 710 2299 huius
744 2275 871 2300 novae
896 2264 1048 2323 interpx
1049 2260 1229 2299 etationis
1255 2261 1428 2323 positum
1456 2266 1515 2298 est

97 2312 416 2352 fundamentum.
475 2313 722 2366 Hesychius.
767 2310 1086 2378 oppanopmytov,
1131 2313 1198 2352 vel
1244 2309 1514 2376 σύμποοπον,

96 2362 170 2406 τὸν
189 2364 348 2419 ραφαῖς
364 2367 683 2418 συνειλημμένον
701 2365 803 2408 κατὰ
819 2382 915 2412 τους
939 2380 1079 2417 ωμους
1099 2366 1271 2418 χιτῶνα.
1293 2389 1346 2395 --
1359 2363 1517 2428 Ῥαφαι

98 2427 191 2459 sunt
219 2421 441 2484 Hesychio,
481 2434 591 2481 quae
609 2419 764 2458 Polluci
785 2420 982 2469 περόναι;
1011 2421 1118 2456 idem
1159 2421 1254 2457 Hes.
1274 2435 1286 2457 ε
1316 2414 1513 2470 ἑτερομᾶ-

99 2475 255 2524 σχαλος
277 2473 445 2540 χιτών
430 2451 621 2519 δουλικὸς
647 2470 883 2524 ἕργατικὸς,
929 2468 1011 2511 ἀπὸ
1040 2485 1110 2510 του
1149 2468 1225 2523 τὴν
1253 2467 1398 2524 ἑτέραν
1432 2486 1517 2522 μα-

101 2525 261 2579 σχάλην
287 2543 397 2580 εχειν
425 2523 707 2582 ἐρραμμένην,
734 2527 841 2580 quod
863 2528 1026 2565 alteram
1048 2526 1270 2565 manuleam
1290 2536 1416 2565 sutum
1442 2527 1517 2565 Ιια-

100 2580 243 2620 heret-’¹
296 2584 456 2622 Addere
468 2595 641 2644 *possum
675 2558 883 2620 Plutarchi
910 2579 1060 2644 locum,
1085 2581 1127 2618 in
1156 2594 1235 2632 quo
1263 2576 1394 2644 ῥαφῆ
1411 2580 1516 2619 fibu-

101 2634 183 2672 lam
210 2644 334 2676 notat.
364 2639 437 2677 Est
466 2637 506 2675 in
534 2638 638 2675 Vitis
664 2650 704 2688 p.
735 2635 848 2688 1507.
863 2649 874 2673 ε
900 2631 974 2685 τὴν
1001 2630 1144 2687 ῥαφῆν
1171 2630 1517 2687 παραλυσάμενος

100 2686 147 2726 ἐκ
167 2689 252 2728 τοῦ
282 2689 419 2739 δεξιοῦ
445 2704 594 2741 ωμου,
624 2690 782 2729 curabat
809 2689 1066 2744 stbifibulam
1090 2690 1240 2727 tunicae
1269 2689 1332 2738 (de
1358 2689 1516 2728 chitone

101 2741 167 2781 vel
192 2746 324 2782 tunica
363 2745 418 2784 ibi
456 2760 584 2786 sermo
629 2746 710 2797 est)
741 2744 873 2783 laxius
908 2743 1119 2795 adstringi,
1165 2757 1209 2781 er
1244 2743 1330 2782 hess
1346 2745 1427 2782 sica
1450 2743 1516 2782 die
