1826 3126
247 162 317 236 74
512 182 585 222 ιο.
635 179 739 221 1Ac.
788 179 983 220 Rssisxu
1032 177 1410 222 coinfflN'rAnn

239 284 364 323 θειαν
403 291 478 323 etc.
537 283 748 336 Insigniter
788 282 910 336 igitur
952 281 1206 322 honorabant
1253 281 1518 338 Imperatores
1569 283 1685 336 illos,
1691 311 1694 314 -

240 339 386 392 quibus
414 341 456 378 in
487 338 734 377 Consistorio
776 345 815 377 et
838 340 1108 391 praesessione
1139 338 1302 391 publica
1342 353 1480 383 coram
1513 352 1558 378 se
1594 353 1689 392 per-

241 396 444 433 mitterent
474 393 636 433 sedere·
626 424 638 444 ,
677 401 895 446 narratque
925 393 1033 432 idem
1069 394 1226 434 Nicetas
1250 408 1294 447 p.
1318 407 1415 449 29²·
1441 394 1489 433 C.
1527 401 1574 433 ut
1602 408 1689 434 rem

240 449 472 498 insolitam,
513 449 708 488 Isaacium
738 448 938 503 Angelum
971 450 1125 489 Latinis
1142 479 1155 500 ‚
1197 463 1220 488 a
1250 450 1399 503 quibus
1428 450 1599 503 imperio
1624 463 1690 488 re·

240 507 400 543 stitutus
432 504 586 557 filet-at,
623 506 850 558 permisisse
867 534 878 555 ,
917 504 991 544 sibi
1022 505 1195 544 assidere
1211 534 1223 555 ,
1263 512 1309 544 ut
1348 505 1688 573 benefactoribus,

240 560 388 613 quibus
418 562 553 599 omnia
581 559 757 600 deberet.
822 557 875 600 Οἱ
903 558 986 600 τῶν
1003 560 1203 600 Λατίνων
1230 554 1431 612 ἡγεμόνες
1458 559 1520 606 εἷς
1546 555 1600 599 τοὶ
1609 560 1695 624 βα·

239 614 378 654 σίλεια
405 609 770 684 παραβάλλουσιν,
811 618 892 668 οὐχ
920 629 1037 654 ουτοι
1065 615 1112 655 δὲ
1145 610 1298 666 μόνον,
1346 611 1454 655 ἀλλὰ
1481 613 1556 654 καί
1582 610 1621 654 οἱ
1647 610 1693 654 τὸ

239 669 355 722 γένος
382 671 479 723 παρ’
509 669 655 717 αὐτοῖς
682 670 931 736 ἐπίσημοι,
953 668 1028 709 καί
1056 669 1424 738 παρενηνεγμένων
1451 665 1694 720 σκιμπόδιον

240 727 327 772 τοῖς
353 725 577 776 βασιλεῦσι
615 723 863 780 συνήδριζον
903 719 1102 776 ἅπαντες,
1150 723 1365 789 εὐεργέται
1395 739 1467 765 και
1507 724 1694 778 σωτῆρες

241 775 458 828 ακούοντες
476 804 499 812 -
520 804 538 812 -
559 782 681 832 Quod
715 788 832 820 antea
866 780 973 820 idem
1012 781 1186 820 Isaacius
1225 782 1321 834 ipsis
1358 776 1602 834 negaverat,
1646 786 1694 819 ut

240 842 395 875 constat
425 851 470 876 ex
492 837 668 876 eiusdem
689 837 853 876 Nicetae
884 851 927 889 p.
952 836 1046 876 215.
1038 865 1068 887 .,
1096 836 1167 875 ubi
1194 837 1251 875 ait
1274 834 1471 876 Isaacium
1490 837 1595 874 inter
1614 834 1694 874 alia

241 906 354 945 supe1
354 890 414 930 ba
441 899 481 931 et
506 892 751 946 Imperatore
791 893 954 946 indigna
973 921 984 942 ,
1025 890 1165 945 legatis
1196 890 1395 931 Friderici
1426 891 1693 931 Barbarossae

241 961 323 986 non
352 948 603 1000 permisisse,
647 955 693 986 ut
717 947 826 1002 apud
857 962 899 986 se
929 946 1112 987 sederent
1129 976 1141 997 ‚
1187 961 1314 1000 quum
1343 954 1481 986 tamen
1508 945 1692 985 F1ideri-

240 1017 311 1042 cus
341 1016 424 1041 non
447 1010 605 1042 tantum
628 1002 777 1057 legatos
807 1003 955 1053 Isaaci,
993 1002 1063 1042 sed
1097 1004 1218 1042 etiam
1247 1002 1431 1042 homines
1462 1015 1604 1041 eorum
1631 1015 1695 1040 se-

241 1058 336 1096 dere
364 1059 533 1098 iusserit.
593 1059 764 1098 Facetus
795 1066 855 1098 est
878 1057 1014 1111 locus,
1044 1072 1166 1111 quem
1196 1071 1279 1097 non
1305 1059 1416 1112 piget
1438 1056 1691 1108 adscribere,

234 1112 454 1180 lepidaque
486 1113 555 1152 illa
581 1114 724 1154 Graeci
758 1115 882 1153 molis
921 1128 1015 1153 cum
1047 1113 1149 1153 hara
1176 1127 1395 1182 porcorum
1424 1113 1696 1179 comparatio.

234 1163 325 1209 Ἵνα
350 1182 402 1208 τα
432 1182 478 1208 εν
497 1168 652 1234 ,μέσῳ
652 1169 802 1233 παρῶ,
848 1169 978 1208 πλειω
1016 1167 1269 1221 κατηγορίαν
1300 1168 1379 1208 τοῦ
1411 1166 1591 1221 δρῶντος
1620 1165 1696 1207 καὶ

242 1222 452 1290 λέγοντος,
490 1237 616 1290 ηπερ
633 1219 826 1287 ἔπαινον,
872 1220 1042 1275 ἔχοντα,
1083 1223 1278 1263 πείθεται
1312 1218 1436 1273 μόλις
1475 1221 1692 1286 διαφεῖναι

240 1274 340 1324 τούς
367 1277 564 1332 πρέσβεις
595 1277 638 1326 ἐς
664 1274 733 1318 τὸν
764 1294 818 1333 ρη
795 1279 877 1332 ἧγα
913 1279 1194 1346 [Fridericum
1234 1278 1522 1319 Barbarossam
1550 1279 1594 1316 in
1625 1277 1692 1317 hi-

244 1332 379 1372 bernis
423 1334 531 1398 apud
566 1334 868 1400 Philippopolin
909 1333 1117 1399 agentem]
1167 1333 1423 1374 ἐπανελθεῖν.
1478 1329 1610 1380 αὐτὸς
1644 1331 1694 1372 δὲ

243 1400 417 1435 τουτους
447 1385 550 1429 ἰδών
585 1404 656 1428 και
683 1386 861 1453 μαθών,
889 1385 947 1436 ὥς
979 1383 1076 1429 ου’τε
1102 1387 1319 1456 καθέδρας
1342 1401 1364 1426 ο
1394 1384 1593 1440 βασιλευς
1612 1381 1693 1427 αὖ-

242 1447 331 1489 τοῖς
358 1443 616 1508 μετέδωκεν,
645 1440 752 1484 ἀλλὰ
783 1443 1098 1508 δουλοπρεπῶς,
1127 1444 1286 1509 ἐπίσης
1294 1441 1552 1507 Ῥωμαίοις,
1576 1441 1694 1498 αὐτῶ

57 1497 174 1533 lid-L·
187 1498 231 1543 24
243 1495 562 1565 παρειστηκότες
596 1495 920 1568 παρώφθησαν,
969 1513 1065 1539 ουτε
1109 1495 1222 1547 τινὸς
1256 1493 1415 1567 ἑτέρου
1450 1481 1692 1552 ἠξιώθησαν

245 1551 412 1604 ἀγαθοῦ
449 1553 684 1622 ἐξαιρέτου,
723 1553 947 1594 ἐπίσκοποί
971 1568 1015 1595 τε
1045 1547 1160 1602 ὄντες
1191 1568 1263 1594 και
1298 1568 1381 1593 αυτ
1442 1554 1694 1619 προσγενεΐς,

243 1605 488 1660 ἠγανάκτει,
529 1623 599 1649 και
628 1608 751 1662 δῆλος
783 1603 835 1662 ἦν
861 1606 934 1649 ἐπι
950 1609 1008 1666 τῶ
1033 1604 1216 1662 γεγονότι
1243 1607 1350 1676 τῷδε
1374 1566 1695 1678 ἕεαπριόμενος.

246 1661 305 1709 ὥς
335 1662 381 1702 δὲ
416 1678 485 1703 και
513 1663 709 1717 πρέσβεις
743 1660 938 1717 ἡμέτεροι
968 1650 1068 1730 παρ’
1110 1664 1266 1706 εκεῖνον
1298 1662 1520 1732 ἀφίκοντο,
1558 1657 1695 1731 εαυτῴ·

245 1718 570 1785 συμπαρέδρους
595 1720 815 1784 πεποίηκεν
847 1717 1005 1768 αυτούς
1024 1735 1069 1760 τε
1100 1735 1171 1759 και
1199 1732 1301 1767 τους
1328 1717 1694 1787 υπηρετουμένους

245 1771 416 1824 αὐτοῖς,
449 1773 556 1827 μηδὲ
586 1771 686 1821 τούς
711 1771 961 1844 ὀψοποιούς
959 1805 970 1824 ,
994 1775 1067 1815 καί
1087 1770 1345 1839 ἱπποκόμους
1363 1788 1436 1814 και
1441 1769 1695 1842 μάττοντας

243 1828 535 1882 παρίστασθαι
569 1844 768 1884 αφεικως.
822 1826 899 1895 μὴ
918 1825 1034 1871 εἶναι
1050 1829 1096 1870 δὲ
1128 1825 1331 1894 λεγόντων
1361 1825 1529 1869 ἐκείνων
1547 1824 1694 1894 εἰκὸς,

244 1884 418 1949 βασιλεῖ
453 1884 642 1950 μεγίστῳ
679 1880 964 1927 συνθωκεύειν
1006 1883 1244 1954 ὑπηρέτας,
1289 1878 1468 1938 ἀρκετὸν
1504 1897 1586 1936 γαρ
1630 1876 1694 1923 ὅτι

245 1935 320 1977 καὶ
350 1939 389 1978 οὶ
417 1937 554 1990 κύριοι
587 1935 730 1980 αὐτων
755 1937 1102 2008 συνεδρεύουσιν,
1132 1938 1188 1979 ου’
1213 1937 1440 2003 καθυφῆκέ
1462 1953 1505 1979 τι
1539 1934 1694 2003 μικρὸν

245 1993 320 2032 τοῦ
361 1995 544 2046 σκοποῦ,
597 1992 702 2035 ἄλλα
737 1991 811 2035 καί
823 1991 909 2060 μὴ
949 1990 1120 2041 εκόντας
1157 1997 1245 2042 τοῖς
1283 1991 1501 2041 δεσπόταις
1538 1988 1695 2042 αὗτοῦς

247 2049 584 2114 συγκατέκλινεν,
627 2049 673 2091 ἐν
705 2044 768 2096 οἷς
805 2046 999 2117 ε’πραπε,
1036 2047 1283 2119 εΡωμαίους
1311 2044 1695 2100 καταμωκώμενος,

247 2117 319 2148 και
346 2102 510 2152 ὸεικνυς
531 2120 598 2173 μη
622 2104 784 2174 αρετῆς
817 2119 886 2144 και
910 2104 1054 2170 γένους
1082 2100 1188 2145 εἶναι
1211 2104 1314 2168 παρ’
1347 2104 1494 2151 αὕτοῖς
1525 2103 1694 2143 διαστο-

246 2154 344 2210 λὴν,
389 2154 474 2199 αλλ’
511 2159 568 2207 ὥς
596 2160 656 2208 εις
687 2157 849 2224 συφεόν
883 2173 922 2200 οι
957 2160 1170 2225 συφορβοὶ
1197 2173 1274 2206 τας
1303 2158 1382 2206 σῦς
1413 2153 1694 2225 ἁπαξαπάσας

248 2212 466 2254 εἰσελιδσιν
491 2230 550 2263 εις
577 2216 650 2257 ἕνα
681 2211 875 2267 σταθμὸν
890 2247 903 2266 ,
931 2211 990 2268 μὴ
1020 2213 1253 2262 διἰστάντες
1282 2210 1358 2262 τὰς
1385 2211 1552 2264 πίονας,
1581 2227 1694 2254 ουτω

249 2282 320 2306 και
356 2267 564 2320 Ρωμαῖοι
599 2284 970 2335 παραστατουντας
1006 2266 1178 2322 ε’χουσιν
1218 2265 1418 2317 ἅπαντας.
1472 2270 1516 2309 Si
1546 2269 1692 2313 Fride-

250 2324 322 2361 rici
354 2325 642 2378 Baimbarossae
682 2341 765 2366 non
794 2327 844 2366 N
834 2333 959 2366 lcetae
975 2356 988 2378 ‚
1027 2332 1087 2365 est
1118 2325 1188 2365 illa
1223 2325 1470 2366 Graecorum
1485 2355 1497 2376 ,
1539 2323 1696 2365 nobiles
1720 2349 1722 2351 >

250 2378 522 2433 ignobilesque
553 2383 692 2423 eadem
724 2395 862 2422 omnes
881 2381 968 2436 lege
994 2383 1253 2420 tractantium
1285 2395 1378 2420 cum
1408 2379 1584 2420 subulcis
1605 2392 1694 2433 por-

250 2446 319 2471 cos
351 2434 516 2488 pingues
548 2452 782 2491 macrosque
813 2438 855 2476 in
885 2450 1009 2476 unam
1039 2436 1181 2475 haiam
1213 2435 1545 2490 compellentibus
1581 2448 1693 2474 com-

250 2490 433 2540 parati0‚
464 2498 522 2529 est
551 2507 596 2531 ea
625 2493 786 2546 quidem
815 2492 1027 2546 ambigua,
1056 2505 1150 2530 nam
1181 2499 1336 2544 poterat
1366 2493 1409 2530 in
1436 2493 1568 2544 ipsum
1600 2503 1695 2542 quo·

250 2557 329 2596 que
358 2546 445 2596 pari
473 2548 626 2586 iatione
659 2550 910 2603 retorqueli,
941 2555 1000 2587 est
1021 2549 1140 2586 etiam
1170 2547 1416 2600 Imperatore
1445 2547 1592 2585 nostris
1611 2546 1696 2598 qui-

251 2598 344 2637 dem
374 2599 552 2640 moribus
589 2603 751 2657 indigna
767 2634 779 2654 ‚
821 2603 891 2643 illa
919 2610 1052 2642 tamen
1086 2602 1249 2641 rudiora
1283 2601 1441 2642 saecula
1475 2601 1613 2650 decet,
1657 2606 1697 2639 et

251 2653 517 2693 Baibarossae
547 2658 774 2709 ingenium·
765 2690 776 2709 ‚
818 2666 856 2698 et
882 2671 1057 2698 scomma
1085 2657 1186 2696 illud
1218 2659 1388 2696 maxime
1421 2655 1570 2695 ibidem
1599 2654 1694 2693 sub-

252 2709 424 2758 iectum,
455 2725 526 2762 pei
529 2710 703 2764 lepidum
736 2714 895 2764 hei-‚cle
925 2728 1005 2767 quo
1041 2713 1221 2762 dicebat,
1251 2714 1292 2751 in
1312 2712 1481 2751 hiberna
1501 2709 1694 2749 distribu-

254 2777 323 2803 ens
350 2772 387 2803 et
409 2765 611 2805 dimittens
627 2772 775 2820 copias,
809 2784 900 2808 cum
917 2768 1149 2809 ductoribus
1168 2781 1324 2820 eorum,
1353 2767 1548 2820 episcopis
1568 2771 1690 2818 puta:
