1832 3126
831 37 875 81 0·

296 165 318 202 1
335 166 398 203 12
575 166 651 208 10.
693 163 798 207 1AC.
837 165 1033 207 REISKn
1078 163 1457 211 COMMENTARH

398 268 445 307 C.
469 281 505 307 ι.
528 267 622 322 [[6,
645 266 733 322 15.]
758 267 1082 310 α’ποσκέπαστοι.
1137 269 1256 310 Nudo
1292 272 1440 326 capite,
1480 270 1636 312 detecto
1665 266 1733 314 vel

280 324 467 364 detracto
493 331 714 362 stemmate.

398 380 447 418 C.
467 377 508 417 6.
531 378 621 432 [16‚
646 377 731 433 18]
762 371 966 430 ἄμβωνος.
1021 379 1176 427 Ambo,
1219 388 1266 420 ut
1290 388 1461 434 notum,-
1491 390 1550 423 est
1592 392 1734 438 sugge-

287 441 393 482 stus,
441 449 463 473 e
486 448 566 487 quo
599 435 640 472 in
662 434 825 473 ecclesia
854 442 984 474 textus
1015 435 1240 489 evangelii,
1271 437 1501 490 epistolares
1518 466 1531 489 ,
1559 438 1729 491 psalmi,

108 497 172 532 Ed.
183 496 220 530 L.
232 498 277 532 36
291 503 424 528 sacrae
452 491 652 529 orationes
678 491 911 529 recitantur.
969 489 1084 545 *[De
1115 492 1286 530 ambone
1315 492 1531 544 ecclesiae,
1561 504 1734 548 evange-

289 545 333 584 lii
371 552 410 584 et
441 544 629 598 epistolae
659 559 702 584 v.
744 546 886 584 Giorn.
914 545 977 584 dei
1016 548 1167 586 Letter.
1205 548 1356 585 XXIII.
1389 547 1486 598 546.
1525 556 1565 587 et
1594 547 1731 602 347.]*

289 601 483 654 Figuram
511 601 691 639 ambonis
721 600 880 640 exhibet
914 609 1071 654 praeter
1103 603 1172 640 Du
1197 602 1393 656 Cangium
1429 603 1471 642 in
1493 603 1590 644 CPli
1616 604 1735 643 Chri·-

291 658 420 695 stiana
450 656 722 710 Menologium
757 656 998 695 Basilianum
1029 658 1080 696 T.
1115 658 1150 696 I.
1179 672 1221 711 p.
1239 659 1308 712 57.
1334 665 1374 697 et
1405 657 1496 698 135.
1554 659 1644 698 Vox
1675 666 1736 699 est

291 711 395 750 bene
435 713 600 751 Graeca.
653 708 833 762 Ἀμβών
861 720 1110 752 contractum
1139 726 1186 752 ex
1221 707 1427 765 οἷμβαών,
1471 714 1523 753 ab
1559 708 1739 766 ἇναβαί-

292 781 390 818 νειν,
426 767 553 816 locus,
577 768 619 805 in
642 781 762 820 quem
788 768 1028 807 ascenditur.

404 823 450 862 C.
471 823 514 863 6.
543 822 633 876 [16‚
662 821 747 876 18]
803 820 935 861 ἐκεῖσε
982 819 1068 875 γάρ’
1109 818 1158 862 τοὶ
1210 816 1309 876 ἅγια
1355 818 1484 875 σκεύη
1531 821 1739 864 ἵστανται.

293 877 355 917 Ut
389 878 468 918 hoc
497 877 763 931 intelligatur,
805 879 1064 931 apponendus
1091 878 1203 918 locus
1233 893 1280 917 ex
1313 878 1483 917 Haberti
1509 878 1736 919 Pontificali

294 948 336 987 p.
365 933 483 974 105.:
519 932 858 985 „Advertendum
883 941 967 984 est,
1006 934 1061 972 ait
1077 964 1087 982 ‚
1118 941 1207 987 post
1234 935 1455 987 ingressam
1475 933 1671 988 evangelii
1697 940 1738 974 et

294 989 419 1042 ipsius
459 991 733 1028 recitationem
770 988 962 1027 celebrari
991 990 1183 1028 maiorem
1225 990 1466 1043 ingressam,
1505 985 1580 1041 τήν
1607 984 1739 1041 μεγά-

295 1046 371 1096 λην
410 1041 591 1094 εἴσοδον,
643 1045 685 1083 in
707 1059 787 1098 qua
827 1044 1059 1084 Sacerdotes
1087 1052 1262 1084 assumta
1291 1059 1336 1084 ex
1361 1059 1431 1084 ara
1459 1045 1607 1084 minori
1629 1044 1738 1084 Pro-

296 1100 452 1140 theseos
490 1100 595 1138 dicta
648 1107 783 1139 sancta
835 1100 941 1139 dona
959 1130 971 1152 ,
1005 1115 1149 1154 panem
1174 1100 1324 1140 scilicet
1348 1107 1388 1139 et
1412 1095 1581 1150 vinum,
1612 1099 1737 1139 hene-

296 1155 405 1195 dicta
444 1155 607 1209 quidem
655 1155 926 1207 orationibus,
953 1157 1021 1195 sed
1048 1156 1229 1195 nondum
1261 1155 1395 1195 verbis
1420 1155 1567 1194 Christi
1600 1166 1739 1195 conse-

298 1218 439 1262 crata,
493 1211 544 1249 ad
585 1209 710 1250 altare
750 1211 904 1261 maius,
946 1226 1016 1251 seu
1054 1219 1232 1251 sanctam
1267 1225 1446 1250 mensam
1474 1208 1738 1262 translaturi,

297 1266 499 1321 prodeunt
545 1273 654 1305 extra
684 1267 956 1305 sanctuarium
989 1281 1059 1321 per
1091 1267 1253 1306 ianuam
1277 1266 1486 1306 lateralem
1515 1267 1559 1305 in
1595 1279 1739 1304 secun—

299 1322 394 1361 dam
439 1321 623 1361 ecclesiae
664 1329 845 1376 partem,
875 1323 946 1375 qui
972 1324 1154 1363 virorum
1186 1321 1297 1362 locus
1318 1329 1403 1372 est,
1438 1321 1560 1374 idque
1585 1320 1740 1360 solenni

299 1377 474 1431 quadam
520 1391 666 1431 pompa
704 1385 837 1417 sancta
879 1391 1044 1417 munera
1076 1378 1194 1432 capiti
1227 1378 1411 1431 imposita
1437 1382 1619 1415 tenentes
1634 1406 1646 1427 ‚
1681 1389 1741 1416 ceb

300 1434 378 1471 reis
428 1447 473 1472 ac
522 1433 738 1472 thuribulis
782 1434 1136 1486 praecedentibus,
1190 1433 1360 1472 diacono
1400 1431 1497 1471 thus
1527 1429 1737 1480 adolente,

300 1488 454 1542 hymno
492 1491 654 1527 interim
690 1489 915 1528 Cherubico
957 1496 1211 1542 personante.
1268 1485 1450 1543 Populus
1483 1486 1536 1526 ad
1566 1486 1666 1526 haec
1697 1487 1740 1527 in

301 1543 475 1583 ecclesiis
506 1545 696 1583 Graeciae
724 1543 927 1598 profunda
962 1543 1323 1584 inclinatione‘sese
1346 1540 1559 1582 demittit.”

418 1613 479 1638 10.
500 1600 554 1638 D.
575 1603 614 1651 4.
642 1599 682 1654 [ι
693 1614 731 1654 7,
755 1598 817 1653 3.]
849 1596 1033 1651 στήθεσι.
1091 1596 1233 1639 Graeci
1252 1599 1349 1638 novi
1374 1596 1578 1651 appellant
1608 1594 1743 1652 στήθη

300 1654 359 1705 id,
394 1656 503 1708 quod
527 1656 738 1695 Vitruvius
773 1656 923 1710 pluteos
951 1656 1050 1695 dixit
1065 1685 1077 1706 ,
1124 1655 1244 1695 hodie
1275 1654 1444 1694 dicimus
1471 1653 1677 1703 balastres,
1716 1667 1743 1693 a

296 1711 419 1766 palo,
459 1709 524 1750 vel
554 1712 687 1760 vallo,
738 1725 876 1750 omnes
910 1710 995 1750 illas
1033 1725 1166 1765 sepes,
1203 1716 1274 1749 aut
1314 1709 1486 1763 ligneas,
1522 1706 1638 1748 vallis
1670 1721 1742 1747 seu

301 1765 468 1805 sudibus
488 1766 702 1805 ordinatim
732 1765 927 1806 stantibus
943 1798 954 1816 ,
994 1774 1064 1806 aut
1092 1765 1312 1805 columellis
1337 1763 1570 1803 marmoreis
1590 1763 1743 1802 aeneis-

301 1836 378 1870 ve,
414 1836 517 1875 quae
550 1823 666 1861 sudes
698 1823 904 1861 imitentur
921 1851 933 1873 ,
971 1823 1234 1875 compositas,
1281 1827 1321 1859 et
1351 1818 1530 1873 epistelio
1561 1832 1735 1871 superne

301 1878 475 1929 iunctas,
510 1878 593 1916 eius
615 1877 849 1926 altitudinis,
879 1885 924 1916 ut
938 1877 990 1916 ad
1010 1878 1182 1916 hominis
1199 1877 1319 1916 erecti
1337 1882 1476 1928 pectus
1494 1875 1740 1928 pertingant.

305 1933 563 1986 Quapropter
586 1929 719 1986 ᾳτήθη
743 1941 783 1972 et
804 1926 995 1983 θώρακες
1016 1932 1206 1971 videntur
1225 1931 1344 1970 fuisse
1363 1928 1598 1983 appellatae.
1656 1928 1745 1969 Ele·

306 1996 446 2039 ganter
481 1989 668 2028 describit
700 1987 964 2041 Theophanes
1001 1987 1214 2026 Cerameus
1249 1986 1291 2025 in
1323 1985 1476 2024 Homil.
1504 1984 1572 2026 55.
1608 1983 1744 2038 (apud

305 2043 374 2082 Du
402 2045 535 2097 Gange
559 2059 601 2084 v.
622 2039 864 2096 Κὰγκελος);
885 2039 929 2082 τὸ
957 2041 1030 2094 τῆς
1050 2040 1236 2095 ἄρ’ῥήτου
1259 2040 1426 2109 τελετῆτς
1448 2036 1608 2093 χωρίον
1630 2053 1745 2092 μαρ-

306 2095 454 2149 μάρων
482 2095 629 2152 θώραξ
659 2103 743 2147 τοῖς
780 2094 941 2152 ἱερεῦσι
982 2096 1226 2151 περικλειέι,
1271 2095 1343 2150 ἐφ’
1381 2109 1413 2151 ῳ
1447 2096 1561 2136 ἐστιν
1589 2092 1745 2135 §nava-

307 2148 529 2194 παύεσθαί
556 2168 602 2194 τε
626 2154 699 2193 καί
721 2154 812 2204 μετ’
843 2151 1074 2207 ἀσφαλείας
1101 2146 1275 2192 ἑστάναι,
1303 2150 1376 2190 καί
1404 2151 1570 2203 τέρπειν
1588 2149 1642 2204 τῇ
1662 2147 1743 2205 θέᾳ

308 2205 387 2260 τὴν
413 2202 527 2260 ὄψιν.
581 2206 754 2259 κώλυμα
779 2207 825 2247 δὲ
850 2209 969 2249 τοῦτο
995 2207 1100 2258 τῶν,
1138 2203 1182 2246 εἴ
1204 2220 1269 2253 τις
1293 2201 1503 2260 προπετὴς
1530 2203 1604 2244 καί
1628 2201 1744 2244 οἷνιέ-

311 2276 382 2313 ρος
402 2260 500 2303 εἴσω
528 2263 609 2304 τῶν
634 2261 798 2303 ἀδύτων
823 2261 1053 2317 ὑπερβῆναι
1079 2264 1315 2315 φιλονεικεῖ,
1371 2259 1510 2301 Schol.
1532 2258 1741 2313 Aristoph.

310 2314 573 2371 δρύφακτοι,
609 2314 799 2373 θώρακες
829 2317 1009 2368 ξυλινοί,
1043 2315 1095 2357 τοὶ
1128 2313 1456 2371 διαφράγματα,
1493 2308 1522 2367 ἢ
1550 2310 1602 2363 τοὶ
1625 2326 1746 2367 περι-

309 2373 575 2423 τειχίσματα.
633 2376 832 2413 Dicuntur
857 2388 1016 2428 quoque
1037 2368 1238 2412 διάστυλα
1268 2374 1330 2425 (v.
1358 2373 1426 2411 Du
1439 2372 1572 2424 Gange
1591 2369 1636 2408 h.
1664 2369 1746 2421 Ἣ),

311 2429 406 2477 quia
447 2428 738 2469 διαστέλλουσι
773 2444 896 2469 naum
927 2444 950 2468 a
982 2429 1159 2468 tribuna.
1219 2428 1419 2467 Eusebius
1449 2427 1555 2466 Hist.
1589 2423 1745 2464 Eccioe.

311 2482 362 2519 X.
391 2482 433 2531 4.
453 2484 627 2536 appellat
656 2480 710 2524 τὰ
733 2480 812 2524 ἀπὸ
846 2481 968 2534 ξύλου
997 2482 1158 2523 δίκτυα.
1210 2484 1343 2522 Latini
1366 2482 1495 2522 medii'
1515 2481 1604 2520 aevi
1623 2481 1748 2535 pegia

311 2551 386 2590 pro
412 2539 535 2591 podia
571 2541 812 2593 (utrumque
834 2541 973 2579 eodem
998 2539 1118 2578 modo
1140 2538 1480 2592 pronuntiabant)
1507 2543 1548 2575 et
1565 2544 1748 2591 pectora-

311 2594 370 2630 lia
389 2622 400 2642 ,
436 2594 531 2631 item
573 2596 714 2634 loricas
746 2596 999 2648 appellabant
1013 2624 1024 2645 ‚
1061 2602 1109 2644 et¹
1134 2595 1283 2645 soleas,
1316 2592 1383 2633 vel
1411 2593 1596 2632 soleat-ia.
1655 2590 1746 2629 Ma·
1793 2591 1795 2593 ’

313 2647 453 2686 billon.
489 2649 642 2687 Introd.
674 2651 724 2688 ad
747 2652 957 2690 Ceremon.
979 2653 1114 2690 Roma
1175 2650 1255 2704 Qui
1269 2648 1551 2703 presbyterium
1579 2657 1606 2684 a
1629 2645 1749 2684 choro

313 2712 513 2742 cantorum
540 2704 776 2744 dirimebant
801 2707 968 2746 cancelli
998 2707 1158 2760 pogium
1199 2713 1236 2742 et
1267 2704 1485 2759 pectoralia
1504 2701 1747 2740 dicebantur.

312 2759 369 2799 V.
382 2759 449 2799 Du
470 2759 602 2812 Gange
614 2774 655 2799 v.
672 2761 890 2802 pectorale.
908 2758 1189 2816 *[Θωράκειον
1202 2760 1344 2799 Latine
1358 2758 1546 2810 maceria,
1567 2770 1591 2796 a
1603 2749 1750 2808 θώραξ
