1884 3132
231 156 305 199 ΑΙ)
352 154 651 199 CONSTANT.
690 155 885 198 Pomm.
926 157 997 196 DE
1038 155 1219 197 crium.
1258 156 1358 195 Lm.
1400 157 1433 195 ι.
1476 135 1591 210 399

150 275 230 316 qne
248 261 342 312 alti,
363 276 493 315 neque
517 261 636 300 sacris
654 260 846 300 faciundis
861 291 873 311 ,
903 260 971 300 sed
995 260 1172 314 profanis
1202 259 1340 299 usibus
1371 258 1585 311 destinati,

150 324 286 356 tamen
313 316 448 356 arulae
475 316 723 356 dicebantur.
777 315 900 354 Medii
929 318 1016 355 aevi
1050 317 1181 354 Latini
1215 316 1413 363 undenas,
1450 315 1586 354 landi—

148 387 216 411 σας
237 402 249 420 ,
285 373 511 426 repofbcina
535 379 574 410 et
606 373 798 422 aycharas
824 371 870 420 (si
905 370 1024 409 modo
1057 370 1182 423 proba
1218 384 1264 409 ea
1302 371 1463 423 scriptio
1496 377 1555 409 est
1568 400 1581 417 ‚

151 427 221 465 sed
262 428 439 479 suspicor
481 427 680 464 oisc-haras
727 425 1000 478 reponendum
1046 428 1153 475 esse)
1198 424 1464 479 appellabant.
1519 425 1583 465 De

149 481 296 535 quibus
325 481 508 520 omnibus
532 480 615 520 vid.
647 481 714 519 Du
743 481 875 533 Cange
906 479 1038 518 Gloss.
1067 480 1156 518 Lat.
1216 480 1283 518 Ad
1310 480 1408 519 tales
1428 479 1583 520 foculos

148 536 263 575 humi
285 536 462 576 desidere
486 543 525 574 et
537 534 688 588 poculis
711 542 830 588 atque
853 536 968 588 genio
996 533 1201 587 indulgere
1227 534 1415 574 dicebant
1437 537 1582 575 Graeci

146 587 251 642 πρὸς
278 591 363 642 πῦρ
394 588 594 640 διέλκειν,
622 590 680 628 ad
693 591 820 643 ignem
841 590 1026 628 diducere
1042 620 1053 637 ‚
1086 603 1230 642 nempe
1262 589 1454 643 scyphos,
1484 604 1581 642 por-

146 646 274 699 rigere
318 645 393 685 sibi
436 646 479 683 in
538 645 664 684 vicem
679 675 691 694 ‚
740 645 847 684 ultro
902 645 1080 698 citroque
1122 645 1364 698 reciprocare
1416 645 1575 699 pocula.

150 700 319 739 Stabant
354 699 526 750 clibani,
554 698 663 754 quod
686 699 858 748 dictum,
892 700 1022 739 medio
1060 700 1102 738 in
1137 699 1346 751 conclavi,
1372 707 1413 739 at
1443 700 1581 741 arulae

146 753 218 794 ἐπὶ
242 753 317 807 τῆς
342 749 497 802 ἑστίας,
538 755 580 793 in
598 756 724 807 soco,
764 754 806 793 id
837 761 895 793 est
931 755 983 793 ad
1021 762 1175 808 partem
1206 755 1378 793 mediam
1415 757 1579 807 parietis

146 811 316 859 summi,
339 807 580 848 intrantibus
613 811 797 862 oppositi.
853 809 959 848 Hinc
987 810 1182 863 intelligas
1211 809 1311 848 illud
1330 809 1578 850 Artemidori

141 877 179 917 p.
198 863 266 918 94.
291 863 380 915 ι4.;
412 861 628 903 α’νακαίειν
655 863 787 903 δοκεῖν
815 863 899 917 πῦρ
940 864 1105 915 ταχέως
1144 859 1458 915 α’ναπτόμενον,
1501 863 1577 905 καί

140 919 212 972 ἐφ’
249 913 409 967 ἑστίας,
457 915 530 957 καί
561 918 606 958 ἑν
649 917 853 974 κλιβάνῳ,
897 912 1059 970 ἇγαθόν
1086 915 1159 958 καὶ
1191 918 1355 958 παίδων
1381 916 1577 971 σημαίνει

141 970 280 1026 γονήν.
307 970 414 1013 ἔοικε
440 969 520 1025 γὰρ
550 971 576 1024 ἦ
604 967 719 1012 ἑστία
749 974 822 1014 καί
847 971 870 1012 ὅ
898 973 1088 1023 κλίβανος
1115 973 1280 1025 γυναικί
1293 1003 1305 1025 ,
1334 976 1371 1012 si
1389 976 1475 1030 quis
1501 976 1581 1014 sihi

140 1028 326 1068 videatur
369 1030 494 1081 ignem
526 1029 753 1077 accendere,
787 1030 894 1084 isque
928 1030 1002 1067 cito
1037 1029 1176 1068 ardeat
1196 1060 1207 1077 ,
1251 1043 1339 1067 cum
1369 1031 1412 1068 in
1437 1031 1540 1082 foco
1555 1060 1570 1080 ,

141 1091 220 1122 tum
237 1085 280 1122 in
309 1084 462 1122 clibano
479 1113 490 1130 ,
522 1083 660 1122 bonum
691 1093 766 1132 est,
793 1093 831 1122 et
839 1083 1028 1139 filiorum
1051 1085 1337 1137 generationem
1360 1087 1574 1138 promittit.

141 1137 293 1178 Similis
311 1139 414 1177 enim
427 1139 609 1190 estjbcus
630 1147 670 1177 et
692 1139 866 1177 clibanus
880 1139 1050 1178 mulieri.
1105 1139 1193 1177 Hoc
1216 1153 1238 1177 e
1262 1139 1442 1178 doctrina
1463 1154 1572 1193 sym·

139 1191 297 1242 bolica,
325 1207 428 1246 quae
453 1192 562 1245 apud
594 1201 744 1232 veteres
773 1194 970 1245 Graecos,
992 1201 1037 1232 ut
1064 1202 1219 1247 gentem
1236 1195 1389 1247 origine
1412 1195 1573 1249 Scythi-

140 1261 254 1298 cam,
277 1248 474 1301 stequenti
492 1248 531 1286 in
553 1262 627 1286 usu
652 1256 761 1296 erat,
793 1256 832 1287 et
861 1249 992 1287 adhuc
1014 1257 1072 1288 est
1086 1249 1191 1302 apud
1222 1249 1412 1302 Scythas,
1444 1258 1490 1289 ut
1523 1265 1570 1290 ex

137 1303 397 1356 scriptoribus
424 1316 558 1341 rerum
591 1303 846 1342 Russicarum
875 1311 1044 1343 constat.
1102 1305 1314 1357 Egregiam
1342 1304 1471 1343 lucem
1500 1305 1570 1345 dat

137 1356 204 1395 hic
236 1357 481 1396 Artemidori
510 1357 618 1396 locus
656 1358 714 1396 illi
758 1359 981 1408 Herodoti,
1013 1366 1052 1397 et
1079 1360 1220 1412 accipit
1239 1361 1410 1398 vicissim
1428 1360 1480 1398 ab
1499 1374 1568 1399 eo-

140 1411 261 1460 dem,
292 1414 361 1465 qui
401 1426 444 1464 p.
467 1411 561 1450 522.
583 1414 671 1451 init.
711 1420 837 1451 exstat
872 1413 921 1451 de
953 1413 1134 1452 Melissae
1175 1414 1317 1452 umbra
1347 1422 1537 1466 querente
1555 1445 1568 1463 ‚

139 1459 204 1505 ὅτι
230 1464 302 1505 ἐπὶ
326 1461 497 1518 ψυχρὸν
526 1464 597 1504 τὸν
625 1462 741 1505 ἴπνον
769 1466 1036 1519 Περίανδρος
1064 1463 1161 1513 τοὺς
1200 1461 1354 1519 ἄρτους
1393 1468 1568 1519 ἐπέβαλ-

137 1520 194 1560 λε.
248 1521 458 1574 Signanter
484 1520 539 1558 ait
566 1520 792 1560 Herodotus
830 1520 929 1566 τοὺς
958 1517 1111 1573 ἄρτους
1137 1519 1207 1561 ἐπὶ
1232 1519 1302 1562 τὸν
1328 1519 1446 1561 ἴπνον
1473 1522 1566 1562 ἐπι-

135 1570 319 1625 βάλλειν.
378 1574 499 1625 Quod
537 1588 616 1613 non
644 1575 839 1628 intelligas
874 1576 949 1614 nisi
978 1577 1169 1615 memoria
1205 1585 1340 1616 teneas
1356 1607 1368 1626 ‚
1409 1585 1565 1618 veteres

136 1627 310 1668 Graecos
347 1643 470 1682 panes
507 1644 599 1669 suos
638 1629 836 1669 calefactis
874 1629 951 1668 illis
977 1629 1136 1682 τηλιάις
1165 1631 1302 1671 ferreis
1329 1634 1564 1684 imposuisse

135 1685 363 1737 coquendos
380 1715 390 1732 ,
421 1685 566 1736 quibus
595 1698 660 1723 eos
690 1686 939 1723 consuevisse
966 1699 1057 1723 suos
1088 1685 1264 1726 clibanos
1290 1694 1422 1740 tegere
1441 1688 1562 1740 paulo

134 1747 225 1778 ante
263 1754 309 1778 ex
346 1739 625 1793 Aristophanis
666 1740 807 1793 Vespis
850 1739 1184 1779 demonstrabam.
1242 1742 1333 1780 Non
1365 1742 1563 1783 faciebant

134 1793 192 1832 illi
230 1808 352 1846 panes
390 1801 471 1833 tam
515 1794 758 1848 vaegrandes
799 1802 918 1848 atque
944 1803 1037 1833 sunt
1063 1796 1212 1843 nostri,
1257 1811 1428 1850 quorum
1454 1812 1560 1838 unus

132 1848 335 1887 interdum
365 1849 428 1888 vel
456 1849 634 1888 baiulum
662 1857 799 1888 oneret
813 1881 823 1899 ‚
854 1864 983 1903 neque
1021 1850 1275 1890 fermentatos
1314 1851 1575 1904 coquebant‚.

133 1903 203 1941 sed
243 1910 290 1941 ut
332 1903 485 1943 Arabes
526 1905 743 1944 hodienum
771 1904 902 1943 adhuc
918 1934 930 1956 ,
968 1919 1140 1958 quorum
1160 1908 1201 1944 in
1228 1907 1433 1959 coquendo
1460 1922 1564 1960 pane

132 1957 298 1996 modum
336 1958 390 1996 sic
435 1959 623 1998 describit
666 1959 890 1998 D’Arvieux
933 1960 1040 2012 apud
1079 1961 1138 1998 La
1178 1961 1341 2014 Rocque
1384 1962 1486 2002 dans
1523 1964 1562 2002 Ie

138 2012 186 2050 V
179 2027 302 2064 oyage
329 2013 429 2052 dans
454 2015 495 2053 Ia
526 2015 722 2054 Palestine
749 2030 788 2068 p.
820 2028 935 2068 ¹9⁹⁸:
965 2015 1023 2053 Jls
1040 2017 1142 2066 font
1170 2015 1224 2053 du
1238 2018 1319 2067 fia
1355 2017 1455 2056 dans
1485 2033 1560 2058 une

128 2068 281 2118 grande
317 2070 452 2106 crta-ke
491 2069 540 2107 de
559 2071 646 2122 gres
660 2100 670 2116 ,
707 2078 746 2107 et
781 2071 860 2108 [ονε
893 2069 1033 2123 qu'elle
1074 2079 1128 2108 est
1164 2069 1357 2123 ebhazffi'e
1370 2101 1380 2119 ‚
1423 2073 1472 2110 ils
1491 2073 1561 2112 cle!—

133 2130 328 2176 trampent
365 2123 407 2160 la
425 2124 570 2173 farine
613 2125 712 2162 dans
739 2124 841 2163 l'eau
863 2154 874 2170 ,
914 2138 1060 2162 comme
1098 2139 1191 2163 nous
1222 2126 1258 2163 le
1271 2127 1433 2176 faz'sons
1453 2141 1560 2181 pour·

112 2177 232 2227 faite
263 2176 313 2215 de
338 2177 380 2214 la
402 2177 484 2215 cdle
515 2180 542 2216 ὰ
578 2180 742 2226 chassis,
781 2188 819 2217 et
848 2180 896 2216 ils
934 2179 1193 2234 l'appliquent
1229 2194 1324 2218 avec
1359 2182 1396 2219 le
1434 2196 1557 2223 creta·

128 2231 178 2268 de
199 2232 242 2270 Ia
264 2233 371 2270 main
395 2246 462 2270 sm·
477 2233 512 2270 le
537 2232 675 2271 dehors
692 2233 740 2271 de
760 2234 800 2271 la
828 2234 964 2271 crzoehe
985 2263 995 2280 ,
1035 2243 1127 2272 cette
1151 2236 1244 2288 pace
1267 2249 1433 2290 presque
1462 2252 1555 2276 cou-

129 2285 236 2324 lante
273 2285 420 2324 s'e'tend
454 2295 491 2324 et
524 2301 564 2324 se
602 2290 682 2326 cult
710 2302 758 2326 en
790 2303 840 2326 ιιη
870 2290 1015 2326 instant
1037 2302 1086 2327 en
1123 2298 1246 2339 ayant
1272 2289 1435 2329 deiee'che'
1453 2300 1555 2331 toute

127 2340 356 2379 I'lzumidite'.
411 2341 468 2378 Le
494 2343 595 2395 pain
632 2343 711 2380 s'en
752 2342 885 2396 se‘pare
937 2344 1080 2381 minc-e·
1103 2353 1141 2381 et
1168 2343 1276 2381 delie'
1300 2359 1445 2384 comme
1482 2361 1553 2386 nos

127 2397 296 2446 galfr-es.
357 2395 460 2433 Cette
487 2397 634 2434 cuisson
656 2411 696 2434 se
700 2396 792 2445 fait
818 2398 855 2434 si
892 2399 971 2435 vite
1001 2398 1113 2451 qu’en
1135 2399 1231 2449 jort
1261 2413 1339 2452 peu
1368 2400 1419 2438 de
1456 2410 1552 2441 tems

128 2461 178 2487 on
199 2463 246 2488 en
275 2465 302 2488 a
331 2465 404 2488 une
432 2451 610 2504 quantz‘le'
636 2450 848 2501 suffi'sante.
901 2451 1017 2489 Ratio
1045 2460 1154 2504 patet
1187 2467 1310 2505 quare
1337 2453 1551 2496 foeminam

129 2516 219 2541 cum
247 2503 363 2542 furno
394 2513 434 2543 et
461 2519 593 2543 semen
621 2505 861 2552 humanum,
904 2520 982 2558 quo
1023 2506 1089 2545 illa
1127 2507 1415 2560 foecundatur,
1453 2525 1547 2552 cum

128 2569 257 2596 massa
286 2560 398 2611 panis
425 2559 549 2598 lactea
579 2567 617 2598 et
645 2567 800 2598 tantum
818 2574 897 2598 non
912 2560 1062 2612 liquida
1083 2565 1397 2614 comparaverint
1414 2595 1424 2612 ‚
1445 2580 1545 2619 qua-

129 2608 176 2648 lis
206 2611 331 2651 forma
360 2621 399 2651 et
426 2614 579 2653 indoles
612 2615 853 2652 Graecorum
883 2617 1045 2667 panium
1074 2617 1190 2655 fuerit
1210 2646 1222 2666 ,
1265 2625 1304 2656 et
1331 2633 1454 2671 quare
1482 2621 1547 2660 illi-

128 2656 276 2722 ἄρτους
301 2664 371 2706 ἐπὶ
394 2664 465 2706 τὸν
492 2667 608 2707 ἴπνον
635 2664 893 2719 ἐπιβάλλειν,
922 2684 1003 2707 non
1028 2667 1250 2722 ἐμβάλλειν
1267 2670 1325 2720 εἷς
1340 2669 1407 2713 τὸν
1426 2671 1543 2716 ἴπνον

127 2717 308 2759 dixerint.
364 2722 440 2760 Sed
468 2737 489 2761 e
522 2723 756 2763 diverticulo
786 2725 826 2762 in
855 2725 974 2763 viam.
