1884 3132
287 94 401 162 438
570 112 642 153 ιο.
687 112 794 155 1Ac.
833 114 1030 155 REISKII
1078 113 1462 156 COMMENTARH

291 215 488 266 hlicarum
516 229 639 268 opum
678 215 769 254 fidei
796 230 890 254 suae
919 217 1220 256 commissarum
1248 216 1451 270 alienum,
1495 219 1565 273 qui
1593 233 1736 260 manus

294 270 516 309 alienarum
545 285 668 323 opum
700 285 821 324 puras
849 279 997 310 servat.
1482 318 1484 320 Ι

403 326 458 363 D.
480 325 551 364 ult.
574 325 693 381 Mn,
717 325 808 379 22]
840 324 1103 366 assasme'av.
1161 325 1470 379 Auctoritatem,
1499 327 1542 367 id
1569 334 1629 366 est
1654 327 1739 381 ple-

294 394 390 419 nam
417 388 653 432 potestatem
683 396 729 420 ex
760 382 926 420 arbitrio
948 381 1118 436 agendi3
1148 382 1234 422 vid.
1261 382 1491 423 Chilmead.
1519 381 1572 422 ad
1597 381 1740 423 Malal.

297 450 382 489 pag.
414 435 510 487 584.

379 490 475 542 245.
496 491 548 530 Α.
571 506 664 544 pen.
688 490 807 545 [422,
830 490 894 546 9.]
943 490 1161 546 ζωγράφοι
1188 492 1262 532 καί
1286 490 1548 546 μονητάριοι.
1603 492 1742 531 Picto-

298 560 390 585 rum
429 554 468 586 et
505 550 823 586 monetariorum
867 548 956 600 quis
993 562 1089 587 usus
1127 547 1250 587 fuerit
1278 549 1319 587 in
1346 550 1538 602 exsequiis
1565 548 1743 600 Impera-

295 602 410 640 toriis
431 631 443 651 ‚
483 617 564 641 non
609 603 792 641 dixerim.
851 603 893 642 Si
934 602 1071 642 liceret
1115 605 1279 656 antiqua
1318 611 1500 656 tempora
1538 617 1561 642 e
1599 604 1744 643 nostris

298 659 535 708 aestimare,
566 658 598 697 si
629 665 760 697 castra
789 657 940 697 doloris
957 689 968 708 ‚
1018 666 1062 698 ut
1092 659 1321 712 appellant,
1361 658 1460 698 olim
1489 665 1620 698 erecta
1646 657 1746 697 fuis-

298 720 386 751 sent
429 720 468 751 et
513 715 634 752 armis
660 727 729 752 seu
758 713 978 766 insignibus
1007 715 1123 766 pictis
1152 715 1338 753 decorata
1356 744 1368 765 ,
1396 722 1436 754 et
1471 715 1504 754 si
1533 714 1619 752 cusi
1660 727 1745 752 me-

300 769 471 806 moriam
502 768 679 807 defuncti
708 776 747 808 et
776 771 1053 822 exsequiarum
1074 768 1319 808 celebrantes
1347 776 1467 823 atque
1495 770 1538 808 in
1574 767 1742 822 vulgum

299 825 424 876 sparsi
455 824 619 863 liiissent
650 826 832 871 nummi,
858 824 972 863 facile
999 839 1095 863 usus
1123 839 1263 864 eorum
1295 832 1462 878 pateret.
1521 824 1649 863 Penes
1680 837 1745 862 me

300 879 464 932 quidem
494 879 662 917 dubium
692 879 849 918 nullum
875 886 933 918 est
952 909 963 930 ‚
993 886 1032 918 et
1060 880 1102 918 in
1128 879 1277 919 tabulis
1304 881 1429 933 pictas
1448 879 1587 932 ligneis
1614 885 1653 917 et
1679 893 1745 917 ce-

300 948 388 973 reas
412 934 611 973 laureatas
640 936 832 988 imagines
862 935 1090 987 principum
1119 942 1300 974 veterum
1328 936 1506 988 ipsorum
1537 933 1746 972 funeribus

265 1032 269 1042 ¹
300 989 491 1042 praeferri
532 992 795 1028 consuevisse.
854 991 907 1029 At
949 989 999 1028 de
1044 991 1274 1029 monetariis
1311 997 1351 1029 et
1387 996 1546 1028 moneta
1587 988 1751 1027 funebri

302 1045 476 1083 multum
514 1044 691 1097 scrupuli
729 1044 862 1083 adhuc
901 1052 1092 1097 superest.
1160 1047 1299 1085 Posset
1340 1044 1503 1098 quidem
1531 1043 1611 1082 huc
1639 1043 1748 1082 trahi

301 1098 415 1138 locus
431 1130 440 1146 ‚
472 1114 592 1152 quem
627 1100 694 1138 Du
725 1100 857 1153 Cauge
884 1114 925 1137 v.
959 1100 1213 1138 Numztlarius
1239 1101 1357 1140 citat:
1389 1109 1444 1139 est
1469 1101 1627 1153 insuper
1662 1099 1748 1137 alia

302 1155 531 1193 consuetudo
559 1156 601 1193 ln
625 1155 832 1209 praedicta
861 1156 1038 1202 ecclesia,
1071 1156 1138 1194 vel
1163 1156 1207 1193 in
1232 1155 1456 1210 supradicto
1485 1155 1568 1193 loco
1585 1183 1598 1202 ,
1637 1162 1679 1192 ut
1704 1155 1747 1192 in

302 1224 370 1248 suo
397 1211 604 1261 cymeterio
634 1211 820 1263 ignobiles
847 1220 884 1248 et
895 1219 1084 1265 potentes,
1114 1210 1257 1249 divites
1284 1219 1323 1249 et
1345 1224 1537 1265 pauperes
1563 1210 1646 1247 sine
1665 1209 1750 1247 ulla

302 1265 606 1304 contradictione
646 1266 837 1319 sepeliant
856 1295 867 1315 ‚
917 1274 955 1303 et
989 1266 1227 1304 numzdarios
1240 1295 1251 1313 ‚
1288 1266 1360 1304 hoc
1394 1274 1451 1304 est
1495 1265 1751 1315 monetarios,

304 1321 486 1358 habeant.
545 1320 623 1358 Sed
655 1320 782 1358 fateor
801 1351 811 1368 ,
842 1320 943 1358 mihi
972 1320 1021 1359 de
1055 1334 1172 1359 sensu
1200 1320 1278 1359 loci
1303 1334 1385 1359 non
1414 1326 1609 1359 constare.

415 1375 458 1415 Β.
483 1389 515 1413 1.
537 1374 636 1429 [422
653 1404 665 1424 ‚
699 1374 785 1429 11.]
816 1374 1023 1425 κομέντον.
1085 1375 1146 1413 lta
1168 1389 1243 1429 pro
1269 1385 1496 1414 conventum
1525 1372 1753 1412 scribebant

304 1430 400 1469 olim
430 1437 470 1468 et
499 1429 830 1482 pronuntiabant.
881 1430 940 1469 lta
971 1431 1206 1479 Convenae,
1235 1431 1333 1470 urbs
1361 1432 1402 1469 in
1433 1428 1563 1468 Gallia
1582 1457 1594 1478 ‚
1630 1427 1754 1467 hodie

306 1486 419 1524 audit
449 1485 657 1538 Comenge.
718 1485 911 1535 Κομέντα
941 1500 1013 1539 pro
1044 1496 1234 1525 conventu
1261 1484 1385 1524 habet
1409 1485 1523 1524 Theo
1553 1483 1676 1522 hanes
1706 1497 1751 1535 p.

313 1540 402 1591 145.
423 1541 477 1578 D.
505 1554 560 1590 1.,
594 1541 662 1579 ubi
694 1540 777 1579 vid.
810 1542 933 1579 Goar.
951 1572 961 1590 ‚
1001 1548 1039 1580 et
1067 1555 1110 1593 p.
1140 1541 1236 1591 364.
1269 1541 1317 1579 C.
1338 1539 1378 1579 8.
1401 1538 1645 1591 κομμενδον.
1672 1539 1754 1577 Mi-

307 1610 399 1634 rum
431 1602 511 1641 est,
542 1596 651 1648 quod
681 1595 731 1634 de
749 1595 1010 1636 Patzinakitis
1038 1603 1176 1635 narrat
1201 1595 1404 1635 Cedrenus
1432 1607 1614 1650 p.779.:
1645 1607 1753 1644 συμ-

308 1646 457 1701 βουλὴ,
490 1646 581 1701 ἥτις
611 1650 709 1702 παρ’
739 1649 882 1697 αΰτοΐς
909 1650 1102 1701 κομέντον
1133 1652 1336 1690 καλεῖται.

419 1706 465 1743 Β.
489 1719 583 1757 pen.
604 1704 722 1759 [422,
753 1705 833 1760 ¹9⁴]
865 1699 1012 1758 &gmon-⁴
1061 1706 1168 1746 Nihil
1209 1705 1277 1744 hic
1314 1711 1508 1744 memorat
1534 1703 1676 1742 Noster
1704 1702 1756 1742 de

308 1762 535 1800 iuramento
564 1759 634 1799 illo
658 1790 668 1811 ‚
698 1775 779 1814 quo
803 1775 844 1800 se
874 1761 1109 1800 Anastasius
1140 1764 1212 1810 (ex
1240 1761 1319 1800 fide
1357 1759 1522 1813 Euagrii
1551 1759 1625 1797 Ill.
1652 1759 1753 1809 32.)

309 1815 542 1868 Euphemio
575 1816 759 1869 episcopo
788 1816 957 1855 CPtano
986 1816 1204 1870 obligavit:
1255 1815 1390 1868 „Cum
1430 1813 1609 1854 Ariadne
1640 1812 1754 1851 Aua-

311 1872 478 1909 stasium
506 1870 700 1923 imperiali
729 1885 907 1925 purpura
934 1873 1080 1910 vestire
1108 1871 1228 1911 vellet
1249 1900 1261 1920 ‚
1308 1870 1556 1924 Euphemius
1572 1899 1583 1916 ‚
1623 1869 1754 1922 regiae

312 1925 425 1963 urbis
454 1927 682 1979 episcopus,
724 1940 964 1966 consensum
990 1941 1108 1966 suum
1137 1926 1439 1965 accommodare
1477 1926 1610 1964 renuit
1629 1954 1642 1972 ‚
1670 1925 1763 1976 pri-⁷

313 1994 486 2032 usquam
512 1981 744 2020 Anastasius
773 1983 998 2020 cautionem
1025 1983 1187 2035 propria
1215 1995 1336 2020 manu
1366 1982 1554 2033 scriptam
1581 1986 1621 2018 et
1647 1978 1757 2017 iure-

314 2036 486 2074 iurando
515 2037 711 2075 firmatam
744 2038 819 2089 ipsi
846 2037 1018 2075 dedisset
1041 2067 1052 2088 ‚
1086 2051 1166 2089 qua
1193 2036 1460 2089 pollicebatur
1488 2034 1608 2073 fidem
1637 2047 1678 2072 se
1707 2032 1759 2071 il·-

315 2090 482 2129 libatam
519 2098 793 2141 servaturum,
840 2105 970 2145 neque
1015 2093 1234 2145 quidquam
1274 2091 1370 2130 novi
1403 2091 1443 2130 in
1474 2097 1651 2129 sanctam
1679 2088 1756 2126 Dei

316 2145 522 2184 ecclesiam
560 2147 811 2185 invecturum
849 2161 932 2185 esse
952 2175 964 2197 ,
1009 2151 1042 2185 si
1083 2147 1238 2200 imperii
1265 2160 1430 2198 compos
1458 2145 1596 2191 fieret,
1634 2142 1756 2194 idque

315 2200 434 2247 ideo,
483 2201 590 2253 quod
629 2201 863 2240 Anastasius
899 2202 1228 2241 Manichaeorum
1253 2209 1382 2240 sectae
1409 2200 1590 2246 addictus
1614 2210 1701 2236 'esse
1731 2209 1757 2234 a

318 2254 503 2306 pluribus
529 2255 796 2295 crederetur.’'
857 2256 947 2295 Vid.
977 2271 1081 2309 quae
1111 2257 1162 2296 ad
1189 2272 1230 2312 p.
1265 2255 1362 2297 368.
1394 2255 1449 2294 Α.
1482 2254 1525 2295 8.
1544 2253 1674 2294 dicam
1701 2249 1755 2289 ad.

317 2323 459 2349 vocem
489 2308 726 2363 α’σφάλειιι,
756 2318 798 2350 et
827 2311 994 2350 Habert.
1018 2327 1059 2365 p.
1079 2312 1172 2351 633.

428 2365 474 2403 B.
498 2365 572 2404 ult.
596 2365 715 2420 [422,
735 2365 816 2419 2ο.]
847 2367 1033 2418 πρᾶγμα.
1090 2367 1333 2406 Simultatem
1362 2372 1431 2404 aut
1456 2365 1584 2410 litem3
1613 2367 1658 2398 ut
1674 2360 1755 2398 La-

319 2420 393 2457 tini
434 2423 625 2471 negotium
670 2435 755 2459 cum
795 2422 928 2476 aliquo
966 2423 1122 2461 habene.
1180 2423 1241 2460 Ita
1278 2423 1319 2460 in
1348 2419 1473 2460 veteri
1498 2415 1759 2468 inscriptione

321 2474 427 2525 apud
458 2477 655 2514 Murator.
685 2476 735 2513 T.
755 2477 787 2514 Ι.
808 2491 848 2529 p.
873 2477 966 2515 522.
989 2477 1047 2517 L:
1088 2474 1507 2525 πεντεκαιδέκανὸρον
1534 2469 1616 2510 τῶν
1644 2469 1757 2511 ἐκδι-

322 2527 536 2576 καζόντων
559 2529 610 2569 τά
640 2528 861 2582 πράγματα
881 2562 892 2580 ,
923 2531 1139 2571 XVvirnnz
1168 2530 1388 2570 iudicandis·
1415 2528 1559 2566 litibus.

433 2584 479 2621 C.
503 2586 540 2622 3.
561 2584 676 2636 [422,
697 2585 782 2637 2ι.]
830 2581 1190 2632 ὖηοτελεσθέντος.
1258 2585 1319 2623 lta
1346 2582 1526 2622 solebant
1560 2588 1655 2620 tunc
1682 2594 1758 2634 pro

329 2633 706 2689 ἆηοτε).εσθέντος;
740 2641 824 2678 vid.
854 2642 1026 2694 Procop.
1054 2641 1208 2680 Anccd.
1237 2654 1276 2692 p.
1302 2652 1391 2676 121-
1419 2637 1479 2675 16·

433 2692 479 2729 C.
494 2693 533 2732 5.
552 2692 668 2747 [423,
690 2693 742 2747 1.]
765 2695 852 2734 κατ’
869 2692 1053 2735 ἱππικὸν.
1074 2696 1135 2734 Ita
1154 2693 1422 2741 membranae,
1444 2693 1486 2731 in
1505 2691 1650 2744 quibus
1665 2704 1757 2745 per-
