1884 3132
299 129 414 185 688
594 148 667 190 10.
701 148 806 190 mo.
846 149 1040 192 RE¹SK11
1079 149 1455 195 conmffi‘mnn

299 251 339 290 la
367 249 526 290 fissuras
553 257 592 289 et
620 250 751 292 hiatus
775 254 928 307 amplos
967 255 1170 295 habebant
1217 265 1301 297 arte
1330 252 1482 307 factos,
1509 261 1740 311 praesertim

300 307 342 345 in
374 306 538 345 manicis
567 313 606 344 et
634 307 915 358 femoralibus,
946 311 1083 363 quales
1122 319 1251 351 vestes
1279 315 1321 351 in
1348 327 1424 352 usu
1453 314 1605 354 Latinis
1627 322 1745 356 erant

301 376 401 400 aevo
423 361 554 400 medio
572 369 612 400 et
634 363 766 403 adhuc
785 365 942 403 saeculo
973 367 1104 414 XVL,
1135 375 1181 406 ut
1209 368 1293 406 eius
1312 370 1540 422 superstites
1568 370 1745 422 picturae

299 425 513 456 testantur.
544 418 685 457 Vestes
704 419 776 459 has
790 421 1021 468 cultellaeav,
1052 422 1091 459 id
1119 429 1178 460 est
1196 423 1357 462 cultello
1383 430 1524 473 sectas,
1541 431 1580 463 et
1592 425 1747 477 fracti-

303 473 406 512 latas
426 472 704 525 appellabant3
736 489 776 514 v.
810 476 878 513 Du
897 476 1091 529 Cangium
1121 477 1193 516 hh.
1225 492 1295 517 vv.
1325 486 1365 517 et
1383 508 1395 529 ,
1422 486 1468 518 ut
1494 479 1601 518 idem
1626 479 1716 519 vult
1733 505 1746 526 ‚-

302 541 465 581 quoque
475 529 682 582 srepatas‚
701 531 777 569 nisi
789 531 923 583 potius
935 532 1129 586 frepatae
1148 532 1296 572 fuerint
1313 541 1537 583 contortae,
1556 540 1749 574 contoru-

302 583 422 622 liatae
442 615 451 628 ,
482 591 661 636 rugatae,
704 600 727 625 a
754 600 902 641 wrapp
918 615 928 634 ,
959 586 1129 641 Anglico
1158 588 1308 638 verbo,
1339 589 1448 642 quod
1473 597 1648 644 torquere
1674 604 1749 630 no-

302 646 374 680 tat.
427 640 575 678 Franci
603 648 757 680 veteres
799 642 945 696 cope'eS,
975 642 1016 680 id
1055 650 1114 681 est
1139 643 1314 699 coupe'es,
1343 642 1626 698 appellabant,
1653 652 1701 684 ut
1727 658 1751 683 e

303 693 393 733 loco
422 696 652 734 Assisarum
684 696 983 750 Hierosolymit.
1008 705 1139 750 patet,
1171 713 1291 751 quem
1311 700 1377 737 Du
1411 699 1544 753 Cange
1572 712 1613 739 v.
1644 700 1751 754 Epi-

303 750 422 789 decen
453 750 564 789 citat.
638 750 730 791 Non
771 752 904 805 itaque
943 766 1166 806 negavero,
1199 750 1421 800 διακοπτάς
1449 762 1579 794 vestes
1605 757 1753 794 excisas

306 805 370 844 vel
397 806 504 844 fissas
531 807 754 859 significare
796 821 926 860 posse.
1000 809 1227 858 Quominus
1254 816 1388 848 tamen
1416 807 1522 848 hanc
1550 811 1751 863 interpre-

306 861 416 899 tandi
449 861 643 900 rationem
686 876 871 916 sequerer
890 892 901 912 ,
950 862 1079 902 effecit
1117 863 1220 914 hoc,
1250 864 1360 917 quod
1387 864 1501 903 nullo
1531 865 1571 904 in
1602 878 1750 903 monu-

306 922 444 955 mento
473 917 715 970 Byzantinae
762 918 1008 971 antiquitatis
1050 920 1238 958 vestitum
1284 921 1340 958 sic
1379 919 1551 958 excisum
1579 933 1754 972 usquam

306 971 499 1011 hactenus
528 974 812 1025 conspexerim.
869 974 978 1026 Ergo
1000 974 1123 1012 malui
1147 974 1329 1014 radiatae
1357 974 1538 1013 reddere.
1599 970 1752 1025 Κοπήν

308 1041 392 1065 esse
419 1027 666 1066 radiataram
700 1027 765 1068 vel
794 1029 1019 1066 striatarum
1050 1030 1190 1081 panni,
1219 1043 1338 1082 supra
1366 1043 1406 1082 p.
1426 1042 1520 1082 270.
1543 1028 1590 1066 C.
1610 1029 1651 1068 5.
1680 1029 1752 1067 de-

308 1083 542 1121 monstravi.
613 1083 669 1121 Et
712 1083 874 1137 quidem
912 1082 1060 1135 duplici
1100 1084 1220 1122 modo
1249 1091 1468 1138 potuerunt
1494 1083 1620 1136 panni
1653 1083 1752 1122 tales

309 1134 535 1183 διακοητοί,
565 1139 677 1188 secti,
705 1138 841 1187 fuisse,
873 1137 994 1191 virgis
1015 1138 1079 1177 vel
1101 1138 1288 1178 deorsum
1347 1138 1506 1178 arallele
1536 1138 1751 1177 decurrens

307 1192 436 1238 tibus,
468 1199 537 1230 aut
565 1207 649 1231 sese
675 1192 992 1242 decussantibus3
1022 1195 1257 1232 cancellatas
1285 1201 1325 1232 ta
1342 1206 1383 1232 es
1417 1200 1546 1233 vestes
1573 1193 1749 1246 appella-

309 1247 408 1286 bant
436 1261 482 1286 eo
508 1262 623 1286 aevo.
691 1249 843 1288 Charta
876 1256 991 1286 vetus
1031 1249 1138 1301 apud
1166 1250 1233 1287 Du
1262 1249 1456 1302 Cangium
1489 1263 1529 1287 v.
1569 1248 1754 1303 Apoplaa

310 1305 390 1341 cius
411 1310 606 1341 memorat
658 1303 746 1342 vela
789 1304 1007 1358 apoblattia
1037 1306 1311 1358 coccoprasina
1354 1303 1571 1342 cmwellata
1584 1333 1597 1352 ,
1625 1303 1667 1342 id
1695 1311 1754 1342 est

311 1360 435 1397 serica
465 1359 656 1397 coccineis
700 1366 740 1398 et
768 1359 936 1412 prasinis
973 1360 1097 1411 virgis
1126 1373 1210 1398 sese
1240 1356 1570 1405 dceussantibus,
1601 1365 1641 1396 et
1669 1359 1756 1411 epi-

311 1413 413 1452 stola
443 1413 574 1453 Basilii
604 1414 833 1454 Macedonis
879 1414 929 1452 ad
959 1414 1150 1453 Hadrian.
1173 1415 1226 1452 ΙΙ.
1257 1414 1446 1452 Pontific.
1471 1414 1675 1468 esophorin
1690 1413 1756 1452 di-

310 1470 493 1508 cierinnm
518 1470 788 1508 cancellatum.
847 1470 987 1508 Vestes
1011 1469 1086 1508 has
1134 1475 1319 1508 utroutro
1346 1468 1466 1508 modo
1492 1475 1618 1507 sectas
1633 1499 1643 1518 ,
1672 1469 1756 1507 sive

314 1524 536 1577 parallelis,
588 1526 671 1563 sive
709 1525 924 1564 decussatis
973 1524 1119 1577 virgis,
1165 1523 1464 1576 ἑντετμημένας
1501 1520 1758 1576 appellabant

310 1587 479 1619 veteres.
542 1579 699 1632 Sophro
740 1580 846 1633 apud
876 1579 1129 1618 Athenaeum
1168 1594 1214 1645 p.
1234 1577 1305 1630 48.
1339 1579 1386 1617 C.
1430 1578 1469 1618 5.
1510 1574 1756 1630 στρουθωτὰ

310 1629 514 1686 ὲλίγματα
553 1634 831 1687 ἐπιτετμημένα
860 1634 995 1686 habet,
1025 1638 1118 1686 (non
1157 1632 1469 1686 εντετιμημὲνα,
1501 1640 1547 1671 ut
1574 1632 1759 1686 vulgares

312 1691 506 1730 editiones
534 1689 763 1742 praeferunt
778 1690 810 1743 ,)
832 1691 991 1743 fascias
1020 1689 1186 1728 aviculis
1215 1690 1375 1728 intextis
1405 1697 1444 1727 et
1471 1688 1598 1726 radiis
1618 1696 1754 1726 sectas.

421 1746 475 1784 D.
499 1745 540 1796 4.
570 1745 684 1799 [582,
713 1744 790 1799 15.]
820 1741 1080 1785 κατασειστά.
1118 1745 1327 1795 Fuerunt,
1362 1755 1450 1782 mea
1477 1742 1639 1795 quidem
1666 1755 1757 1781 sen-

314 1801 454 1851 tentia,
482 1801 549 1840 fila
579 1803 901 1854 margaritarum,
929 1815 1031 1854 quae
1057 1802 1100 1838 in
1129 1799 1303 1838 nummis
1332 1798 1560 1852 Byzantinis
1594 1796 1762 1849 aliisque

314 1857 553 1909 imaginibus
584 1857 883 1908 conspiciuntur
913 1856 965 1895 ab
982 1855 1144 1895 auribus
1157 1855 1433 1907 Augustorum
1462 1853 1759 1906 Augustarum-

315 1927 394 1964 que
416 1911 656 1965 dependere,
676 1907 758 1950 α’πὸ
772 1911 846 1950 τοῦ
865 1908 1009 1958 σείειν,
1035 1925 1059 1949 a
1080 1911 1347 1963 quassatione,
1371 1908 1599 1957 iactatione,
1612 1914 1760 1946 nutand

316 1968 390 2017 do,
419 1967 636 2006 oscillando
657 1969 712 2006 sic
737 1966 858 2006 dicta.
881 1967 1013 2005 Omne
1030 1965 1116 2005 laxe
1128 1964 1318 2018 pendens,
1335 1971 1382 2002 ut
1402 1962 1552 2016 impelli
1575 1969 1615 2001 et
1641 1960 1759 2002 oscil-

316 2020 402 2061 lare
430 2026 566 2075 possit,
597 2029 654 2061 est
680 2017 801 2074 σειρὰ
829 2030 867 2060 et
886 2018 1068 2062 σειστόν.
1103 2020 1345 2073 Anonymus
1377 2019 1426 2058 de
1453 2016 1605 2070 templo
1623 2017 1666 2056 S.
1683 2017 1759 2055 So—

316 2077 436 2130 phiae
474 2093 513 2131 p.
537 2076 656 2117 258.:
702 2075 723 2116 ὁ
767 2072 950 2130 σταυρὸς
998 2075 1076 2114 τοῦ
1127 2069 1318 2124 ‹221ssva-
1362 2069 1498 2112 ἔστενε
1528 2070 1760 2134 (pendebat)

318 2132 500 2184 χρυσίου
529 2131 673 2183 λίτρας
702 2129 753 2183 ρ’,
785 2126 868 2182 εἶχε
901 2130 945 2170 δὲ
967 2127 1039 2169 καί
1065 2126 1207 2168 oeterni
1227 2127 1300 2167 καί
1321 2126 1518 2178 λυχνίτας
1547 2140 1625 2166 συν
1649 2139 1762 2177 μαρ-

318 2187 505 2238 γαρίτων
537 2184 782 2234 ἀπιδωτῶν,
822 2186 986 2225 habebat
1016 2200 1070 2224 ex
1108 2199 1146 2222 se
1176 2183 1431 2238 dependentes
1464 2181 1661 2221 catenulas
1696 2180 1763 2231 lyd

319 2244 436 2280 elmos
459 2241 680 2280 sustinentes
706 2257 791 2280 cum
821 2242 1044 2294 margaritis
1068 2253 1260 2294 pyrorum
1279 2238 1481 2276 similibus.
1511 2238 1632 2276 Recte
1657 2243 1762 2273 cate-

321 2298 434 2335 nulas
462 2299 582 2336 vertit
611 2297 667 2335 ibi
683 2298 894 2349 interpres,
923 2295 1118 2348 quidquid
1138 2295 1205 2332 Du
1227 2294 1361 2346 Gange
1380 2291 1447 2330 Gl.
1465 2292 1539 2330 Gr.
1572 2305 1615 2344 p.
1643 2287 1760 2340 1545.

322 2351 584 2391 contradicat.
615 2348 742 2403 Σειρὰ
771 2351 878 2404 apud
891 2350 1179 2403 Theophanem
1207 2362 1313 2387 anno
1333 2346 1517 2387 Mauricii
1546 2359 1587 2399 7.
1605 2357 1644 2397 p.
1665 2356 1759 2396 207.

323 2406 379 2444 A.
433 2414 492 2445 est
531 2406 754 2460 dependens
789 2407 839 2445 de
869 2406 1103 2444 camelaucio
1136 2405 1284 2442 lacinia
1332 2404 1431 2450 (eine
1466 2401 1506 2439 T
1500 2399 1642 2439 roddel
1655 2427 1665 2444 ‚
1699 2399 1765 2436 ein

323 2461 506 2515 Zzfiffifl).
573 2462 685 2500 Idem
725 2461 836 2514 quod
871 2457 1016 2500 σειστὰ
1062 2467 1155 2499 sunt
1194 2471 1355 2511 quoque
1381 2458 1500 2504 σεῖα;
1525 2453 1610 2516 vid.
1637 2452 1760 2516 Goar.

324 2515 375 2553 ad
405 2517 548 2555 Codin.
576 2532 617 2570 p.
643 2516 712 2570 47.
745 2516 819 2554 ult.
850 2522 889 2554 et
916 2516 983 2553 Du
1014 2515 1210 2568 Gangium
1232 2527 1273 2551 v.
1292 2515 1398 2551 σεῑά.
1470 2510 1602 2548 Lanm
1631 2506 1766 2558 medio

325 2583 423 2609 aevo
446 2572 657 2625 pendentes
680 2570 957 2624 appellabant:
976 2584 1017 2609 v.
1050 2571 1115 2608 Du
1136 2569 1333 2620 Cangium
1350 2565 1389 2607 h.
1407 2578 1445 2604 v.
1458 2570 1497 2602 et
1523 2561 1691 2625 Salmas.
1711 2561 1763 2600 ad

326 2623 382 2662 H.
412 2625 515 2678 Aug.
544 2627 594 2664 T.
617 2627 670 2664 ΙΙ.
699 2627 765 2666 23.
790 2655 802 2676 ,
833 2626 941 2664 unde
984 2627 1103 2663 etiam
1130 2622 1327 2662 Gallicum
1349 2617 1521 2674 pendent
1546 2617 1766 2656 d'oretlles:

326 2679 422 2717 item
444 2682 592 2733 plectas
620 2687 660 2720 et
681 2681 843 2736 flectas.
902 2681 1044 2719 Graeci
1063 2691 1222 2732 quoque
1247 2672 1538 2727 κρεμαστῆρας
1565 2670 1769 2724 appellans?

328 2740 368 2772 et
395 2730 697 2788 κρεμαστάρια.
756 2735 928 2775 Achmet
954 2735 1166 2774 Oneirocr.
1196 2746 1231 2770 c.
1253 2727 1375 2781 248.:
1405 2723 1480 2768 ἐὰν
1506 2723 1573 2782 ἴδῃ
1601 2739 1663 2774 τις
1689 2725 1771 2779 βαι
