1884 3132
286 112 396 170 288
585 130 668 172 io.
708 131 813 172 nie.
853 132 1047 173 nmsxn
1084 130 1460 175 commum

279 237 479 291 ,peratoris
508 235 659 275 litteras
698 242 831 275 exarat
871 242 912 274 et
947 235 1085 275 dictat.
1144 235 1257 275 Idem
1294 237 1450 276 Goarus
1487 237 1539 277 ad
1572 237 1715 279 Codin.

285 307 328 345 p.
355 294 420 331 50.
449 290 524 330 ult.
562 293 758 330 actuarios
777 291 924 330 reddit.
983 291 1106 344 Apud
1125 291 1300 330 Leonem
1321 293 1544 332 Grammat.
1563 308 1600 346 p.
1620 295 1715 343 450.

285 349 340 385 D.
373 347 554 385 redditur
578 356 814 401 exceptores.
889 344 1215 400 Theophylactus
1242 347 1456 386 Simocatta
1491 350 1721 388 nominatur

286 403 327 440 in
358 400 474 440 titulo
497 401 684 440 historiae
721 415 814 440 suae
844 393 924 439 ἆπό
955 397 1152 452 ἐπάρχων
1176 401 1248 440 καί
1281 399 1587 455 α’ντιγραφεὺς,
1612 404 1722 456 quod

287 457 394 509 apud
417 456 479 495 Cl.
508 456 767 507 Fabricium,
795 455 918 510 (Bibl.
965 457 1037 494 Gr.
1071 456 1120 494 T.
1162 456 1233 494 VI.
1266 471 1308 509 p.
1348 455 1462 511 281.)
1503 460 1723 512 praeficta&

286 521 325 551 et
356 512 568 550 tabularii&
604 511 802 563 redditur,
835 511 921 550 aliis
947 512 1217 566 expraefi’ctus
1237 500 1285 549 ‘et
1319 511 1546 551 observator
1569 522 1722 553 coacto.-

286 581 398 606 rum:
428 568 542 606 cuius
575 566 912 620 interpretationis
941 567 1136 604 rationem
1172 580 1243 618 ego
1270 565 1420 605 nullam
1442 567 1575 606 video.
1626 562 1724 608 Ἀν-

287 617 518 674 τιγραφειὶς
534 621 610 661 τοῦ
636 621 840 672 βασιλέως
863 622 981 660 vertit
999 620 1134 660 Vales.
1154 622 1204 659 ad
1233 621 1371 660 Amm.
1390 622 1568 672 Marcell.
1586 637 1627 676 p.
1650 621 1719 673 84.

287 677 336 717 Β.
368 679 554 729 magister
577 678 716 716 scrinii
733 678 839 716 sacri
851 707 860 724 ‚
897 683 936 714 et
961 669 1239 728 ἇντιγραφεύς
1264 676 1337 727 τῆς
1358 673 1544 729 μνήμης,
1571 679 1643 733 qui
1659 677 1724 716 di-

283 741 367 770 ctat
389 734 446 770 ad
481 733 708 772 memoriam
722 763 733 780 ,
777 732 961 784 magister
989 733 1213 769 memoriae.
1270 730 1482 771 Salmasius
1510 738 1644 771 autem
1670 732 1724 772 ad

289 787 437 840 Script.
476 788 580 826 Hist.
601 787 707 841 Aug.
731 788 782 829 Τ.
813 786 861 825 ll.
888 800 931 839 p.
957 784 1076 839 785„
1104 785 1171 824 ubi
1200 786 1287 824 fuse
1320 786 1370 824 de
1399 785 1463 825 his
1483 787 1726 841 antigraphis

286 843 400 895 agit,
442 850 560 896 negat
602 845 839 882 scriniorum
873 842 1080 894 magistros
1123 840 1267 891 fuisse,
1296 840 1365 879 sed
1402 841 1481 880 illis
1504 843 1720 895 proximos.

288 897 409 940 Conf.
433 898 500 936 Du
530 897 663 951 Gange
697 897 760 938 Gl.
795 897 866 935 Gr.
897 895 939 937 h.
970 910 1010 935 v.
1042 903 1081 934 et
1106 896 1239 934 Latin.
1273 909 1314 934 v.
1339 896 1627 951 Antigraphus,
1652 897 1725 936 ubi

287 953 386 991 citat
415 952 568 1005 aliquot
591 952 678 992 loca
693 982 703 1000 ‚
723 967 745 992 e
767 952 914 1006 quibus
935 950 1198 990 concludatur
1211 982 1223 1000 ,
1245 951 1496 1006 antiigraphos
1514 959 1553 990 et
1579 953 1725 991 cancel-

287 1008 413 1046 larios
452 1009 610 1047 eosdem
637 1022 745 1058 esse,
785 1021 884 1061 quos
910 1013 1044 1045 tamen
1072 1013 1111 1045 et
1137 1013 1271 1045 noster
1298 1005 1420 1045 codex
1455 1014 1495 1045 et
1519 1006 1588 1046 alii
1623 1007 1726 1046 bene

288 1062 408 1101 multi
439 1063 689 1117 distinguunt
720 1069 766 1101 ut
799 1063 992 1102 diversos.
1051 1061 1098 1100 ln
1141 1062 1374 1100 universum
1405 1060 1597 1101 obscurae
1633 1069 1728 1102 sunt

289 1119 464 1157 rationes
487 1119 741 1172 dignitatum.

400 1188 448 1228 Β.
479 1187 521 1228 6.
552 1188 667 1243 [269‚
687 1185 751 1242 6.]
794 1182 1021 1240 οἷνοτάριον.
1087 1187 1145 1225 Μ.
1180 1173 1291 1234 W
1323 1186 1365 1226 id
1393 1193 1464 1238 est,
1487 1180 1722 1241 ἄνθρωπον.

291 1244 585 1296 Compendium
625 1245 707 1283 hoc·
735 1243 953 1295 scripturae
974 1272 985 1293 ,
1026 1243 1208 1295 quamvis
1245 1241 1360 1280 valde
1392 1242 1604 1296 frequens,
1643 1243 1724 1282 fre-

295 1306 463 1352 quenter
489 1306 623 1338 tamen
643 1298 801 1338 errandi
822 1299 1068 1337 occasionem
1089 1296 1308 1350 typothetis
1341 1297 1449 1336 dedit
1486 1305 1525 1336 et
1554 1298 1649 1337 vitia
1682 1301 1727 1337 in

294 1354 412 1394 libris
441 1355 586 1394 nostris
624 1354 735 1407 prelo
771 1355 933 1393 excusis.
1001 1353 1124 1391 Notat
1162 1359 1295 1390 autem
1338 1351 1405 1392 hic
1439 1351 1516 1391 loci
1547 1366 1624 1391 vox
1656 1345 1728 1392 ἄν·

294 1410 490 1462 θρωπος,
526 1411 662 1459 Ιιοιηο,
703 1408 914 1448 famulum.
977 1407 1039 1446 Ea
1069 1407 1353 1459 significatione
1393 1414 1564 1460 utraque
1586 1420 1663 1447 vox
1685 1409 1728 1446 in

294 1472 466 1517 utraque
514 1464 651 1518 lingua
684 1463 944 1516 scriptoribus
974 1465 1203 1515 sequiorum
1242 1468 1467 1514 temporum
1496 1462 1727 1515 frequenter

298 1527 542 1571 usurpatur,
583 1527 629 1559 ut
668 1518 882 1572 Capitolin.
915 1520 958 1556 in
992 1518 1200 1556 Pertinace
1235 1517 1271 1555 Τ
1276 1545 1290 1564 .,
1318 1518 1352 1555 l.
1372 1517 1457 1556 Ser.
1484 1517 1590 1556 Hist.
1617 1516 1724 1570 Aug.

297 1590 339 1628 p.
357 1575 478 1614 566.;
512 1584 749 1614 mercaturas
768 1574 943 1613 exercuit
959 1573 1182 1621 Imperator
1192 1587 1269 1627 per
1291 1573 1462 1611 homines
1485 1586 1594 1621 suo-5,
1617 1572 1727 1625 quod

296 1631 404 1669 idem
426 1645 465 1683 p.
497 1631 593 1685 537.
625 1630 806 1668 dixerat:
855 1637 1044 1667 mercatus
1067 1636 1123 1666 est
1145 1642 1222 1682 per
1237 1641 1370 1665 servos·
1392 1641 1492 1666 suos.
1551 1627 1729 1666 Artemi-

298 1685 420 1724 dorus
449 1686 527 1725 iam
572 1678 794 1738 ἄνθρωπος
834 1697 908 1737 pro
934 1683 1118 1723 familiari
1155 1683 1318 1735 posuit,
1346 1696 1389 1734 p.
1407 1682 1475 1736 95.
1517 1694 1578 1720 11.
1637 1681 1724 1719 Nu-

298 1755 410 1781 mero
441 1748 578 1779 carent
606 1739 783 1793 exempla
805 1739 925 1778 huius
950 1753 1046 1778 usus
1067 1740 1110 1776 in
1135 1738 1211 1777 hoc
1231 1744 1367 1776 nostro
1393 1735 1529 1775 codice
1549 1743 1731 1791 prostan-

298 1798 369 1837 tia.
422 1797 473 1839 V.
511 1796 599 1834 DC.
622 1795 753 1834 Gloss.
783 1788 1089 1845 ν.”Ανθρωπος
1119 1801 1159 1832 et
1187 1792 1337 1831 Homo.

409 1851 452 1892 Β.
482 1850 521 1892 8.
551 1850 669 1906 [269‚
699 1848 760 1904 8.]
789 1849 861 1888 τοῦ
893 1847 1215 1898 ὃιαδειχθέντος.
1246 1847 1368 1884 Recte
1395 1846 1454 1884 M.
1485 1843 1732 1895 διαδεχθένὸ

295 1920 387 1958 τος,
417 1907 525 1958 eius,
555 1908 625 1960 qui
655 1901 873 1955 διάδοχον,
902 1910 1164 1956 exceptorem,
1192 1914 1457 1940 successorem
1482 1907 1622 1939 nactus
1657 1907 1730 1950 est,

109 1965 399 2016 Ed.1..911eius‚
428 1964 498 2015 qui
525 1975 689 2000 munere
711 1960 892 2008 decessit,
917 1966 987 1997 aut
1013 1965 1167 1996 amotus
1183 1957 1270 1995 fuit.
1302 1955 1536 2008 Saepissime
1560 1956 1734 1994 occurrit

302 2018 410 2072 apud
437 2020 690 2070 Spartianum
728 2028 975 2054 szoecessorern
1007 2013 1127 2051 alicui
1156 2012 1255 2050 dare
1274 2041 1285 2058 ‚
1317 2025 1389 2064 pro
1433 2021 1590 2049 manere
1617 2023 1729 2048 amo—

300 2089 407 2113 vere.
464 2073 728 2126 Theophanes
760 2085 800 2123 p.
835 2067 926 2108 208.
962 2068 1007 2106 C.
1040 2066 1104 2106 8.:
1133 2064 1331 2118 διεδέχθη
1363 2060 1604 2118 Προκόπιος
1629 2058 1651 2102 ὅ
1678 2058 1732 2102 152*

302 2141 466 2181 παρχος
493 2127 565 2180 τῆς
597 2122 756 2172 πόλεως
790 2122 863 2162 καί
903 2122 1062 2174 γέγονεν
1089 2118 1176 2160 ἄντ’
1209 2119 1336 2159 αὕτοῦ
1360 2117 1559 2171 Ἀνδρέας
1593 2115 1616 2156 ὅ
1645 2113 1729 2156 ἀπὸ

304 2183 555 2235 λογοθετῶν,
589 2181 784 2235 Procopio
821 2177 936 2217 Urbis
973 2178 1171 2232 praefecto
1196 2184 1444 2214 exauctorato
1469 2174 1658 2213 institutus
1678 2179 1738 2211 esc

305 2239 489 2277 Andreas
527 2238 784 2289 exlogotlzeta.
869 2233 978 2271 Idem
1017 2238 1155 2270 auctor
1204 2233 1245 2269 in
1289 2230 1573 2283 significatione
1603 2227 1733 2265 activa

305 2292 468 2331 adhibet
493 2291 764 2342 διαδέχεσθαι
791 2303 865 2342 pro
892 2295 1169 2336 exauctorare,
1211 2299 1350 2324 curare
1365 2316 1375 2333 ‚
1404 2291 1449 2323 ut
1478 2282 1594 2322 alicui
1619 2282 1735 2344 veni-

307 2354 375 2396 at,
405 2348 544 2386 subeat
563 2344 787 2397 διάδοχος,
817 2356 1031 2382 successor.
1090 2342 1141 2380 P.
1172 2355 1268 2379 221.
1299 2340 1353 2379 A.
1382 2338 1439 2380 5.:
1470 2335 1495 2376 ὅ
1525 2335 1735 2385 αὔτοκρα-

307 2415 390 2451 τωρ
421 2397 545 2440 πάλιν
572 2401 646 2453 τῆς
673 2398 921 2451 στρατηγίας
947 2394 1018 2436 τὸν
1034 2390 1284 2435 Φιλιππικὸν
1312 2389 1625 2441 διαδεξάμενος,
1646 2389 1737 2428 Koe-

306 2453 519 2505 μεντίολον
547 2450 775 2508 στρατηγὸν
812 2451 885 2505 τῆς
924 2450 1127 2503 ἀνατολῆς
1164 2448 1416 2498 ἀπέστειλεν,
1470 2445 1737 2499 ΡΙιιἹιῬρίσιιιη

309 2510 470 2561 regendi
485 2512 674 2548 exercitus
696 2523 850 2548 munere
864 2507 1098 2554 abdicatum,
1137 2503 1413 2544 Commentiolo
1446 2500 1616 2539 Orientis
1640 2499 1736 2537 duce

308 2566 438 2609 misso,
460 2564 684 2617 Imperator
696 2564 908 2603 revocavit.
937 2561 1030 2601 Vid.
1061 2560 1112 2599 ad
1130 2560 1282 2598 Codicis
1302 2556 1425 2601 nostri
1439 2569 1480 2608 p.
1508 2553 1598 2594 158.
1615 2553 1669 2591 D.
1689 2553 1736 2603 4.

314 2617 568 2657 Herodianus
597 2619 695 2657 dixit
724 2612 923 2669 ὃιάδοχόν
950 2630 1029 2655 τινι
1057 2614 1234 2664 πέμπειν
1261 2610 1333 2650 καί
1358 2609 1433 2649 τοῦ
1460 2606 1607 2654 ἔθνους
1627 2606 1739 2655 ἐξελ-

312 2672 404 2711 θεῖν
430 2668 624 2711 κελεύειν.
683 2673 777 2712 Vid.
805 2671 976 2711 Casaub.
1007 2670 1057 2709 ad
1083 2670 1168 2709 Scr.
1189 2668 1290 2709 Hist.
1318 2665 1424 2717 Aug.
1447 2664 1497 2702 T·
1527 2664 1559 2704 I.
1579 2677 1620 2715 p-
1643 2675 1739 2716 ²⁰7·

313 2734 353 2766 et
386 2727 478 2781 257.
505 2726 672 2768 Salmas.
703 2728 754 2766 ad
783 2728 833 2767 T.
866 2727 923 2765 11.
958 2741 999 2779 p.
1032 2738 1102 2779 99.
1131 2721 1264 2762 Vales.
1290 2720 1342 2761 ad
1368 2719 1504 2759 Amm.
1535 2719 1666 2759 Marc.
1693 2731 1736 2770 p.
