1826 3126
267 153 306 207 6
571 170 644 211 10.
683 169 789 210 me.
838 169 1038 208 RmsKn
1079 166 1455 210 COMMENTARn

114 278 177 314 Ed.
195 278 271 315 L.2
441 265 492 323 ἦν
525 271 571 311 δὲ
597 271 679 311 τῶν
710 265 918 323 Φράγγων
947 263 1167 323 φύλαρχος
1197 263 1219 308 ὅ
1250 266 1476 323 Κάρουλος
1502 268 1671 317 ἐκεῖνος.

438 324 569 381 ῥῆγας
608 322 706 373 τούς
743 325 865 379 σφῶν
901 320 1186 377 κατάρχοντας
1221 319 1362 364 οἴδασι
1391 323 1490 379 (pro
1517 319 1719 380 εἰώθασι)

827 375 1014 434 Φράγγοι
1042 379 1192 431 λέγειν.

270 450 432 490 Nicetas
463 448 701 488 Heracleota
732 448 776 485 in
802 447 1017 500 Responsis
1051 445 1190 499 (apud
1227 447 1294 485 Du
1325 446 1461 500 Gange
1492 460 1534 488 v.
1566 458 1722 499 ‹trapa-

270 503 399 557 νοῦν)
448 501 474 555 ἡ
515 503 594 554 μὲν
638 499 830 555 ἀκρίβεια
870 497 967 548 τούς
1007 499 1211 553 διγάμους
1244 495 1319 540 ofin
1351 496 1437 540 οἶδε
1477 500 1724 553 στεφανοῦν.

271 561 415 612 Neque
445 565 606 598 tantum
639 559 695 597 sic
728 558 968 596 recentiores
1002 557 1172 607 Graeci,
1198 556 1278 602 ⁴sed
1306 558 1427 595 etiam
1457 556 1598 609 optimi
1631 555 1724 609 qui-⁴

272 629 352 669 que
379 620 591 664 veterum3
621 626 721 678 quos
751 614 857 651 inter
889 612 1065 651 occurrit
1094 626 1201 651 nune
1231 611 1333 650 illud
1366 610 1629 662 Callimachi,

437 663 581 719 οὗ’μὸς
606 664 714 721 ὲρως
747 662 927 707 τοιόσδε.
977 662 1029 705 τοὶ
1052 665 1131 717 μὲν
1163 661 1369 720 φεύγοντα
1399 661 1565 706 διώκειν

494 718 607 774 οἶδε,
642 718 694 762 τοὶ
727 721 766 761 δ’
799 721 844 762 ἐν
878 720 1022 776 μέσσῳ
1061 718 1228 772 κειζιιενα
1251 720 1528 774 παρ-πέταται.

443 778 565 819 Talis
601 786 663 817 est
701 790 824 817 amor·
852 790 984 816 meus.
1012 776 1240 829 Fugientia
1271 776 1469 831 persequi

494 833 610 873 novit
635 832 690 882 (id
703 839 762 871 est
774 832 910 883 solet),
941 840 989 871 at
1017 832 1062 871 in
1089 831 1229 871 medio
1254 833 1399 886 posita
1421 829 1726 886 praetervolat.

275 899 502 954 Antholog.
529 900 600 939 Gr.
633 899 685 940 H.
714 898 906 952 Stephani
937 912 977 952 p.
1005 911 1069 962 11,
1101 897 1200 962 ulta„
1408 943 1429 965 v

298 987 301 992 .
1015 965 1141 1000 πονος
1171 965 1349 993 ασπετον
1375 963 1505 1003 ευχος

435 1002 672 1062 Ἀνδράσιν
707 1001 818 1048 οἶδεν
844 999 961 1060 ἄγειν
997 1009 1087 1059 μετ’
1120 1005 1321 1063 ἀπείρονα
1346 1008 1496 1048 κύκλον
1521 1005 1703 1048 ἀέθλων.

276 1065 433 1105 Ibidem
464 1079 508 1118 p.
539 1065 626 1113 ¹¹4·
651 1066 694 1102 in
720 1065 898 1103 carmine
928 1064 1109 1105 Luciani.

542 1117 595 1156 ου’
622 1117 819 1172 μαλάχην
855 1116 1010 1169 α’νεμός
1038 1131 1154 1168 ποτε,
1183 1113 1260 1164 τὰς
1288 1116 1335 1157 δὲ
1363 1117 1562 1170 μεγίστας

441 1167 470 1226 ἢ
489 1169 623 1228 δρύας
645 1168 675 1226 ἢ
703 1169 939 1220 πλατάνους
972 1167 1058 1213 οἶδε
1083 1170 1225 1225 χαμαὶ
1245 1169 1454 1226 κατάγειν.

280 1241 506 1282 Chaeremo
536 1239 644 1308 apud
676 1239 893 1278 Stobaeum
921 1240 964 1278 in
995 1240 1204 1292 Excerptis
1239 1240 1370 1278 Grotii
1401 1253 1440 1293 p.
1476 1237 1565 1280 105.

451 1290 507 1342 ὥς
540 1294 617 1336 οιδ’
640 1294 684 1334 ἑν
712 1291 817 1349 ὄργῇ
845 1291 980 1334 πάντα
1008 1294 1203 1346 γίνεσθαι
1231 1290 1355 1334 κακοὶ.

277 1366 318 1393 v.
349 1351 542 1390 Palairet.
573 1350 745 1391 Observ.
779 1350 830 1388 ad
853 1350 957 1391 Nov.
982 1351 1156 1390 Testam.
1188 1365 1228 1404 p.
1253 1348 1318 1391 28.
1345 1348 1396 1388 ad
1414 1348 1516 1388 illud
1536 1349 1731 1390 Matthaei

279 1407 375 1447 VII.
413 1421 472 1447 11.
500 1402 575 1444 οὔκ
600 1401 740 1444 οἴδατε
771 1400 954 1445 διδόναι.

362 1481 478 1525 [bid.
511 1482 586 1524 lin.
621 1496 682 1526 ιο.
709 1481 780 1537 [4,
807 1483 865 1536 4.]
897 1482 970 1535 τῆς
1002 1470 1218 1534 βασιλείου
1248 1480 1401 1531 τάξεως
1427 1476 1608 1528 ἔκθεσις.
1646 1481 1736 1523 Ex-

313 1538 437 1578 ositio
458 1538 567 1589 regii
596 1537 773 1580 ordinis.
790 1538 995 1577 Iudicatur
1008 1539 1071 1577 his
1090 1539 1223 1578 verbis
1237 1544 1519 1591 argumentum
1537 1536 1647 1588 libri,
1665 1539 1734 1576 sci-

305 1595 382 1632 icet
408 1606 499 1631 eum
520 1591 570 1631 de
591 1593 732 1632 ordine
756 1594 866 1646 regio
891 1594 957 1632 vel
971 1594 1148 1647 palatino
1174 1607 1395 1647 exponere,
1419 1591 1566 1646 quibus
1585 1592 1732 1642 modis,

286 1656 327 1687 et
347 1661 419 1701 per
445 1661 546 1700 quos
569 1662 649 1701 quo
674 1654 856 1700 tempore
885 1656 925 1687 et
955 1663 1059 1703 quae
1098 1663 1122 1688 a
1142 1663 1299 1688 summo
1330 1649 1512 1702 principe
1531 1648 1618 1701 ipso
1634 1677 1646 1699 ,
1665 1654 1735 1686 aut

287 1718 312 1742 a
341 1703 602 1742 familiaribus
639 1710 679 1742 et
719 1702 955 1743 officialibus
991 1706 1102 1754 eius,
1137 1706 1243 1744 circa
1271 1705 1430 1757 ipsum,
1464 1705 1508 1741 in
1537 1702 1656 1752 aula,
1691 1704 1735 1741 in

285 1757 389 1797 urbe
422 1765 462 1796 et
491 1759 533 1796 in
561 1772 704 1812 campo
734 1760 843 1800 fiant.
899 1759 1018 1798 Tales
1052 1759 1144 1798 libri
1170 1754 1342 1798 ’τακτικὰ
1373 1765 1414 1796 et
1440 1754 1593 1806 τάξεις,
1614 1756 1735 1810 plane

286 1820 335 1852 ut
366 1813 474 1865 apud
505 1813 670 1853 Latinos
698 1814 820 1854 medii
856 1816 973 1865 aevi,
1005 1816 1075 1868 qui
1108 1830 1133 1853 a
1157 1814 1319 1853 Graecis
1348 1819 1635 1861 assumserunt,
1660 1825 1737 1852 or·-

290 1867 460 1906 dinales
486 1875 525 1907 et
548 1868 744 1920 ordines,
775 1869 1027 1922 appellantur
1056 1876 1096 1908 et
1124 1884 1199 1923 pro
1234 1869 1389 1907 ratione
1418 1868 1643 1922 argumenti
1669 1867 1735 1906 di·-

286 1924 396 1962 versi
425 1930 533 1962 sunt.
591 1924 715 1963 Modo
739 1926 846 1963 enim
877 1924 1093 1965 Tacticum
1125 1924 1275 1964 indicat
1304 1923 1455 1962 librum
1473 1953 1484 1974 ‚
1514 1923 1584 1976 qui
1614 1936 1735 1975 prae-

288 1979 409 2031 cipit,
443 1993 525 2032 quo
540 1979 694 2018 ordine
723 1979 948 2033 quibusque
978 1980 1121 2019 ritibus
1154 1980 1337 2018 divinum
1367 1977 1543 2017 officium
1566 1991 1737 2031 peraga-

289 2039 371 2074 tur.
426 2035 487 2072 Ita
517 2034 625 2088 apud
660 2035 903 2074 Verderium
937 2035 1129 2074 Biblioth.
1171 2034 1335 2073 CPtana
1365 2048 1404 2086 p.
1429 2033 1495 2074 60.
1524 2047 1559 2074 a.
1587 2047 1736 2072 memo-

291 2096 406 2126 ratur
434 2089 663 2136 Tacticon,
700 2090 808 2130 liber
835 2089 889 2129 de
921 2089 1286 2136 ordinationibus,
1319 2087 1587 2142 proculdubio
1618 2088 1738 2127 eccle-

293 2145 486 2184 siasticus.
542 2145 672 2183 Notus
703 2152 762 2184 est
794 2144 897 2184 liber
923 2152 962 2184 et
995 2159 1019 2184 a
1047 2145 1164 2184 nobis
1188 2146 1231 2183 in
1269 2144 1332 2183 his
1365 2145 1470 2183 notis
1503 2145 1652 2197 passim
1685 2142 1738 2182 al-

293 2197 487 2250 legandus
524 2198 643 2238 Ordo
678 2199 903 2240 Romanus.
958 2200 1083 2239 Modo
1108 2199 1258 2238 indicat
1290 2213 1368 2238 vox
1403 2198 1639 2250 Tacticum,
1671 2197 1738 2237 vel

298 2253 497 2293 Tacticus
512 2282 524 2303 ,
554 2253 728 2307 librum,
758 2257 827 2308 qui
853 2255 903 2294 de
938 2257 1172 2294 ceremoniis
1202 2253 1340 2293 aulicis
1375 2254 1481 2307 agit,
1511 2253 1640 2308 qualis
1672 2253 1739 2292 hie

297 2315 367 2348 est.
423 2309 485 2347 Ita
516 2309 708 2361 praefatio
739 2310 792 2349 ad
825 2309 894 2352 lib.
915 2310 966 2350 ΙΙ.
996 2305 1202 2362 συλλογήν
1228 2308 1302 2361 τῆς
1328 2308 1520 2360 τακτικῆς
1546 2302 1737 2359 μεθόδου

297 2362 582 2402 collectionem
614 2374 936 2419 praeceptorum
962 2363 1214 2420 disciplinae
1244 2365 1426 2404 tacticae
1449 2363 1636 2418 appellat.
1663 2363 1740 2402 Ex-

297 2418 424 2456 titisse
457 2417 555 2456 tales
579 2417 702 2458 libros
725 2421 927 2467 rituales,
967 2420 1293 2466 ceremoniales,
1335 2427 1405 2458 aut
1447 2417 1666 2459 ordinales
1695 2419 1739 2459 in

299 2471 390 2510 aula
410 2472 848 2527 Constantinopolitana
866 2475 917 2514 ab
939 2476 1112 2527 antiquis
1135 2475 1398 2528 temporibus,
1419 2488 1502 2513 non
1519 2479 1678 2512 tantum
1693 2487 1740 2512 ex

298 2526 377 2565 hac
397 2527 408 2565 i
440 2541 482 2566 sa
511 2528 771 2580 praefatione,
790 2530 925 2583 paullo
948 2531 1067 2580 infra,
1091 2531 1197 2569 eirea
1225 2530 1345 2568 finem
1363 2530 1532 2583 paginae
1554 2535 1738 2581 apparet,

300 2581 371 2619 ubi
412 2542 531 2620 liuius
565 2586 696 2634 operis
728 2593 867 2625 auctor
907 2587 962 2625 ait
999 2600 1021 2624 e
1055 2586 1221 2624 vetustis
1258 2583 1589 2624 ceremonialibus
1624 2581 1742 2622 utilia

302 2637 438 2675 omnia
454 2638 498 2674 in
521 2636 598 2675 hoc
618 2638 806 2678 volumen
828 2656 869 2680 se
891 2648 1174 2695 comportasse,
1198 2639 1267 2679 sed
1290 2641 1410 2678 etiam
1429 2653 1473 2678 ex
1491 2639 1634 2691 insigni
1651 2637 1741 2676 loco

302 2691 603 2732 continuatoris
648 2693 906 2747 Theophanis
947 2711 985 2750 p.
1012 2696 1078 2738 88.
1110 2696 1157 2734 B.
1187 2694 1225 2735 8.
1271 2695 1340 2733 ubi
1377 2695 1433 2733 ait
1467 2692 1740 2746 Theophilum

302 2745 416 2789 Balbi
441 2746 565 2787 filium
579 2777 591 2800 ,
626 2749 694 2806 qui
725 2764 850 2805 paene
875 2751 1031 2793 saeculo
1059 2751 1260 2808 antiquior
1278 2749 1355 2790 suit
1381 2756 1517 2790 nostro
1550 2748 1739 2792 Constan-
