1884 3132
170 175 244 218 An
280 171 576 216 consum.
610 170 807 213 ponpa.
844 169 916 209 nn
955 165 1140 209 cmm.
1183 165 1280 206 mss.
1319 166 1372 204 11.
1411 142 1528 219 ‘733

96 286 184 318 tum
211 276 560 340 apprehendebant
587 288 713 329 eoque
738 275 869 327 ipsum
897 271 1089 326 collegam
1107 268 1415 325 profitebantur3
1444 265 1527 306 vid.

98 334 266 373 nahem
294 332 476 372 Pontific.
503 330 638 384 p.»80.

208 389 256 428 B.
299 401 341 441 9.
381 387 494 442 [621,
518 383 603 438 25]
643 380 967 434 διαρπαζόμενα.
1037 380 1148 420 Talis
1201 378 1276 418 fuit
1311 378 1379 418 ille
1418 391 1528 425 mos,

98 442 227 497 qualis
261 441 328 481 ille
363 441 484 482 hodie
514 447 596 486 est,
636 452 763 492 quum
801 451 981 490 pannos,
1022 449 1141 488 super
1169 434 1314 488 quibus
1342 434 1532 487 processit

97 498 240 552 aliquis
257 497 437 550 princeps
459 496 497 534 in
525 495 795 539 coronatione,
821 492 1007 544 discerpit
1031 490 1168 544 plebs,
1201 495 1270 528 aut
1293 488 1411 542 quale
1432 487 1532 526 illud

96 561 184 601 δί,
251 551 339 598 uod·
366 551 416 590 de
443 550 660 598 Christina‚
700 550 834 601 regina
865 547 1047 596 Sueciae,
1091 544 1303 584 abdicante
1345 550 1533 582 narratur

98 607 197 646 dans
222 566 289 646 ‘les
324 605 536 646 Memoires
568 604 618 643 de
655 604 755 642 Msr.
794 601 1043 641 Arkenholtz
1081 598 1132 638 T.
1174 600 1210 638 l.
1246 597 1430 652 p.411.:
1475 598 1533 636 les

96 670 340 717 spectatam,
372 662 442 717 qui
461 660 603 699 e'toient
621 659 658 697 le
679 659 770 712 plus
791 657 899 712 pres,
926 671 965 694 se
988 657 1167 694 saisioent
1182 654 1232 693 de
1259 668 1326 693 son
1349 661 1532 692 manteau

98 717 217 768 royal
229 747 240 764 ‚
274 725 313 755 et
333 730 413 755 ειη*
433 723 471 754 et
502 715 557 752 les
583 722 709 752 autres
733 714 916 751 assistam
939 712 976 750 le
1003 712 1145 750 mirent
1165 724 1213 749 en
1239 709 1348 749 mille
1373 709 1503 763 pieres
1517 736 1531 758 ,

98 772 261 811 voulant
277 772 422 809 chacun
450 784 498 808 en
524 768 670 822 garder
698 782 770 806 une
795 782 844 805 en
874 765 1059 805 me'moire
1077 765 1128 804 de
1158 765 1243 803 leur·
1259 765 1380 803 mine.
1440 763 1532 802 Huc

97 826 296 880 pertinet,
333 824 443 878 quod
474 822 747 863 Ceremoniale
781 821 1002 861 Burchardi
1041 819 1250 874 perbibet,
1289 820 1331 858 in
1365 831 1533 857 corona-

96 882 205 920 tione
227 880 427 920 Pontificis
453 892 624 932 equum,
659 890 682 916 e
709 891 790 931 quo
818 877 928 930 Papa
955 875 1222 924 descenderit,
1251 874 1370 928 primi
1412 888 1532 912 occu·

91 935 229 989 'pantis
256 934 391 984 fuisse,
420 934 527 973 unde
553 932 678 973 multa
705 931 852 986 praelia
879 945 960 970 non
989 933 1074 970 sine
1090 929 1328 969 Pontificum
1354 928 1533 982 periculo

98 1004 216 1044 saepe
240 997 327 1030 orta
357 989 526 1038 suerint,
555 990 651 1027 item
681 987 979 1036 baldachinum,
1006 986 1082 1025 sub
1106 999 1187 1039 quo
1215 991 1394 1037 portatus
1422 984 1533 1037 Papa

94 1044 240 1095 suerit,
281 1044 524 1097 discerptum
551 1058 574 1082 a
602 1043 757 1082 furente
793 1041 940 1095 populo
974 1041 1107 1080 fuisse.
1173 1040 1336 1079 Soldati
1365 1053 1531 1094 quoque,

98 1101 177 1147 ait,
217 1099 345 1138 sedem
377 1101 423 1138 υἱ
455 1107 674 1152 rumpentes
706 1107 744 1137 et
776 1098 992 1136 lacerantes
1027 1097 1103 1134 sibi
1134 1095 1407 1143 vindicabant,
1448 1094 1534 1133 vid.

100 1155 180 1194 los.
212 1153 427 1193 Catalanus
456 1153 506 1192 ad
535 1154 747 1192 Ceremon.
774 1153 986 1205 Augustini
1017 1151 1179 1190 Patricii
1208 1165 1250 1203 p.
1289 1150 1377 1188 131.
1409 1148 1531 1187 Codi-

97 1222 174 1248 nus
191 1208 306 1248 Officss
324 1222 383 1247 10.
398 1223 440 1247 n.
464 1223 498 1247 ι.
518 1209 588 1258 ait,
608 1209 707 1247 festo
726 1207 957 1246 Palmarum
976 1207 1258 1260 Imperatorem
1274 1219 1365 1243 cum
1382 1218 1534 1256 proces-

99 1264 209 1303 sione
226 1277 298 1316 per
316 1263 462 1302 factum
482 1277 604 1301 manu
627 1270 666 1302 et
684 1264 803 1301 ramis
823 1261 1045 1316 palmarum
1067 1261 1233 1313 aliisque
1253 1267 1440 1298 ornatum
1461 1271 1533 1296 πε-

100 1318 272 1369 ρίπατον
289 1319 328 1356 in
350 1318 552 1357 ecclesiam
571 1320 642 1367 ire,
661 1332 742 1371 quo
762 1318 865 1356 facto
882 1316 996 1355 illum
1013 1317 1201 1369 Bai-angis
1216 1317 1460 1367 caeterisque
1476 1327 1533 1352 sa-

98 1371 289 1411 tellitibns
299 1373 563 1426 diripiendum
576 1371 762 1426 permitti.
788 1373 864 1410 Die
888 1371 1061 1424 quodam
1093 1383 1228 1409 annuo
1254 1370 1448 1422 diripiunt
1476 1369 1533 1407 Ia-

100 1427 240 1466 nitzari
254 1427 445 1465 ferculum
455 1427 619 1466 Sultano
639 1427 904 1476 inferendum,
929 1433 1027 1465 teste
1046 1426 1243 1464 Busbekio
1263 1438 1301 1477 p.
1319 1437 1430 1463 200.:
1443 1438 1533 1477 per·-

99 1482 196 1519 actis
214 1482 393 1536 precibus
425 1482 663 1536 Imperatori
669 1482 886 1536 prandium
908 1481 1135 1532 irfferebant,
1157 1480 1294 1535 quibus
1310 1480 1428 1530 fiet-re
1447 1492 1532 1517 mos

99 1545 169 1586 est,
185 1550 286 1585 cum,
301 1551 399 1582 ecce,
422 1537 634 1575 Ganitzari
643 1536 950 1588 manusfirculis
966 1537 1156 1582 iniiciunt,
1174 1535 1308 1573 omnia
1324 1533 1529 1588 diriphmt,

100 1599 220 1643 atque
238 1592 318 1645 ipsi
347 1592 471 1629 multa
488 1606 572 1629 cum
580 1593 806 1643 festivitate
827 1599 1043 1629 vescuntur.
1078 1590 1214 1629 Datur·
1250 1589 1355 1627 illud
1381 1603 1437 1627 ex
1461 1603 1531 1626 ve-

100 1647 175 1684 teri
199 1645 366 1684 instituto
392 1647 476 1684 diez·
503 1647 609 1684 illius
637 1647 845 1685 hilaritati.
871 1646 1056 1701 Principi
1073 1644 1233 1684 aliunde
1260 1645 1476 1695 proviswn.

183 1699 278 1739 560.
309 1700 362 1738 A.
392 1715 484 1754 pen.
516 1701 630 1755 [6233
658 1699 737 1753 12.]
769 1695 1010 1753 χαρζάνιον.
1067 1701 1219 1738 Vocem
1256 1699 1360 1737 hanc
1401 1698 1533 1737 reddit

99 1754 167 1792 Du
185 1753 318 1808 Gange
344 1755 410 1795 Gl.
441 1757 513 1794 Gr.
539 1757 682 1802 lor-um,
725 1769 827 1808 quae
854 1755 1086 1808 significatio
1104 1755 1203 1793 mihi
1231 1753 1308 1792 huc
1335 1752 1533 1806 quadrare

99 1822 183 1847 non
210 1809 383 1849 videtur.
438 1811 680 1849 Recensetur
706 1810 772 1849 hic
799 1811 902 1849 inter
930 1817 1057 1849 vestes
1084 1810 1298 1849 muliebres
1327 1823 1408 1847 una
1438 1822 1532 1847 cum

101 1862 373 1915 propolomate
401 1870 440 1903 et
468 1866 705 1918 maphorio3
734 1879 836 1918 quae
862 1865 978 1904 ambo
1008 1873 1099 1904 sunt
1127 1870 1359 1904 ornamenta
1394 1864 1532 1916 capitis

100 1917 334 1956 mulieribus
361 1921 518 1958 usitata.
575 1920 701 1959 Paulo
731 1928 819 1973 post
854 1921 1000 1959 dicitur
1026 1919 1311 1973 imponendum
1346 1932 1431 1957 esse
1467 1932 1531 1956 re-

103 1986 194 2010 cens
232 1981 386 2011 creatae
424 1974 690 2013 cubiculariae
742 1975 995 2028 maphorium
1035 1990 1103 2014 seu
1150 1975 1394 2027 calyptram,
1438 1972 1531 2011 dein

101 2026 378 2074 charzanium,
413 2029 574 2068 tandem
602 2028 849 2082 propoloma.
904 2031 1012 2083 Ergo
1040 2031 1114 2068 fuit
1140 2029 1393 2068 charzanium
1421 2028 1530 2079 capi-

98 2081 151 2119 tis
181 2080 383 2120 muliebris
407 2097 566 2136 quoque
590 2093 883 2125 ornamentum.
939 2085 999 2123 Ut
1038 2085 1184 2135 dicam,
1220 2083 1317 2136 quid
1345 2082 1441 2121 mihi
1470 2083 1531 2120 vi-

101 2136 247 2174 deatur
289 2136 543 2176 eharzanium
590 2139 732 2189 ffiisse,
780 2148 878 2192 puto
924 2139 967 2177 id
1003 2139 1146 2186 fuisse,
1189 2139 1296 2191 quod
1338 2143 1532 2176 nostrates

99 2189 300 2243 Sclzneppe
327 2191 544 2242 appellant,
574 2195 714 2232 vittam
742 2194 971 2241 stoutalem,
1008 2196 1120 2232 cuius
1149 2200 1265 2231 acuta
1291 2191 1434 2230 lacinia
1461 2205 1530 2229 su-

102 2258 174 2298 per
212 2244 384 2282 frontem
424 2246 473 2284 ad
510 2246 719 2286 oculorum
755 2256 795 2286 et
834 2252 919 2288 nasi
959 2248 1128 2286 confinia
1155 2261 1283 2299 usque
1310 2246 1528 2284 descendit.

102 2309 362 2348 Coniecturae
390 2312 490 2349 ratio
519 2311 615 2350 haec
632 2319 706 2351 est.
739 2322 843 2369 35>,
889 2314 1061 2353 Cher-„on
1100 2309 1144 2365 (ἢ
1188 2307 1395 2364 ἀσφάλεια
1433 2323 1530 2362 pro-

100 2365 202 2417 prie)
233 2370 291 2403 est
318 2364 518 2404 Arabibus
544 2367 772 2415 amuletum,
799 2369 1099 2423 phylacterium,
1129 2365 1276 2418 qualia,
1303 2371 1349 2403 ut
1376 2363 1530 2417 reliquo

102 2432 282 2471 corpore,
326 2420 381 2459 sic
423 2421 542 2458 etiam
582 2421 711 2461 fronte
748 2429 906 2475 gerunt.
959 2421 1025 2460 Ad
1065 2420 1184 2459 huius
1228 2419 1530 2459 similitudinem

98 2474 227 2526 potuit
244 2473 449 2512 talisvitta
469 2481 636 2513 rostrata
663 2475 866 2528 appellari.
922 2476 1046 2515 Forte
1068 2488 1228 2528 quoque
1247 2475 1399 2514 insutas
1431 2474 1528 2528 phy·

99 2527 264 2586 *lacterio
294 2527 479 2581 reliquias
508 2536 755 2576 sanctorum,
781 2537 910 2569 textus
921 2529 1231 2582 Evangeliorum
1260 2536 1299 2567 et
1323 2527 1416 2576 alia,
1442 2542 1527 2567 ma·-

105 2580 153 2619 lis
179 2581 302 2620 oculis
329 2583 638 2622 averruncandis
666 2584 858 2623 destinata
874 2614 885 2630 ‚
927 2590 1131 2636 gesserunt
1165 2583 1359 2622 foeminae
1394 2584 1436 2622 in
1463 2591 1527 2622 ta-

105 2633 211 2673 libus
234 2638 343 2675 vittis
370 2640 546 2676 rostratis
574 2637 823 2678 frontalibus.
876 2638 952 2677 Vel
979 2638 1098 2676 suerit
1119 2633 1349 2689 2a9Cd2¹tov
1375 2637 1527 2691 aliquid

104 2688 156 2726 ad
183 2688 350 2729 formam
378 2690 454 2730 lori
488 2692 553 2731 vel
590 2694 744 2732 taeniae
771 2707 889 2745 super
915 2693 1087 2731 frontem
1115 2692 1362 2744 dependens,
1396 2707 1525 2744 quan-

104 2741 316 2797 doquidem
341 2745 592 2800 χαρτζάνιον
629 2749 748 2787 etiam
791 2747 917 2787 lorum
957 2754 1093 2797 notat,
1132 2749 1250 2786 etiam
1278 2761 1322 2787 ex
1352 2747 1524 2787 Arabica
