1884 3132
238 145 313 187 ΑΒ
353 142 652 186 consum.
689 141 888 187 Polum.
922 142 995 183 DE
1034 139 1217 182 cmm.
1255 140 1357 182 Lm.
1395 142 1430 182 1.
1472 120 1582 177 205

144 246 190 287 in
216 245 260 286 S.
288 245 439 301 Sophia
475 259 499 285 a
529 260 574 286 se
608 244 770 286 condita
807 244 1010 292 dedicata,
1058 243 1185 283 fundo
1223 257 1374 293 amco,
1418 242 1489 283 sed
1517 244 1584 285 cui

139 303 337 345 contritae
375 315 554 355 gemmae
572 330 584 352 ,
629 301 867 355 margaritae
881 329 893 351 ‚
938 306 1148 352 argentum
1188 298 1370 352 aliaeque
1394 300 1586 338 materiae

143 358 342 410 pretiosae
370 357 568 396 admixtae
606 364 646 396 et
679 358 719 396 in
747 370 871 394 unam
897 369 1068 393 massam
1106 353 1298 394 conflatae
1325 361 1446 407 atque
1473 353 1586 394 c'olli-

145 419 294 464 quatae
321 419 463 463 erant3
507 426 559 451 an
586 411 749 451 tandem
779 411 900 450 fuerit
924 406 1139 461 χυμευτὸν
1175 409 1419 456 maiatum,
1465 409 1585 462 quale

142 474 328 506 nostrum
363 467 602 506 hodiernum
630 474 715 516 est3
756 474 826 504 aut
854 465 932 504 alia
962 465 1158 517 quaedam
1190 467 1292 503 ratio
1324 465 1514 518 imagines
1541 465 1584 504 in

141 521 315 561 metallis
342 522 546 576 pingendi.
606 521 726 560 Nulla
755 521 900 560 harum
929 521 1251 559 coniecturarum
1287 527 1395 559 caret
1427 521 1581 573 specie,

139 577 253 630 quod
281 577 333 616 de
360 576 526 630 siugulis
553 577 775 616 ostendam.

251 633 387 672 Fusile
414 631 669 685 appellabant
699 632 857 678 Latini,
888 636 934 668 ut
961 629 1071 680 dixi,
1101 631 1328 683 oppositum
1358 645 1453 669 cuso
1480 629 1584 670 mal-

139 685 228 726 leis.
284 685 556 726 Memorabilis
591 695 651 726 est
691 687 802 726 locus
830 687 937 739 apud
977 687 1045 724 Du
1077 686 1211 739 Gange
1237 700 1280 724 v.
1319 686 1497 736 Absida,
1539 685 1583 726 id

141 749 211 781 est·
226 741 430 796 sandapila
457 741 635 795 reliquiis
663 749 890 782 sauctorum
919 748 1077 780 onusta.
1136 741 1315 790 Absida,
1357 756 1475 796 quam
1509 741 1581 779 de-

120 796 336 848 fimbant,
379 806 466 836 erat
473 798 617 848 fusilis
644 813 699 836 ex
726 812 824 836 auro
852 806 889 835 ee
913 807 1097 850 argento,
1138 797 1246 852 quod
1270 797 1452 835 electrum
1478 796 1584 834 dici-

137 859 218 891 tur.
276 851 434 891 Scilicet
463 851 530 891 illa
561 867 584 892 a
611 855 855 906 composito,
896 867 975 905 qua
1001 852 1053 891 ad
1083 854 1171 890 auri
1195 859 1277 891 tres
1304 859 1438 905 partes
1465 865 1582 904 quar-

137 908 347 960 taargenti
375 907 596 959 accederet,
623 909 805 948 electrum
833 906 1123 947 dicebatur-illo
1142 922 1268 957 aevo;
1289 921 1330 946 v.
1352 906 1576 946 Chilmead.

138 961 192 1001 ad
217 962 357 1001 Malal.
386 962 438 1001 T.
461 963 516 1001 11.
546 978 586 1017 p.
620 964 710 1003 ¹61.
741 971 780 1002 et
806 963 893 1002 DC.
919 978 960 1002 v.
1004 963 1140 1002 Freda
1168 971 1207 1002 et
1249 962 1361 1017 Capa
1388 977 1474 1001 cum
1502 963 1582 1001 tin-

134 1018 360 1057 tiaemabulis.
421 1018 650 1072 Utrumque
681 1019 786 1058 idem
814 1018 923 1057 valet
940 1049 952 1069 ,
966 1020 1097 1070 fiesile
1121 1026 1163 1057 et
1185 1019 1392 1066 electrum,-
1435 1031 1581 1070 nempe

134 1072 318 1124 elictum,
348 1072 595 1126 eliquatum,
626 1075 786 1124 susum3
816 1075 995 1128 adeoque
1017 1074 1120 1112 idem
1151 1089 1242 1112 cum
1268 1072 1469 1128 χυμευτῷ
1498 1086 1581 1112 esse

138 1134 300 1180 potest3
329 1135 370 1167 et
396 1136 615 1181 potuerunt
654 1137 787 1169 secuta
819 1137 999 1183 tempora
1040 1130 1143 1168 idem
1171 1126 1408 1179 χυμευτόν,
1450 1128 1488 1166 id
1519 1135 1603 1173 est*

135 1178 298 1234 χυμὸν,
337 1183 581 1236 appellasse,
621 1186 728 1238 quod
767 1187 919 1238 priores
954 1186 1113 1235 fusum,
1160 1184 1275 1224 fusile
1301 1191 1341 1223 et
1369 1183 1574 1223 electrum.

137 1237 197 1277 At
221 1238 320 1291 quid
347 1246 441 1277 sunt
479 1242 666 1293 imagines
680 1242 804 1292 stavili
841 1255 956 1296 opere
983 1242 1171 1279 caelatae.
1231 1240 1460 1278 Chronicon
1490 1240 1581 1279 Ab·-

136 1290 269 1333 batiae
297 1293 340 1332 S.
370 1295 578 1334 'rx-udonis
605 1297 651 1334 L.
683 1298 758 1335 Vl.
790 1311 831 1349 p.
863 1297 958 1348 403.
991 1296 1098 1349 apud
1124 1297 1191 1334 Du
1219 1296 1354 1349 Gange
1377 1303 1574 1334 memorat
1586 1295 1648 1330 Ed·
1662 1295 1701 1330 L·
1716 1297 1762 1331 65

126 1348 371 1401 pelviculam
407 1350 512 1389 intus
550 1352 749 1391 habentem
787 1353 1038 1405 imaginiolas
1066 1352 1194 1403 ιῙὶιειἹί
1227 1365 1344 1405 opere
1389 1351 1575 1390 caelatas.

138 1402 227 1440 Non
251 1417 414 1455 possum
440 1405 555 1444 aliter
584 1409 717 1446 animo
751 1411 960 1460 concipere
985 1421 1106 1459 quam
1129 1406 1248 1444 fuisse
1267 1405 1417 1458 pelvim
1434 1435 1445 1455 ,
1474 1420 1579 1459 quae

135 1471 226 1496 non*
239 1472 335 1497 cusa
361 1459 505 1498 malleo
520 1489 531 1509 ‚
561 1461 630 1499 sed
651 1477 673 1501 e
702 1462 909 1500 crucibulo
930 1469 969 1499 ct
996 1462 1125 1500 forma
1153 1461 1326 1513 quadam
1349 1460 1576 1512 argillaeea,

137 1513 181 1550 in
207 1527 288 1565 qua
317 1514 467 1553 effictae
491 1515 602 1568 prius
633 1516 799 1555 fuissent
827 1516 919 1554 illae
943 1517 1161 1570 imagines,
1192 1515 1278 1554 fusa
1307 1516 1449 1564 fuerit3
1481 1530 1575 1568 qua·

135 1566 191 1606 lia
209 1582 368 1608 necesse
396 1583 556 1623 quoque
584 1578 643 1610 est
668 1579 715 1610 ut
739 1571 888 1610 fuerint
915 1573 1042 1610 vitrea
1069 1571 1230 1609 vascula
1256 1571 1487 1624 anaglypha
1501 1572 1575 1622 fic-

135 1623 280 1662 silitate
304 1626 478 1674 caelata,
522 1639 625 1679 quae
657 1628 754 1666 citat
782 1627 926 1666 Petrus
951 1627 1172 1665 Damianus
1207 1628 1248 1664 in
1278 1626 1373 1663 Vita
1404 1626 1446 1664 S.
1474 1626 1576 1664 Odi-

135 1676 254 1717 lonis.
311 1679 411 1718 Na'm
441 1681 540 1719 alias
561 1683 834 1721 contradicere
857 1682 932 1721 sibi
964 1682 1147 1729 videtur,
1182 1683 1251 1734 qui
1264 1681 1467 1731 stavilitate
1491 1695 1575 1720 cae-

131 1733 260 1772 latum
287 1734 398 1774 dicit.
458 1736 750 1789 Accipiendum
776 1738 898 1791 igitur
931 1737 1172 1776 vocabulum
1200 1737 1370 1774 caelatas
1395 1750 1470 1789 pro
1498 1735 1576 1775 ha*

135 1787 256 1827 bente
281 1789 427 1844 figuras
456 1799 675 1843 exstantes,
721 1807 864 1847 easque
891 1807 973 1831 non
1001 1792 1109 1831 caelo
1138 1791 1378 1843 insculptas,
1427 1791 1496 1829 sed
1522 1791 1575 1830 ab

134 1841 206 1882 illa
235 1843 390 1896 forma,
430 1847 472 1885 in
506 1855 628 1900 quam
658 1851 762 1888 vitra
793 1849 880 1887 fusa
911 1849 1098 1899 fuerunt,
1136 1847 1211 1886 sub
1238 1848 1323 1899 ipsa
1337 1846 1507 1885 .fusione
1534 1853 1575 1885 et

135 1898 407 1951 congelatione
449 1902 671 1956 impressas.
729 1905 878 1943 Fuitne
924 1903 1013 1942 talis
1051 1917 1212 1956 quoque
1247 1902 1380 1940 discus
1396 1932 1407 1952 ,
1452 1915 1575 1954 quem

134 1955 315 2008 speciosis·
345 1958 576 2010 imaginibus
611 1961 792 1998 incaustis
829 1960 1058 2013 insculptum
1099 1959 1195 1997 dicit
1225 1958 1393 1996 Ioannes
1421 1957 1574 1995 Dama-

137 2022 281 2048 seenus
306 2012 351 2049 in
378 2012 576 2066 Synodica
603 2014 654 2053 ad
683 2015 954 2068 Theophilum
978 2015 1287 2067 Imperatorem:
1319 2010 1573 2064 ψηλάφησον

131 2063 210 2102 καί
236 2061 302 2103 ἴδε
338 2063 407 2106 τὸν
432 2068 625 2120 μέγιστον
653 2069 782 2109 αὐτοῦ
811 2069 972 2119 δίσκον,
1021 2071 1080 2116 είς
1125 2064 1247 2119 ὅνπερ
1291 2066 1575 2118 ἐγκαυστικοῖς

135 2117 484 2172 καλλιεργήμασιν
523 2121 546 2162 (i
572 2122 770 2175 μυστικὸς
811 2126 888 2164 τοῦ
915 2124 1107 2176 Χριστοῦ
1145 2123 1306 2167 ὁέἴπιός
1339 2117 1446 2172 μετὰ
1490 2120 1574 2160 τῶν

138 2169 301 2214 δώδεκα
323 2172 585 2218 Ἀποστόλων
612 2176 896 2232 ἐγκεκόλαπτο.
956 2180 1220 2233 Intelligerem
1249 2176 1378 2216 locum
1396 2207 1406 2226 ‚
1438 2177 1470 2215 si
1491 2176 1575 2215 Au·

137 2235 224 2267 ctor
251 2238 321 2270 aut
349 2233 544 2272 omisisset
571 2233 852 2285 ἐγκαυστικοῖς
867 2267 878 2284 ,
927 2243 997 2274 aut
1021 2250 1094 2288 pro
1116 2234 1259 2272 ultima
1286 2247 1384 2272 voce
1413 2231 1573 2270 dixisset

136 2281 399 2337 ἐγγέγραπτο.
454 2288 538 2327 Iam
567 2303 664 2328 vero
691 2305 772 2329 non
801 2298 929 2344 potest
957 2290 1071 2329 aliter
1099 2288 1248 2341 accipi,
1292 2302 1412 2341 quam
1438 2287 1572 2326 susum

135 2337 258 2379 fuisse
296 2341 403 2381 hunc
441 2343 595 2383 discum
630 2345 922 2399 formatumque
950 2347 991 2383 in
1024 2346 1179 2394 forma,
1224 2357 1327 2395 quae
1358 2344 1431 2397 ipsi
1458 2343 1570 2395 signa

135 2406 211 2432 sua
236 2396 497 2449 imprimeret.
555 2399 746 2454 Adeoque
773 2408 890 2440 erunt
918 2397 970 2439 τὰ
1000 2397 1246 2451 ἐγκαυστικὰ
1275 2395 1570 2451 καλλιεργήμα-

136 2461 190 2487 ’τα
218 2449 418 2492 formosae
450 2455 640 2508 imagines
667 2471 738 2509 per
766 2457 961 2494 susmnem
990 2457 1216 2507 impressae.
1275 2454 1360 2493 Aut
1386 2455 1441 2493 sic
1468 2467 1569 2507 quo-

135 2517 214 2555 que
242 2513 371 2557 potest
396 2507 507 2548 locus
535 2510 671 2550 reddi:
719 2511 938 2563 Insculptas
976 2510 1085 2548 coelo
1115 2509 1260 2562 figuras
1287 2509 1472 2562 deinceps
1499 2523 1569 2547 co-

136 2556 287 2600 loribus
324 2564 587 2615 incrustatas,
631 2573 670 2604 et
708 2567 781 2604 hos
817 2567 968 2604 colores
1010 2579 1129 2618 super
1164 2566 1253 2618 igne
1289 2565 1383 2605 vivo
1411 2567 1566 2604 inustos

136 2611 272 2653 fuisse.
329 2618 422 2668 Quo
449 2620 499 2659 de
519 2634 661 2674 genere
688 2623 868 2675 picturae
895 2621 1079 2673 deinceps
1107 2620 1276 2659 dicetur.

244 2670 335 2709 Dixi
364 2687 510 2725 porro,
541 2670 586 2712 τῦ
616 2673 828 2727 χυμευτὸν
856 2689 939 2714 esse
957 2689 1070 2727 posse
1097 2674 1205 2714 illam
1223 2674 1563 2729 compositionem,

134 2736 256 2775 quam
283 2726 424 2768 Graeci
455 2731 550 2770 novi
578 2729 809 2772 electrinam
847 2729 1073 2786 appellant,
1111 2744 1271 2771 mensae
1309 2730 1566 2784 magnificen-
