1832 3126
819 38 857 80 ο

284 123 391 181 136
545 140 620 182 10.
664 139 770 182 1Αο.
808 141 1005 186 RssisKn
1047 140 1425 184 commissi-Ami

278 249 400 291 fiunt:
459 239 612 294 „Apud
645 242 856 285 introitum
891 241 1080 282 ecclesiae
1116 243 1158 282 S.
1202 243 1364 296 Georgii
1400 249 1460 283 est
1484 234 1727 299 ‘elath-um,

277 298 345 338 vel
379 305 620 347 transenna,
664 311 737 349 per
775 312 898 351 quam
923 297 1119 338 foeminae
1145 299 1186 336 in
1217 298 1424 337 ecclesiam
1451 300 1728 354 prospiciunt,

274 360 319 396 ‘et
360 352 412 391 ad
449 352 629 390 dextram
655 351 767 396 locus
807 360 1038 406 separatus,
1076 354 1148 392 ubi
1168 361 1275 392 stant
1306 354 1501 394 foeminae
1531 354 1727 408 plebeiae.

279 409 457 449 Graecae
491 408 598 446 enim
644 407 851 453 ecclesiam
892 422 974 447 non
1010 410 1189 459 intrant,
1233 409 1302 447 sed
1329 416 1399 448 aut
1425 409 1522 448 soris
1545 413 1730 450 restitant
1810 419 1813 421 ’

278 464 322 503 in
370 461 586 512 Narthece‚
633 462 744 515 quod
774 463 819 502 fit
846 465 889 502 in
917 464 1080 502 ecclesia
1110 464 1397 516 patriarchali,
1433 472 1504 503 aut
1528 465 1570 504 in
1599 467 1731 519 porti-

278 532 332 561 cu
383 524 508 556 stantX
537 518 590 561 ad
625 520 854 569 sinistram,
902 519 973 561 uhi
1016 520 1058 559 S.
1102 520 1330 572 Euphemia
1366 521 1484 558 iacet.
1544 521 1593 560 In
1633 521 1733 560 aede

281 572 489 612 Galatensi
527 573 800 626 Chrysopeges
835 582 894 613 est
938 589 1076 613 earum
1131 576 1248 613 statio
1276 576 1319 612 in
1361 582 1537 614 extremo
1576 590 1735 615 recessu

280 628 471 670 ecclesiae
501 635 541 668 et
576 629 628 667 ad
668 630 870 669 sinistram
899 630 940 668 in
981 631 1254 682 superioribus
1284 630 1391 683 apud
1423 644 1589 678 murum
1605 660 1618 684 ,
1654 645 1734 672 un*

281 684 334 725 de
362 698 436 738 per
462 691 721 723 transennam
749 692 916 738 possunt
943 685 1184 738 despicere.'¹

400 740 447 779 B.
469 755 511 793 7.
545 739 636 793 [31‚
655 738 720 792 6.]
750 739 1020 794 ἐπευχομένη.
1077 742 1136 780 Μ.
1163 735 1454 791 ἐπευχόμενοι.

283 850 324 891 D
395 795 443 834 Β.
465 808 506 849 9.
543 795 634 850 [31‚
656 795 722 849 8.]
754 794 963 848 τροπικῆς,
1019 797 1082 835 De
1108 795 1189 835 hao
1213 810 1313 836 voce
1341 795 1423 836 dixi
1445 795 1498 836 ad
1517 809 1610 851 pag.
1631 795 1732 852 529.

330 879 340 890 .
393 865 460 889 en.

364 864 445 951 Ι)Β.
471 919 531 945 10.
554 905 645 961 [3¹‚
665 904 732 960 9.]
762 905 838 958 τῆς
867 900 988 957 ἁγίας
1016 905 1158 959 σοροῦ.
1212 905 1638 959 Sanctamfimtmm,
1666 905 1733 946 vel

284 970 423 1010 sancta
445 962 555 1000 theca
583 961 859 1014 appellabatur
885 976 978 1000 cum
1009 977 1124 1014 capsa
1148 963 1230 1014 ipsa
1244 991 1256 1012 ,
1287 976 1367 1014 qua
1390 964 1514 1001 vestis
1532 969 1571 1001 et
1589 961 1739 1002 lodices

288 1016 529 1070 sepulcrales
555 1018 601 1055 B.
630 1017 782 1056 Mariae
814 1017 993 1070 Virginis
1025 1018 1360 1065 continebantur,
1398 1024 1487 1056 tum
1510 1017 1653 1068 aedes,
1695 1018 1739 1056 in

287 1087 370 1126 qua
395 1072 597 1126 depositae
620 1072 712 1111 illae
736 1073 929 1126 reliquiae
953 1073 1276 1114 asservabantur.
1336 1072 1434 1112 Fuit
1459 1072 1606 1126 duplex
1642 1067 1740 1124 ἁγία

288 1124 444 1180 σορὸς,
480 1143 562 1167 una
592 1129 633 1166 in
656 1128 753 1167 aede
786 1130 833 1168 B.
864 1131 1042 1184 Virginis
1066 1128 1469 1181 Chalcopratiorum,
1511 1128 1583 1168 ubi
1610 1135 1742 1167 caete-

289 1196 361 1223 rae
388 1190 517 1233 vestes
552 1191 592 1222 et
620 1183 790 1232 fasciae,
833 1185 945 1224 cuius
979 1185 1161 1223 meminit
1183 1184 1328 1222 Noster⁴
1355 1183 1421 1223 hic
1451 1191 1489 1222 et
1506 1198 1548 1236 p.
1577 1182 1645 1237 98.
1679 1183 1740 1234 B,

291 1237 420 1283 altera
443 1240 486 1277 in
507 1239 604 1278 aede
624 1239 905 1279 Blachernensi
918 1271 928 1288 ‚
960 1241 1029 1278 ubi
1049 1239 1346 1292 omophorium.
1386 1239 1504 1279 Couf.
1519 1239 1587 1277 Du
1607 1238 1743 1291 Gange

292 1293 393 1332 CPl.
426 1294 574 1333 Christ.
603 1294 675 1333 IV.
707 1310 747 1348 p.
762 1294 830 1334 86.
858 1311 900 1334 n.
926 1310 987 1346 0.,
1010 1295 1060 1334 ad
1090 1296 1236 1333 Zonar.
1267 1309 1309 1347 p.
1338 1295 1431 1334 105.
1466 1301 1506 1334 et
1528 1293 1745 1346 praecipue¹

295 1348 348 1387 ad
361 1347 557 1397 ffAlexiad.
588 1365 630 1403 p.
653 1351 747 1390 330.
766 1365 851 1403 seq.
909 1342 1010 1406 *ΓΗ
1038 1347 1136 1402 ἁγία
1165 1345 1290 1401 σορὸς
1313 1351 1355 1388 in
1375 1349 1608 1391 Blachernis
1618 1348 1748 1389 Theo-

294 1403 495 1456 phanonis
516 1406 706 1460 religione
726 1406 892 1460 inclyta.
951 1406 1070 1445 Conf.
1093 1405 1276 1457 Theoph.
1301 1419 1343 1457 p.
1365 1406 1460 1445 223.
1476 1404 1521 1458 ]*

970 1458 979 1470 1

331 1486 382 1567 54
409 1460 457 1499 C.
480 1461 519 1502 5.
541 1461 633 1516 βε,
655 1461 743 1517 ι6.]
781 1475 1093 1516 σκαραμαγγια.
1146 1461 1240 1500 Dixi
1264 1460 1340 1500 hac
1366 1461 1416 1501 de
1438 1473 1538 1503 voce
1563 1458 1616 1498 ad
1639 1473 1741 1513 pag.

298 1528 324 1559 2
387 1543 398 1554 .
424 1516 472 1558 Β.
502 1530 543 1556 2.

409 1571 519 1626 D.9.
542 1571 634 1626 [32‚
652 1570 718 1626 5.]
760 1570 899 1619 μιλίον
926 1571 1008 1612 καί.
1064 1571 1325 1611 Membranae
1349 1568 1424 1610 καὶ
1450 1583 1534 1610 non
1562 1569 1714 1609 habent
1731 1598 1746 1620 ‚

299 1626 345 1664 in
366 1625 506 1675 Maio,
540 1637 579 1666 et
605 1629 763 1684 quidem
783 1630 825 1667 in
851 1629 931 1667 eius
949 1643 1129 1677 camera,
1168 1627 1235 1668 vel
1257 1634 1421 1667 arcuata
1449 1626 1624 1680 porticu..
1680 1626 1750 1665 Da

297 1680 415 1726 Milic
448 1682 503 1721 cf.
530 1683 597 1722 Du
626 1684 761 1738 Gange
790 1683 887 1722 CPli
917 1684 1068 1732 Christ.
1095 1684 1151 1722 ΙΙ.
1177 1698 1219 1736 p.
1246 1697 1314 1738 72.
1333 1696 1422 1736 sqq.
1680 1730 1683 1733 Ι
1790 1729 1793 1731 ,

359 1750 426 1775 20.
448 1738 495 1776 B.
525 1738 670 1793 1.[32‚
691 1738 781 1793 20.]
835 1738 908 1790 τῆς
949 1737 1026 1778 τοῦ
1068 1737 1252 1791 Κυρίου.
1322 1737 1503 1777 Ecclesia
1546 1735 1750 1786 Domini,

301 1790 368 1830 vel
395 1799 434 1830 et
458 1790 629 1846 Κύρου,
661 1795 783 1847 Cyri,
822 1794 955 1844 dicta,
996 1801 1081 1833 erat
1105 1794 1210 1833 intra
1234 1793 1441 1847 palatium.
1501 1792 1606 1832 Sane
1630 1791 1749 1829 inter-

303 1847 403 1890 dum
429 1848 472 1888 in
499 1857 638 1889 nostro
664 1851 800 1890 codice
828 1845 981 1903 Κύρου
1016 1849 1163 1888 offendi
1189 1863 1263 1902 pro
1291 1845 1488 1898 Κυρίου,
1532 1860 1664 1899 neque
1683 1852 1749 1884 ta-.

303 1916 400 1947 men
433 1904 623 1947 confundi
652 1907 770 1945 debet
800 1920 893 1946 cum
921 1904 1087 1944 ecclesia
1122 1905 1321 1958 Deiparae
1356 1903 1454 1957 Cyri
1471 1931 1485 1955 ‚
1525 1902 1577 1942 de
1599 1915 1681 1956 qua
1702 1913 1748 1940 v.

302 1957 373 1996 Du
401 1958 537 2013 Cange
565 1961 663 2000 CPl.
691 1962 840 2001 Christ.

415 2011 523 2054 Ibid.
548 2016 638 2070 [52‚
657 2016 748 2071 21.]
786 2013 1144 2069 ἀσφαλιζομένων.
1203 2014 1534 2067 Clausisfhribas.
1584 2008 1752 2064 Ἀσφα-

306 2068 438 2116 λίζειν
473 2086 548 2124 pro
588 2073 769 2111 claudere
793 2073 910 2110 novis
931 2071 1093 2109 Graecis
1115 2078 1174 2109 est
1197 2070 1416 2109 admodum
1437 2071 1649 2123 frequen33
1678 2080 1750 2104 ne·-

307 2139 388 2177 que
414 2127 616 2167 veteribus
646 2128 722 2166 fuit
742 2130 938 2180 ignotum.
996 2126 1059 2164 Eo
1089 2140 1207 2164 sensu
1227 2126 1349 2164 habet
1373 2126 1568 2179 Polybius
1589 2137 1633 2175 p.
1653 2121 1748 2174 716.

308 2180 380 2229 54.
409 2181 475 2221 ed.
499 2182 689 2222 Wechel.
747 2183 795 2222 In
822 2182 909 2222 loco
937 2180 1231 2235 Theophylacti
1258 2182 1507 2230 Simoicattae,
1519 2180 1672 2218 Histor-
1698 2177 1748 2215 L.

311 2234 407 2274 IV.:
466 2234 711 2290 προστάττει
732 2238 806 2276 καί
836 2231 1089 2285 δεξιολάβοις
1125 2233 1355 2286 δυνάμεσιν
1397 2235 1636 2288 ἶχνηλατεῖν
1678 2229 1754 2270 καὶ

310 2286 387 2336 τὰς
415 2289 630 2345 ἀτραποὺς
659 2289 797 2338 πάσας
821 2291 1224 2344 κατασφαλίσασᾶαι
1251 2299 1382 2345 potest
1402 2306 1449 2331 ae
1478 2305 1530 2329 uo
1545 2291 1636 2328 iure
1651 2287 1754 2349 εζᾳιι-

310 2345 405 2384 dere
433 2354 473 2387 et
498 2362 686 2403 occupare
714 2350 833 2387 verti.
864 2347 974 2385 Infra
994 2347 1138 2385 Noster
1158 2347 1280 2386 habet
1304 2345 1462 2400 ἅσφαλι
1491 2359 1551 2384 ειν
1576 2339 1653 2396 τήν
1679 2355 1754 2395 ορ-

313 2412 391 2437 ναν
427 2415 514 2455 ¹99·
539 2403 592 2442 Λ.
609 2418 651 2457 9.
678 2410 718 2442 at
738 2417 831 2442 200.
853 2403 899 2441 B.
924 2402 1030 2441 6.V.
1053 2403 1120 2439 Du
1142 2403 1276 2456 Cangc
1293 2417 1338 2442 v.
1363 2400 1596 2454 σφαλίζειν.
1619 2402 1622 2406 ’
1651 2397 1755 2438 Nam

314 2453 447 2493 Latini
480 2472 641 2511 quoque
664 2459 833 2513 firmare
851 2459 970 2509 for-es
1006 2471 1080 2510 pro
1109 2458 1290 2496 claudere
1319 2457 1530 2503 dicebant,
1574 2466 1756 2508 praesen·¹
1806 2481 1811 2484 -

314 2509 388 2546 tim
414 2510 562 2551 obditis
588 2506 684 2553 seris
710 2522 779 2553 aut
801 2513 1005 2559 obicibus,
1037 2527 1137 2565 quos
1160 2513 1367 2560 firmacula
1386 2509 1653 2566 appellabant.
1690 2507 1759 2548 [az

315 2565 423 2602 nitor
454 2575 496 2604 at
523 2570 674 2620 signam
706 2570 770 2623 [id
798 2576 858 2608 est
887 2567 1100 2621 campana]
1133 2559 1368 2623 pulsabatur.-
1398 2568 1456 2606 ad
1485 2565 1726 2619 Completam
1743 2592 1758 2612 2

316 2620 516 2670 cor-zfestz'm
535 2633 672 2676 portae
699 2626 928 2664 monasterii
939 2625 1112 2678 ‘firman
1154 2624 1284 2662 claves
1313 2623 1460 2662 Abbati
1481 2622 1614 2674 refert.
1658 2618 1759 2660 Verae

319 2673 370 2711 ha
392 2683 485 2713 sunt
508 2680 682 2717 auctoris
702 2680 821 2718 Vitae
851 2680 892 2718 S.
926 2679 1033 2732 Agili
1058 2678 1165 2730 apud
1189 2679 1257 2716 Du
1288 2679 1424 2731 Cange
1448 2691 1489 2716 v.
1524 2675 1726 2729 Completa
1743 2701 1755 2722 ‚

311 2729 404 2772 vid.
445 2730 551 2771 idem
586 2747 627 2773 v.
667 2734 865 2774 Firmare.
926 2735 1023 2774 Inde
1057 2731 1306 2787 dffrmare,
1347 2733 1389 2773 id
1425 2739 1485 2776 est
1518 2731 1759 2787 defirmare‚
