1884 3132
315 111 426 168 680
601 130 673 170 10.
716 128 822 170 mc,
864 131 1059 171 nmsxn
1102 130 1483 173 COMMENTAnn

319 226 347 280 ἦ
379 225 460 267 ὑπὸ
492 229 557 268 vel
578 227 659 268 ἀπὸ
690 230 755 269 vel
782 227 887 280 μετὰ
920 231 1167 282 καμπαγίων
1181 229 1423 284 σύγκλητος,
1448 233 1635 281 cambia,
1665 248 1765 288 quae

318 285 435 322 simul
465 299 589 323 secum
622 285 763 324 habent
790 287 948 339 plzialia
985 301 1050 324 seu
1099 288 1263 341 capacia
1277 315 1289 335 ,
1335 287 1515 327 cucullos.
1577 287 1762 337 Senatus,

318 340 388 393 qui
410 354 497 378 cam
527 342 744 393 campagiis
776 342 932 379 incedit.
963 341 1072 379 Infra
1101 356 1140 393 p.
1165 341 1262 391 418.
1283 343 1328 380 B.
1370 341 1412 381 6.
1457 349 1516 382 est
1556 339 1762 393 ὖποβλατ-

319 393 500 442 τωμένον
545 395 738 444 καμίσιον
783 391 972 446 σχήματι
1013 395 1185 449 φιαλιόυ
1209 426 1220 442 ,
1251 397 1294 436 id
1336 404 1396 435 est
1434 393 1629 446 καμίσιον
1655 393 1760 446 μετὰ

320 443 537 499 ῥάμματος
573 446 796 500 βλαττιόυ,
844 449 961 502 δίκην
1008 448 1180 503 φιαλίου
1210 450 1590 503 ἐσχηματισμένου.
1644 451 1764 498 Dicta

322 510 458 541 autem
484 512 577 543 suut
598 506 757 558 phialin
785 520 808 544 a
835 504 979 558 phialis
1007 505 1071 544 vel
1103 506 1270 558 cymbiis
1288 535 1300 556 ‚
1342 508 1436 559 quia
1465 505 1767 547 similitudinem

325 558 507 610 phialae,
539 560 687 613 cymbii
727 560 790 599 vel
820 560 924 599 ollae
955 567 1124 613 gerunt,
1154 561 1195 600 in
1225 575 1346 614 quam
1374 568 1494 614 caput
1519 562 1763 600 immittitur.

325 613 492 653 Phialae
522 622 655 653 autem
683 618 798 654 novis
826 617 988 654 Graecis
1014 615 1119 653 idem
1133 623 1225 654 sunt
1254 624 1373 669 atque
1401 617 1566 655 vetustis
1596 612 1639 655 αἱ
1667 612 1768 654 πύε-

324 669 388 706 λοι
403 699 414 717 ,
445 669 602 717 bas-sini,
634 670 760 721 lacus,
791 671 965 723 ingentia
994 684 1089 721 vasa
1104 671 1278 710 rotunda
1306 671 1623 725 hemisphaerica
1649 683 1765 722 cava,

322 725 573 776 recipiendae
601 739 742 777 aquae.

436 780 480 817 B.
504 779 544 830 4.
577 779 686 833 [578‚
711 779 769 833 3.]
802 776 967 828 ἆετοὺς.
1028 781 1151 831 Quod
1178 781 1243 819 hic
1275 780 1317 819 in
1340 781 1494 819 Latinis
1521 779 1658 822 addidi
1682 782 1772 834 sagi

322 848 453 885 genas,
488 837 543 872 ita
572 836 727 882 dicitur,
745 837 903 888 respicit
921 836 971 874 ad
986 844 1133 875 vestem
1155 835 1367 875 militarem
1394 835 1569 890 aquilam
1582 836 1672 875 ideo
1699 835 1765 874 di-

326 895 454 937 ctam,
489 891 597 943 quod
642 891 798 929 undans
841 892 881 929 in
920 905 1018 930 aura
1045 891 1248 930 volantem
1288 891 1469 944 expansis
1494 890 1566 930 alis
1594 889 1768 944 aquilam

326 944 505 982 referret.
572 945 709 983 Potest
738 953 871 984 tamen
901 960 1059 999 quoque
1094 948 1211 984 vestis
1238 960 1330 984 cum
1359 945 1515 984 intextis
1542 946 1767 999 aquilarum

326 998 567 1051 imaginibus
595 1001 807 1053 designari.
866 1002 928 1038 De
958 1009 1127 1054 utroque
1155 1015 1297 1054 genere
1324 1015 1443 1053 supra
1470 1000 1564 1039 dixi.

436 1056 480 1092 B.
505 1055 543 1103 4.
579 1054 696 1108 [578‚
721 1057 779 1107 3.]
809 1052 985 1107 βόφους.
1017 1056 1062 1093 ld
1090 1063 1149 1095 est
1176 1065 1297 1094 vestes
1343 1069 1427 1093 cum
1458 1056 1619 1094 intextis
1654 1055 1768 1095 boum

326 1109 392 1145 vel
421 1109 644 1147 bubalorum
671 1111 917 1163 imaginibnS.
991 1110 1108 1149 Tales
1135 1125 1293 1164 quoque
1331 1109 1490 1148 confido
1521 1109 1639 1150 fuisse
1666 1125 1768 1163 quos

326 1163 559 1204 Anastasius
588 1180 628 1202 1n
657 1166 792 1204 Leone
815 1165 886 1203 ΙΙΙ.
917 1179 1003 1204 cam
1036 1166 1182 1213 babilo,
1205 1166 1319 1218 quasi
1346 1179 1431 1206 cum
1451 1164 1605 1214 bubalo,
1636 1166 1767 1204 nomi-

328 1226 430 1259 nat:
472 1220 580 1269 jecit
607 1221 734 1258 velum
771 1221 926 1259 rubeum
966 1235 1051 1259 cum
1090 1221 1229 1261 babilo.

438 1274 484 1311 B.
507 1274 544 1312 5.
581 1273 691 1328 [578‚
715 1273 776 1327 4]
805 1271 1064 1326 πολυγύρους
1107 1271 1267 1318 ἀετοὺς.
1300 1274 1501 1313 Incertum
1533 1281 1606 1320 est,
1635 1275 1769 1313 sintne

331 1335 456 1367 vestes
477 1358 487 1374 ‚
519 1329 665 1382 quibus
697 1329 845 1368 multae
872 1331 1030 1368 institae
1058 1329 1108 1370 ad
1137 1329 1447 1368 Maeandrorum
1473 1328 1638 1370 modum
1670 1329 1769 1368 mul-

328 1382 380 1420 tis
407 1384 514 1435 gyris
532 1415 542 1430 ‚
590 1383 755 1423 flexibus
771 1415 783 1435 ‚
823 1385 1055 1438 ambagibus
1074 1415 1084 1431 ‚
1131 1385 1251 1423 modo
1290 1383 1622 1433 ascendentibus,
1649 1385 1771 1423 modo

327 1437 658 1478 descendentibus
686 1440 848 1479 adsutae
874 1440 984 1478 suere
999 1470 1010 1490 ‚
1032 1454 1083 1478 an
1111 1439 1305 1479 tutulatae
1321 1439 1384 1478 vel
1410 1437 1630 1486 tubulatae‚
1655 1438 1768 1491 plicis

329 1499 368 1530 et
416 1494 636 1533 recessibus
666 1496 787 1547 panni
830 1495 1127 1548 frequentibus,
1155 1497 1246 1533 unis
1274 1494 1325 1534 ad
1353 1493 1498 1533 alteros
1541 1494 1732 1548 appositis
1756 1525 1766 1543 ‚

328 1546 379 1585 de
407 1549 552 1601 quibus
581 1550 669 1588 dico
701 1551 751 1588 ad
779 1564 917 1588 vocem
942 1548 1425 1602 χρυσοσωληνοκέντητος
1451 1563 1491 1602 p.
1513 1547 1581 1599 48.
1599 1549 1647 1587 Β.
1670 1564 1710 1604 7.

442 1604 551 1657 C.7.
584 1603 805 1658 [578‚17.]
845 1603 1119 1643 σαπωνίσται.
1188 1605 1291 1644 Sunt
1344 1606 1413 1656 qui
1455 1610 1582 1642 vestes
1623 1617 1771 1656 sapone

330 1658 530 1696 mundant
557 1666 595 1697 et
642 1660 790 1698 lavant.
861 1660 993 1698 Latini
1025 1659 1099 1697 hos
1139 1659 1410 1698 candz'datores
1449 1665 1488 1696 et
1515 1658 1770 1698 candidarios

332 1712 609 1765 appellabant,
644 1722 683 1752 et
710 1714 807 1753 tales
834 1715 1027 1753 foeminas
1053 1714 1362 1764 candidatrices,
1392 1720 1437 1752 ut
1461 1710 1626 1766 apparet
1653 1714 1769 1752 ePe-

334 1770 386 1805 tri
407 1767 652 1807 Bellunensis
682 1772 797 1823 epist.
831 1769 911 1822 14„
942 1771 972 1808 si
1003 1769 1125 1807 modo
1151 1776 1258 1807 recte
1286 1769 1341 1806 ibi
1370 1768 1522 1806 editum
1548 1774 1607 1807 est
1632 1769 1771 1807 candi-

330 1823 518 1870 datrices.
590 1825 697 1863 Puto
750 1826 856 1863 enim
911 1825 1041 1877 potius
1077 1826 1304 1862 cantatrices
1353 1822 1626 1876 reponendum
1670 1837 1767 1868 esse.

331 1877 524 1917 Recenset
561 1881 666 1917 enim
713 1879 944 1918 damnosam
983 1879 1184 1918 curiarum
1221 1885 1447 1928 catervam,
1475 1885 1626 1931 pestem
1655 1878 1768 1930 prin-

332 1933 466 1984 cipum
487 1963 497 1982 ,
544 1934 583 1971 in
638 1949 717 1987 qua
754 1935 1051 1980 candidatores‚
1102 1941 1148 1971 ut
1187 1934 1395 1972 necessarii
1446 1934 1552 1972 vitae
1589 1947 1769 1972 commu-

331 1989 376 2025 ni
396 2017 405 2032 ,
437 1990 638 2027 numerari
667 2003 746 2027 non
776 1996 954 2042 possunt.
1013 1989 1204 2028 cantores
1242 1995 1375 2027 autem
1405 1988 1578 2026 eunuchi
1609 1996 1648 2026 et
1674 2002 1771 2026 can-

332 2043 493 2081 tatrices
524 2044 573 2081 ad
602 2053 844 2083 recrementa
875 2045 1007 2083 curiae
1025 2050 1063 2083 et
1090 2042 1268 2081 luxuriae
1296 2053 1530 2095 apparatum
1557 2044 1771 2095 pertinent.

334 2097 413 2135 Hic
442 2098 554 2137 locus
579 2106 664 2148 est3
694 2100 840 2138 iudicet
866 2101 1046 2152 quisque.
1074 2099 1189 2151 Regis
1213 2099 1364 2136 curiam
1391 2106 1600 2152 sequuntur
1619 2097 1771 2138 assidue

334 2152 538 2191 histriones
553 2183 563 2203 ,
584 2155 868 2193 candidatrices
882 2185 892 2201 ‚
924 2155 1111 2192 aleatores
1126 2183 1136 2200 ‚
1163 2153 1392 2199 dulcorarii⁷
1426 2167 1630 2206 caupones,
1651 2152 1770 2191 nebu-

334 2207 477 2245 latores
517 2208 698 2261 [pistores
747 2210 986 2248 nebularum
1001 2237 1012 2258 ‚
1058 2209 1126 2259 qui
1164 2214 1307 2260 parant
1347 2215 1486 2246 tenues
1536 2205 1770 2246 cancellatas

332 2261 594 2313 placentulas,
631 2262 699 2302 W
695 2265 844 2317 astella,
885 2265 952 2303 des
968 2263 1136 2316 gazstres
1166 2261 1328 2316 dictas]‚
1359 2262 1498 2310 mimi,
1523 2261 1765 2307 balatrones,

333 2317 556 2356 barbatores
594 2327 632 2356 et
656 2320 726 2358 hoc
751 2334 868 2372 genus
909 2333 1034 2359 omne.
1092 2318 1304 2356 Necessarii
1333 2324 1465 2356 autem
1493 2323 1607 2356 erant
1634 2314 1769 2358 candi-r

334 2371 491 2410 datores
520 2374 561 2411 in
590 2373 681 2411 aula
711 2375 928 2427 Byzantina
955 2380 1164 2427 propterea
1193 2373 1385 2419 maxime,
1416 2371 1525 2424 quod
1553 2369 1662 2410 color
1698 2383 1768 2408 au-

335 2423 398 2464 lae
424 2428 680 2479 quotidianus
700 2429 892 2467 candidus
932 2435 1058 2478 esset,
1084 2436 1125 2466 et
1152 2442 1234 2466 non
1261 2434 1419 2466 tantum
1446 2431 1685 2478 protectores
1702 2438 1765 2462 sa-

336 2482 394 2518 cri
422 2483 599 2534 eorporis
628 2484 670 2521 in
699 2484 878 2522 candidis
917 2482 1030 2521 lineis
1063 2496 1279 2536 apparere,
1319 2481 1439 2531 (unde
1466 2479 1769 2521 candidatorum

333 2547 479 2574 nomen
509 2539 774 2589 acceperunt,)
805 2538 871 2577 sed
911 2540 1029 2576 etiam
1056 2552 1238 2590 proceres
1266 2550 1402 2575 omnes
1429 2533 1616 2576 candidas
1643 2541 1774 2578 vestes,

334 2602 469 2639 gerere
502 2591 692 2631 deberent
710 2622 721 2642 ‚
779 2593 961 2631 traducto
991 2607 1103 2631 more
1144 2607 1189 2631 ex
1217 2593 1379 2643 antiqua
1405 2590 1531 2629 Roma
1548 2617 1560 2637 ‚
1587 2602 1667 2640 qua
1694 2587 1768 2627 hon

335 2646 528 2686 nestiores
556 2654 666 2699 togas
693 2646 879 2686 candidas
908 2647 1133 2700 gerebant„
1185 2645 1304 2695 Quod
1330 2645 1448 2696 igitur
1478 2641 1574 2680 olim
1600 2641 1769 2682 fullones

336 2695 486 2745 Romae
515 2709 620 2739 creta
648 2703 905 2754 perficiebant
933 2704 975 2741 in
1003 2702 1104 2755 togis
1132 2702 1404 2748 Romanorum
1431 2696 1622 2748 candidis,
1653 2704 1774 2761 utpon
