1884 3132
293 87 399 143 552
599 107 671 149 10.
712 107 816 152 1Ac.
859 109 1054 150 Rsslsxn
1091 107 1467 151 COMMENTARH

289 212 365 251 uisi
395 210 495 249 forte
525 212 680 253 indusia
712 210 850 259 linea3
899 212 981 251 vid.
1013 212 1080 254 Du
1110 213 1244 267 Gange
1273 213 1312 253 h.
1341 227 1382 254 v.
1400 218 1448 252 'et
1475 227 1576 267 quae
1602 216 1723 268 paulo

290 272 378 317 post
409 265 458 304 de
485 266 887 319 hypocamisobraciis
917 267 1107 306 dicemus.

400 320 445 360 C.
467 321 506 360 5.
530 321 648 376 [47o‚
667 322 730 375 6.]
767 317 996 361 θάλασσαι.
1054 322 1192 374 Neque
1227 322 1277 361 de
1313 322 1388 361 hac
1419 330 1525 364 veste
1552 323 1722 372 multum

286 382 442 427 praeter
466 379 714 416 coniecturas
752 376 907 414 adferre
935 376 1061 416 valeo.
1129 378 1169 415 Si
1201 377 1318 416 fidem
1347 377 1484 430 habet,
1513 385 1551 417 et
1578 375 1725 419 habere

289 431 453 475 omnino
478 431 609 477 debet,
641 432 822 484 superius
850 433 992 470 citatus
1007 432 1304 471 continuatoris
1325 433 1642 473 Constantiniani
1665 434 1725 482 loe

287 499 382 535 cus,
413 499 494 525 uon
525 486 714 526 differunt
743 482 860 532 αἐτὸς
890 493 929 524 et
965 485 1174 526 θάλασσα.
1231 487 1284 526 Et
1324 495 1425 527 esset
1459 502 1554 527 sane
1586 495 1724 541 aptum

286 553 432 579 nomen
473 537 693 592 θάλασσα,
737 555 846 579 mare
865 571 874 588 ‚
926 543 1027 580 vesti
1071 542 1239 580 undanti
1281 542 1363 580 Ποῖ]
1401 543 1560 592 minus,
1602 557 1724 596 quam

287 595 436 646 aquila.
495 597 588 635 Pari
619 597 740 636 modo
780 602 932 635 veteres
971 597 1113 635 Graeci
1160 596 1297 649 peplos
1326 597 1541 644 mulierum
1568 598 1726 642 undam

284 657 340 688 tes
370 657 408 689 ct
447 665 471 689 a
513 652 640 704 capite
677 652 729 690 ad
771 651 890 702 pedes
919 651 1109 690 demissos
1146 648 1309 704 ῥύακας
1343 652 1618 705 appellabant,
1631 653 1724 708 fla-

287 706 372 743 ''nl'os
388 735 398 752 ‚
425 714 632 756 torrentes5
656 707 740 745 vid.
769 707 938 758 Diogen.
965 707 1101 745 Laert.
1127 721 1168 759 p.
1200 706 1291 745 305.
1309 707 1349 746 5.
1368 737 1379 757 ‚
1407 707 1477 746 ubi
1505 707 1609 747 male
1635 722 1727 746 mu-

285 766 437 798 tarunt.
493 762 616 800 Forte
648 762 741 800 inde
770 775 929 814 quoque
958 767 1016 799 est
1033 791 1044 812 ,
1073 762 1181 814 quod
1222 761 1484 800 zauschorum
1512 777 1582 801 seu
1607 777 1723 804 man-

289 815 473 853 datorum
517 816 783 869 imperialium
822 815 930 869 apud
970 816 1124 855 Turcos
1165 817 1284 856 vestis
1322 818 1492 856 exterior
1516 817 1728 857 θαλασσο-

288 869 438 921 φέρεζε
459 870 605 910 dicitur
623 901 634 922 ‚
668 885 765 911 voce
791 885 813 909 e
835 872 986 910 Graeca
1017 879 1056 910 et
1082 871 1258 910 Arabica
1278 874 1495 925 composita
1512 902 1523 919 ‚
1554 886 1725 925 quarum

286 935 363 974 hoc
393 944 499 1000 ἔρα-’θ
562 946 703 975 vestem
757 937 937 991 amplam
993 944 1121 976 notat.
1179 936 1336 975 Ambae
1386 937 1727 977 denominationes

289 1005 521 1043 congruae3
550 993 669 1030 vestis
684 993 790 1029 enim
811 990 901 1029 talis
923 1020 934 1042 7
966 1005 1068 1042 quae
1096 991 1257 1043 cingulo
1285 991 1476 1045 adstringi
1509 1006 1589 1030 non
1611 992 1724 1042 solet,

287 1045 419 1098 ampla
460 1053 519 1084 est
547 1053 586 1085 et
613 1046 738 1084 undat
765 1045 903 1084 veluti.
958 1045 1054 1084 Fuit
1081 1044 1243 1095 tamenj
1260 1053 1473 1099 antequam
1507 1047 1726 1089 Continua-

283 1102 382 1140 toris
410 1099 525 1139 illum
552 1101 730 1140 viderem
751 1100 882 1138 locum
901 1130 911 1148 ,
957 1115 1082 1152 quum
1115 1101 1315 1139 crederem
1331 1131 1342 1152 ‚
1372 1100 1563 1140 thalassas
1608 1101 1732 1148 fuisse

285 1155 414 1194 dictos
442 1170 596 1208 pannos
625 1154 838 1193 undulatos
860 1185 872 1206 ‚
901 1156 1105 1208 cymatiles
1122 1185 1133 1206 ,
1162 1170 1245 1208 quo
1274 1155 1323 1194 de
1353 1170 1495 1208 genere
1521 1163 1578 1196 est
1606 1156 1672 1195 vul
1701 1158 1730 1206 o¹

285 1211 341 1248 sic
370 1210 499 1249 dictus
529 1211 725 1258 Camelot‚
759 1223 858 1249 voce
885 1224 966 1248 non
997 1225 1020 1248 a
1050 1210 1291 1249 camelorum
1317 1211 1434 1263 pilis,
1475 1211 1544 1250 sed
1575 1211 1626 1250 ab
1654 1211 1682 1250 il
1700 1226 1729 1259 o·

293 1265 396 1317 ipso,
419 1265 487 1303 sed
514 1273 703 1317 corrupte
721 1264 891 1317 prolato,
914 1267 1111 1316 cymatilis
1130 1266 1371 1318 repetenda3
1402 1266 1453 1304 de
1472 1266 1584 1316 cuius
1602 1269 1729 1319 panni

288 1320 537 1358 confectione
583 1321 669 1358 vid.
704 1320 878 1358 Busbek.
904 1319 1073 1372 Epistol.
1105 1320 1137 1358 I.
1171 1333 1209 1372 p.
1238 1334 1294 1358 m.
1325 1319 1391 1375 57.
1423 1327 1463 1359 et
1491 1320 1562 1359 62.
1623 1323 1730 1372 (utor

287 1374 462 1412 editione
494 1374 680 1415 Wechel.
720 1374 850 1424 1605.)
905 1375 1134 1427 Suspicatus
1162 1388 1283 1427 porro
1312 1375 1384 1422 fui,
1436 1376 1566 1414 maria
1605 1375 1728 1415 fuisse

284 1428 358 1468 has
401 1436 526 1468 vestes
566 1429 692 1468 dictas
720 1429 772 1467 ab
799 1429 1044 1468 undantibus
1072 1437 1142 1468 aut
1171 1431 1316 1468 institis
1350 1437 1389 1468 et
1418 1431 1527 1479 oris,
1556 1437 1625 1470 aut
1651 1429 1730 1470 filis

284 1498 357 1536 per
389 1484 565 1522 medium
593 1498 773 1536 pannum
800 1485 962 1523 intextis
983 1514 994 1535 ‚
1024 1484 1160 1537 quales
1189 1481 1341 1523 veteres
1367 1482 1628 1536 μαίάνδρους
1655 1499 1727 1538 ap-

283 1537 515 1591 pellabant,
554 1541 649 1578 novi
693 1540 835 1577 Graeci
873 1537 1100 1589 ποταμούς.
1154 1539 1367 1592 Antipater
1411 1541 1454 1577 in
1482 1538 1729 1593 Anthologia

284 1594 334 1632 L.
353 1594 425 1633 VI.
457 1609 493 1633 c.
516 1593 554 1633 8.
590 1609 632 1647 p.
654 1593 750 1645 425.
781 1595 869 1633 init.
898 1594 1019 1636 habet
1061 1594 1214 1647 puellas
1246 1601 1327 1633 tres
1369 1595 1521 1638 Dianae
1562 1594 1729 1634 donaria

289 1648 517 1688 dedicantes
539 1679 550 1699 ‚
580 1663 678 1702 quas
710 1649 813 1688 inter
842 1663 923 1688 una
951 1657 1100 1690 vestem
1119 1650 1277 1690 dedicat
1296 1663 1387 1688 cum
1413 1649 1569 1691 intextis
1585 1649 1729 1701 puellis

286 1702 475 1742 choream
519 1704 726 1758 agentibus
787 1711 827 1744 et
877 1703 1054 1745 flexuosis
1098 1703 1308 1745 Maeandri
1355 1717 1510 1743 errores
1560 1705 1729 1744 amantis

286 1756 447 1798 fluentis
476 1774 487 1799 ε
1183 1776 1192 1785 ·
1255 1758 1260 1763 ’
1501 1762 1503 1764 ’
1709 1758 1733 1766 ”

397 1810 494 1853 Καὶ
517 1811 632 1867 βαίη
659 1814 737 1865 μὲν
766 1811 894 1854 τάσδε
922 1815 1200 1868 χοροιθαλέας
1228 1809 1334 1864 κάμε
1362 1811 1544 1866 κούρας,

503 1867 602 1915 λοξά
630 1883 675 1908 τε
702 1866 956 1923 Μαιάνδρου
991 1865 1142 1921 ῥεῖθρα
1170 1868 1466 1915 πολυπλανὲος.
1546 1869 1549 1871 ’

285 1922 385 1962 Vid.
426 1923 594 1962 Salmas.
635 1924 686 1962 ad
712 1924 882 1963 Tertull.
915 1939 958 1977 p.
987 1924 1082 1962 502.
1114 1924 1178 1962 ed.
1207 1924 1381 1962 Parisin.
1439 1922 1592 1962 Videor
1629 1922 1732 1966 mihi

286 1977 365 2016 tale
392 1980 516 2030 panni
549 1992 673 2031 genus
702 1974 1005 2028 θαλασσωτὸν,
1050 1977 1293 2027 κυματῶδες
1323 1977 1460 2016 videre
1486 1979 1528 2016 in
1556 1979 1735 2032 nummis-

288 2033 524 2083 lustiuiani3
571 2040 616 2070 ut
645 2032 786 2071 ultimo
815 2046 952 2071 versus
994 2033 1115 2085 primi
1142 2031 1304 2070 tabulae
1336 2046 1481 2071 aeneae
1510 2033 1615 2085 apud
1663 2033 1731 2071 Du

288 2087 485 2140 Gangium
502 2089 544 2126 in
564 2086 979 2140 FamiliisByzantinis
1006 2101 1045 2139 p.
1059 2086 1128 2126 88.
1150 2094 1190 2125 et
1219 2087 1395 2125 eiusdem
1424 2087 1585 2126 tabulae
1612 2101 1731 2126 versu

288 2143 494 2189 secundo⁷
537 2142 633 2180 item
674 2148 819 2194 quarto
858 2142 934 2180 bis.
993 2141 1202 2180 Novorum
1246 2142 1493 2180 Graecorum
1520 2143 1576 2180 sic
1605 2142 1731 2180 dictos

288 2193 506 2246 ποταμούς
549 2197 591 2234 in
631 2197 808 2235 vestibus
842 2197 897 2234 sic
930 2196 1119 2235 describit
1154 2197 1221 2234 Du
1250 2196 1398 2249 Gange.
1435 2197 1582 2236 Lineae
1606 2205 1722 2242 sant,

286 2251 355 2299 ait,
383 2252 576 2290 candidae
605 2252 730 2290 rubeis
760 2252 1012 2296 intermixtae
1039 2252 1081 2290 in
1103 2252 1245 2306 palliis
1272 2251 1454 2301 mandyis
1474 2260 1513 2289 et
1537 2251 1733 2289 sciehat-iis

286 2306 529 2345 sacerdotum
554 2306 812 2344 Graecorum.
845 2328 895 2335 ——
928 2304 1111 2344 Andreas
1140 2320 1163 2343 a
1193 2305 1235 2344 S.
1267 2305 1397 2344 Cruce
1424 2305 1529 2357 apud
1560 2304 1732 2343 eundem

285 2374 458 2414 cappam
507 2361 563 2399 ait
606 2361 750 2399 vidisse
793 2359 942 2399 Graeci
976 2362 1232 2414 patriarchae
1266 2361 1362 2412 rigis
1406 2360 1506 2398 albis
1532 2361 1737 2413 purpure}

285 2415 394 2468 isque
418 2428 495 2468 per
529 2424 793 2454 transversam
820 2429 847 2452 a
871 2429 1019 2454 summo
1041 2430 1156 2470 usqae
1179 2415 1357 2453 deorsum
1379 2415 1590 2458 variatam.
1619 2412 1731 2451 Nihil

287 2469 470 2519 profecto
499 2469 609 2508 aliud
670 2477 763 2516 sunt
806 2468 900 2508 illae
942 2484 1014 2522 per
1042 2477 1150 2508 certa
1178 2467 1387 2507 intervalla
1414 2468 1563 2520 positae
1594 2467 1634 2505 in
1662 2474 1729 2506 tu-

292 2523 391 2560 nicis
421 2538 443 2562 a
472 2538 626 2562 summa
654 2538 725 2562 ora
752 2523 804 2561 ad
833 2526 956 2562 imam
982 2538 1108 2576 usque
1134 2523 1328 2562 taeniolae
1349 2552 1360 2572 ,
1398 2524 1439 2560 in
1482 2520 1629 2573 quibus
1666 2521 1729 2560 bi—

292 2589 368 2613 nae
395 2579 560 2616 extimae
600 2579 726 2617 lineae
755 2578 953 2628 candent,
983 2579 1136 2617 mediae
1165 2577 1379 2629 singulares
1406 2575 1551 2614 rubent
1569 2605 1580 2625 ‚
1610 2590 1732 2628 quam

294 2636 477 2668 veterum
508 2633 719 2671 maeandri
743 2640 812 2671 aut
839 2634 968 2671 scalae
987 2633 1142 2671 Boethii
1173 2633 1214 2670 in
1236 2629 1532 2679 Consolatione,
1561 2630 1630 2668 ubi
1658 2628 1732 2675 ha'-

290 2681 420 2724 bitum
457 2685 733 2743 philosophiae
781 2687 982 2741 describit.
1041 2686 1228 2726 Vestibus
1259 2699 1346 2725 eam
1378 2685 1432 2724 ait
1460 2685 1639 2729 indutam
1669 2685 1738 2736 suff
