1884 3132
250 102 358 157 262
559 121 632 161 10.
673 118 778 162 1Αο.
823 122 1018 163 nmsxn
1058 121 1439 166 εοΜΜΕΝΤΑΜι

359 225 407 263 C.
432 239 466 264 1.
500 224 625 279 [215‚
647 223 708 278 5.]
748 222 800 264 τὰ
830 220 1012 276 σαβάνα.
1067 227 1226 266 sabana
1270 242 1354 267 esse
1399 227 1546 278 lintea,
1581 243 1700 283 prae·-

248 280 385 320 sertim
417 281 609 333 tergendo
632 283 822 334 corpori,
854 281 981 334 liquet
1003 296 1047 320 ex
1072 297 1193 336 supra
1220 283 1397 322 notatis:
1425 284 1702 337 myrotheoem

249 349 412 388 quoque
440 336 490 374 ad
510 336 700 374 balneum
728 337 943 390 pertinere,
963 345 1102 390 sponte
1133 345 1255 391 patet.
1305 339 1399 389 Quo
1428 346 1563 378 autem
1602 342 1702 380 scri-

249 391 317 429 nia
343 391 491 429 faciant
535 398 575 430 et
614 392 712 444 quid
740 394 1038 440 continuerint,
1063 407 1145 432 nou
1176 394 1357 432 dixerim.
1414 394 1538 434 Forte
1574 402 1707 434 vestes

250 447 485 485 mutatorias
512 447 798 494 continebant,
829 463 928 501 quas
949 449 1133 501 Augusta
1159 457 1248 501 post
1277 447 1468 488 balneum
1499 449 1715 489 induebat.'

251 495 560 552 Σικλότρουλλα
574 532 586 553 ,
606 517 682 542 vox
706 505 850 551 rarior,
885 505 983 557 quid
1002 505 1196 557 significet
1215 535 1226 555 7
1255 519 1336 543 non
1358 505 1541 544 dixerim.
1599 505 1709 544 Con-

250 555 435 595 liciebam
467 557 698 611 aliquando,
727 559 846 598 fixisse
875 559 1052 599 arculam
1068 574 1161 599 cum
1201 560 1366 613 sigillis,
1395 559 1438 599 id
1467 569 1551 612 est,
1572 561 1710 614 parvis

253 619 486 652 sanctorum
527 614 748 662 icunculis‚
794 615 956 668 qualem
986 616 1175 655 describit
1203 616 1437 655 Continuat.
1465 616 1707 669 Theophan-

252 682 295 721 p.
327 668 396 721 57.
423 669 469 707 B.
497 684 532 707 1.
565 670 700 708 mvm'a
731 665 865 708 πολλοὶ
895 667 1003 709 κατὰ
1041 667 1086 709 τὸ
1122 668 1326 721 κιβώτιον.
1385 671 1527 725 Neque
1558 674 1711 725 impro-

253 722 387 762 babile
403 755 413 771 ‚
455 724 682 778 Augustas,
710 725 957 778 pupularum
1006 728 1063 777 (ut
1085 733 1144 765 est
1168 725 1407 765 femininum
1433 726 1524 767 leve
1558 728 1711 781 genus)

255 781 467 819 amatrices
483 810 493 830 ‚
523 787 706 819 sanctum
741 780 864 819 talem
887 783 1121 821 comitatum
1144 781 1294 835 ubique
1317 796 1452 821 secum
1479 782 1714 822 circumdu-

255 838 430 874 ctitasse.
488 836 606 875 Nunc
640 843 775 874 tamen
813 838 939 891 magis
982 836 1131 875 inclino
1169 851 1242 885 eo,
1285 845 1328 876 ut
1355 838 1540 889 credam,
1572 839 1713 876 maczo-

255 885 464 940 τρούλλας
498 905 582 930 esse
610 891 750 930 trullas
771 922 780 938 .
805 893 845 930 id
889 900 948 932 est
966 922 977 942 ‚
1010 907 1106 931 vasa
1147 892 1484 944 semicircularia‚
1514 892 1713 947 profunde

258 958 384 995 cava,
415 946 527 985 velut
557 947 715 1000 cymbia
734 977 745 997 ,
771 962 851 986 una
882 962 974 986 cum
998 946 1127 989 situlis
1158 947 1223 986 vel
1248 950 1482 1002 gutturniis.
1541 949 1715 1002 Propius

259 1000 367 1037 enim
391 1001 467 1039 hoc
505 1001 712 1041 lavacrum
744 1005 872 1056 tangit
916 1011 955 1042 et
979 1004 1075 1043 novi
1111 1004 1255 1042 Graeci
1285 1004 1448 1044 situlam
1466 1003 1615 1044 σι’κλαν
1641 1018 1715 1058 ap-

261 1054 429 1108 pellant.

373 1111 417 1148 C.
437 1111 479 1160 4.
505 1110 634 1165 [215‚
669 1111 733 1166 7.]
775 1108 826 1151 τὰ
862 1111 1078 1162 θεμελικὰ.
1136 1115 1194 1152 Μ.
1233 1110 1286 1153 τὰ
1315 1109 1542 1164 θυμελικὰ,
1571 1113 1614 1152 id
1642 1120 1720 1165 est,

261 1165 506 1204 famulitium
549 1181 668 1208 omne
713 1168 976 1221 thymelicum
993 1198 1004 1219 ‚
1055 1168 1270 1209 ludionum
1295 1200 1305 1215 ‚
1360 1168 1688 1209 citharoedorum
1705 1197 1718 1219 ‚

261 1228 474 1259 cantorum
497 1229 575 1260 etc.
611 1237 704 1261 cum
734 1237 806 1262 suo
826 1230 1046 1277 apparatu,
1076 1223 1213 1277 quales
1240 1224 1374 1263 medio
1397 1237 1498 1263 aevo
1526 1224 1720 1264 minine!-

263 1277 322 1317 los
349 1284 388 1315 et
414 1278 663 1316 mimktt‘ellos
689 1278 961 1331 appellabant.

375 1331 420 1369 C.
442 1332 481 1371 5.
504 1331 630 1386 [215‚
670 1333 736 1387 8.]
771 1331 853 1372 ἀπὸ
889 1334 1123 1374 σωθέντων.
1180 1336 1239 1374 Μ.
1274 1332 1612 1384 ἀποσωθέντων,
1638 1347 1722 1374 una

274 1400 397 1436 voce,
423 1387 597 1426 deductis
610 1418 621 1433 ‚
654 1389 852 1428 tradzoetz‘s.
912 1385 1070 1438 Σώζειν
1105 1397 1164 1429 est
1196 1391 1360 1444 proprie
1385 1403 1644 1444 promovere,
1675 1403 1723 1428 ex

265 1456 349 1481 uno
375 1442 464 1481 loco
496 1443 547 1481 ad
571 1442 744 1484 alterum
777 1442 917 1494 σόειν,
948 1445 1100 1495 σοβεῖν.
1162 1446 1265 1484 Hinc
1290 1438 1527 1493 διασώζειν
1546 1474 1559 1496 ,
1584 1445 1723 1484 trudu-

266 1512 375 1544 (τεῖνε,
416 1498 647 1538 comitando
675 1514 748 1552 per
784 1499 960 1553 aliquid,
1001 1499 1180 1553 aliquam
1208 1502 1414 1554 regionem
1452 1500 1625 1547 ducere,
1670 1499 1724 1539 de

266 1567 348 1606 quo
369 1554 494 1592 verbo
524 1554 628 1593 infra
650 1569 723 1593 suo
756 1555 845 1594 loco
878 1555 1064 1607 dicetur3
1099 1551 1364 1609 διασώστης,
1399 1569 1550 1606 comes,
1584 1555 1724 1595 trudu-

266 1619 373 1657 cc0r;
403 1606 638 1657 α’ποσώζειν
655 1641 668 1660 ,
693 1611 897 1650 abducere.

379 1663 486 1703 C.6.
514 1663 641 1728 [215‚
667 1665 724 1719 9.]
755 1661 954 1705 πόὸωσιν.
1011 1666 1102 1706 Non
1139 1668 1233 1706 satis
1272 1665 1480 1720 intelligo,
1536 1665 1636 1720 quid
1675 1666 1727 1705 sit

269 1714 454 1766 πὸὃωσις
482 1733 555 1771 της
578 1719 783 1774 γεφύρας.
815 1721 922 1760 Novi
947 1722 1124 1776 quidem,
1145 1718 1330 1768 πόὸωσις
1354 1736 1439 1761 esse
1466 1724 1582 1761 novis
1600 1721 1733 1760 Grae-

270 1776 328 1814 cis
358 1774 461 1813 idem
493 1783 613 1828 atque
639 1776 758 1822 ποῦς.
813 1777 892 1815 Sed
911 1792 991 1817 non
1013 1777 1156 1825 video,
1189 1777 1287 1829 quid
1304 1778 1355 1816 sit
1383 1791 1455 1832 pes
1473 1778 1628 1832 pontis;
1649 1776 1729 1815 nisi

271 1832 374 1871 forte
399 1831 616 1870 scabellum
644 1832 810 1872 inferius
825 1863 835 1879 ‚
868 1846 939 1885 per
965 1833 1076 1887 quod
1107 1832 1234 1871 humo
1275 1833 1319 1870 in
1351 1839 1516 1885 pontem
1545 1830 1728 1871 ascendi-

272 1895 353 1929 tur.
409 1886 582 1926 Videtur
603 1894 739 1928 tamen
766 1888 866 1926 mihi
893 1881 1027 1943 phtius
1051 1902 1135 1927 esse
1163 1887 1229 1935 id,
1267 1887 1376 1941 quod
1416 1894 1617 1927 nostrates
1647 1886 1733 1925 Ge-

275 1941 415 1981 lender
459 1941 684 1995 appellant,
728 1938 909 1995 οτήθεα,
951 1940 1221 1996 δρυφάκτους
1238 1972 1250 1992 ,
1287 1942 1566 1998 balustradas‚
1615 1947 1730 1995 septa

275 1997 433 2051 lignea,
468 1997 534 2036 vel
573 1997 737 2038 alterius
768 2001 950 2051 generis,
983 2012 1088 2052 quae
1114 1997 1311 2036 ambabus
1343 1998 1477 2051 pontis
1506 1998 1586 2038 oris
1611 2010 1730 2050 prae-

276 2053 499 2091 tenduntur
514 2082 526 2103 ‚
565 2067 615 2092 ne
649 2060 901 2093 transeuntes
931 2056 972 2093 in
994 2067 1141 2107 aquam
1165 2054 1318 2105 possint
1343 2053 1535 2093 incidere.
1592 2051 1731 2091 Latini

97 2110 264 2145 Ed.1,.83
279 2110 428 2161 pariter
449 2108 537 2147 illos
555 2108 751 2148 cancellos
781 2115 852 2147 aut
873 2123 983 2162 sepes
1000 2109 1128 2164 podia
1146 2138 1157 2156 ‚
1184 2108 1504 2163 appodiamenta,
1531 2107 1730 2163 appodia-

279 2165 383 2202 toria
410 2164 690 2219 appellabant,
710 2164 762 2202 ab
789 2165 1062 2219 appodiando,
1092 2163 1133 2202 id
1152 2170 1212 2202 est
1244 2163 1471 2214 fulciendo,
1500 2161 1725 2210 innitendo,

282 2221 375 2271 quia
402 2227 496 2258 sunt
520 2233 582 2258 res
598 2248 610 2269 ‚
643 2219 789 2273 quibus
815 2219 994 2259 effulcire
1013 2233 1054 2259 se
1075 2220 1164 2272 quis
1190 2226 1347 2271 potest3
1382 2220 1464 2262 vid.
1491 2220 1560 2258 Du
1593 2218 1734 2270 Gange

282 2287 322 2311 v.
343 2273 527 2313 Podium.
561 2275 716 2314 Dubito
735 2288 896 2328 quoqne
916 2277 1020 2314 circa
1041 2268 1251 2326 τράπεζαν
1277 2274 1351 2326 τῆς
1371 2271 1574 2328 γεφύρας.
1607 2272 1733 2311 Forte

283 2327 325 2366 id
344 2336 403 2367 est
431 2331 560 2369 media
574 2330 758 2383 planities
779 2332 912 2383 pontis
927 2359 939 2380 ,
962 2331 1003 2368 in
1034 2344 1115 2383 qua
1155 2329 1400 2372 ambulatur.
1454 2330 1574 2368 Certe
1596 2327 1730 2366 Latini

284 2395 404 2423 omne
423 2384 587 2436 planum
610 2393 650 2425 et
680 2386 808 2425 latum
831 2399 1005 2425 mensam
1030 2383 1243 2438 appellant.
1302 2386 1365 2426 Ita
1388 2398 1522 2424 mensa
1547 2389 1606 2422 est
1631 2382 1732 2435 lapis

285 2438 516 2489 sepulcralis
550 2440 852 2480 horizontaliter
882 2448 1144 2480 monumento
1174 2441 1389 2490 instratus3
1418 2453 1460 2478 v.
1495 2439 1561 2476 Du
1598 2437 1733 2490 Gange

286 2505 330 2531 v.
350 2507 496 2532 memet.
552 2495 747 2547 Τράπεζα
775 2497 941 2535 Graecis
981 2509 1142 2550 quoque
1171 2510 1291 2534 omne
1326 2495 1452 2534 latum
1484 2500 1525 2532 et
1565 2491 1734 2545 planum

290 2554 364 2586 est.
423 2549 483 2586 lta
507 2546 715 2602 τράπεζαν
739 2551 943 2606 appellant
970 2553 1113 2591 Graeci
1133 2552 1197 2590 ein
1219 2552 1330 2589 Fach.
1343 2552 1385 2589 in
1415 2551 1542 2587 einem
1559 2548 1735 2586 Bia'chem

292 2602 477 2642 schmnke
493 2634 502 2650 ‚
535 2605 738 2656 pluteum,
770 2622 838 2647 seu
868 2607 1046 2646 tabulam
1072 2606 1244 2660 ligneam
1271 2606 1311 2643 in
1343 2605 1516 2643 armario
1540 2602 1730 2647 librario,

294 2671 414 2710 super
443 2673 522 2710 qua
559 2658 648 2698 libri
686 2670 951 2714 reponuntur.
1008 2663 1073 2701 Sic
1122 2663 1164 2700 in
1202 2659 1392 2713 Catalogo
1417 2659 1571 2697 Graeco
1602 2658 1732 2697 Codd.

293 2714 424 2754 Msstt.
448 2713 551 2752 B1bl.
587 2715 803 2756 vaticanae
833 2718 929 2769 (vid.
968 2716 1190 2756 Montsauc.
1224 2714 1325 2755 Bibl.
1358 2713 1551 2754 Biblioth.
1576 2728 1618 2767 p.
1642 2715 1733 2764 ,1.):
