1832 3126
145 186 223 229 An
260 184 559 229 coNs'rm.
598 181 799 224 Pomm.
836 181 910 222 m:
955 179 1138 222 cmm.
1184 179 1284 220 ua
1324 180 1359 218 1.
1414 159 1519 215 113

63 296 216 343 ρεταινς
243 301 286 326 v.
310 287 536 326 Comment-
562 285 696 323 Patini
716 283 769 322 ad
786 290 869 322 tres
889 283 1168 336 inscriptiones
1187 282 1360 320 Graecas
1377 279 1519 334 Smyr-

70 357 124 382 na
154 340 398 395 advectas?
455 341 670 393 Reperitur
707 352 869 391 quoque
906 338 1104 376 calandra
1140 335 1250 389 apud
1294 335 1429 375 Iacob.
1468 335 1521 375 de

70 397 252 436 Vitriaco
282 399 337 449 (v.
382 397 449 434 Du
474 396 609 448 Gange
642 408 690 433 ea
731 397 862 444 voce):
906 393 1083 431 Maiores
1105 393 1328 444 congregati
1350 399 1439 430 sune
1464 391 1525 430 ad

68 451 304 491 calandrmn
341 450 497 505 templi,
544 449 644 505 quid
668 449 878 500 sacer-ent,
918 448 1188 486 deliberaturi.
1261 446 1323 485 Ea
1357 460 1433 485 vox
1461 453 1523 486 est

73 508 337 555 Germanica,
370 505 575 544 Gelc'inder
594 503 690 543 talia
715 502 835 556 podia
863 502 1048 540 dicimus.
1122 501 1293 554 Insignis
1323 508 1383 540 est
1407 500 1522 540 locus

73 561 265 600 chronici
291 560 516 599 Casinensis
552 559 625 597 ΙΙΙ.
654 559 742 597 33.:
798 558 913 596 Fecit
929 557 1125 595 cancellos
1151 565 1320 611 quatuor
1346 571 1402 595 ex
1428 571 1522 595 aete

73 669 199 710 altare
211 624 416 709 ’id‘g'noeoet
443 670 484 707 vi
509 611 1394 721 vssffiffiesgtqffitzgffipzffiesegfmffimgd
1410 625 1522 719 ([1ξοῐὲ

72 725 263 780 gradibus
292 724 554 776 ascenditur‚]
578 724 724 762 seilicet
746 724 837 761 hinc
854 722 947 761 inde
973 721 1127 776 [dextra
1144 728 1183 760 et
1207 722 1368 760 sinistra
1386 729 1520 760 trans-

71 781 221 821 versim
242 793 316 834 per
335 786 463 818 totam
494 778 746 818 latitudinem
766 776 969 830 ecclesiae]
996 778 1100 816 inter
1117 777 1277 816 chorum
1299 785 1337 814 et
1355 777 1521 828 adytum

26 833 30 836 ’
73 835 135 890 [id
172 842 232 875 est
255 836 359 874 inter
387 834 537 874 soleam
576 840 616 872 et
655 831 837 887 adytum]
878 832 1099 871 statuendos
1178 831 1219 870 T
1213 831 1345 870 rabem
1370 846 1521 887 qnoque

72 890 323 937 nilulominus
351 889 411 944 [id
440 896 500 928 est
526 890 615 942 pari
646 886 783 943 modo]
810 889 981 941 fusilem
1016 903 1071 927 ex
1096 901 1188 926 aere
1220 900 1306 926 cum
1333 888 1522 926 candela-

72 946 155 984 bris
177 958 339 984 munero
362 945 667 1000 quinquaginta,
713 945 756 982 in
786 943 922 998 quibus
949 944 1078 998 utiqtoe
1119 941 1278 981 totidem
1313 944 1419 981 cerei
1443 956 1524 997 per

56 1001 300 1054 festivitates
336 1001 572 1054 praeczpuas
605 1008 846 1054 ponerentur
859 1027 872 1048 ‚
916 998 1166 1052 lampadibus
1194 996 1299 1051 [oleo
1338 996 1520 1052 nutritis]

73 1055 202 1095 subter
226 1056 270 1095 ln
305 1056 437 1094 aeneae
464 1056 572 1093 uncis
601 1068 657 1093 ex
683 1053 821 1092 eadem
852 1054 962 1092 trabe
996 1055 1158 1106 triginta
1188 1061 1227 1091 et
1259 1067 1335 1091 sex
1373 1053 1523 1107 depen-

72 1105 263 1150 dentibus.
330 1109 412 1155 Sub
440 1124 519 1165 qua
549 1109 659 1149 trabe
688 1110 857 1164 quinque
889 1122 1048 1147 munero
1083 1116 1215 1146 teretes
1259 1107 1318 1162 [id
1361 1115 1421 1147 est
1451 1122 1523 1146 ro-

76 1163 264 1219 tundasJ,
302 1164 487 1204 tredecim
513 1178 610 1203 vero
643 1164 858 1220 quadmtas
890 1164 1079 1216 imagines
1111 1163 1227 1217 paris
1248 1177 1450 1201 mensurae
1473 1177 1524 1201 ac

70 1220 261 1276 ponderis
293 1220 461 1274 desuper
490 1220 623 1258 statuit
637 1247 650 1269 ,
688 1219 878 1258 rotundas
906 1233 1000 1257 vero
1027 1232 1159 1257 omnes
1183 1232 1269 1270 arg(
1277 1226 1367 1256 ntea
1395 1219 1523 1257 solum

76 1289 179 1315 urna
212 1274 271 1330 [id
297 1282 356 1314 oet
382 1268 558 1325 ἄμπυκι,
586 1282 781 1313 nostrates
796 1275 973 1312 Riihnaen
996 1272 1150 1326 dicunt]
1179 1272 1425 1311 circumdans
1442 1281 1519 1312 etc.

78 1330 189 1370 Bene
218 1343 311 1369 cum
334 1329 398 1368 his
415 1337 657 1383 congruunt,
685 1343 789 1382 quae
819 1325 1089 1368 de‘collocatis
1113 1342 1234 1381 super
1251 1327 1315 1366 his
1336 1328 1523 1368 cancellis

79 1386 229 1435 cereis,
257 1384 309 1424 de
337 1384 512 1424 adoratis
540 1385 796 1438 imaginibus,
826 1384 877 1423 de
903 1384 1035 1423 tribus
1070 1383 1224 1422 foribus
1252 1385 1390 1432 sacris,
1420 1384 1524 1422 Con-

81 1441 280 1479 stantinus
305 1439 452 1479 Noster
487 1441 637 1492 passim
668 1447 819 1478 narrat.
893 1440 1031 1490 Quum
1063 1440 1172 1477 enim
1202 1437 1399 1477 cancellos
1420 1453 1524 1491 qua-

80 1501 176 1534 tuor
198 1502 383 1533 numeret
408 1494 638 1533 Chronicon
661 1494 872 1533 casinense
885 1524 896 1540 ‚
927 1508 1010 1532 non
1040 1500 1208 1546 possunt
1240 1506 1323 1530 non
1347 1500 1428 1531 tres
1457 1492 1523 1531 fo-

82 1563 146 1588 res
180 1548 318 1588 fuisse.
380 1549 422 1587 T
415 1563 651 1587 ransennam
672 1549 889 1602 appellavit
909 1549 1008 1587 haec
1034 1544 1194 1599 στήθεα
1222 1547 1458 1585 Anastasius
1478 1549 1523 1586 in

84 1604 195 1643 Sixto
224 1602 316 1642 IH.:
342 1604 503 1643 ornavit
515 1612 763 1643 nwmemmm
781 1613 820 1643 et
842 1604 969 1642 altare
988 1611 1027 1641 et
1040 1603 1317 1655 confessionem
1343 1601 1389 1640 S.
1412 1602 1523 1641 Lau-

86 1668 217 1699 ream.

193 1713 248 1752 D.
270 1711 428 1768 4.[17‚
445 1711 510 1768 4.]
566 1710 849 1767 εἷσερχόμενα.
889 1712 966 1752 Hic
981 1711 1088 1751 idem
1106 1718 1165 1751 est
1186 1719 1305 1765 atque
1319 1709 1527 1761 μέλλοντα

83 1765 371 1821 εἴσέρχεσθαι,
399 1769 498 1807 dum
518 1770 561 1807 in
592 1783 640 1808 eo
666 1776 785 1818 sunt,
824 1775 871 1807 ut
899 1769 1051 1807 intrent
1084 1768 1127 1806 in
1163 1767 1383 1806 sacrarium
1397 1796 1408 1813 ‚
1452 1773 1526 1806 aut
1575 1798 1577 1800 .

85 1823 185 1862 dum
212 1823 416 1863 celebrant
442 1825 652 1863 introitum
666 1854 679 1875 ‚
720 1825 913 1863 maiorem
940 1836 1110 1876 nempe,
1139 1822 1360 1861 subsistunt
1385 1823 1428 1859 in
1459 1835 1527 1860 so·-

86 1876 164 1918 lea.
222 1878 435 1918 Caeterum
460 1878 531 1918 illa
559 1893 764 1919 sacrorum
793 1879 991 1918 donorum
1018 1892 1091 1931 per
1118 1876 1325 1916 ecclesiam
1350 1877 1528 1915 circum-

85 1934 253 1986 goetatio
280 1940 320 1972 et
343 1935 557 1973 ostentatio
575 1937 755 1974 manavit
783 1948 829 1973 ex
857 1947 972 1972 more
1001 1940 1185 1972 veterum
1208 1930 1417 1985 gentilium
1437 1938 1528 1970 exta

86 1987 272 2027 manibus
303 1989 634 2042 circumgestandi
649 2019 661 2040 ,
709 1997 749 2029 et
792 1989 1105 2029 sacrificantibus
1143 1994 1213 2026 aut
1252 1986 1447 2033 sacrificio
1470 2000 1529 2025 as-

87 2043 315 2106 sistentibus
339 2045 580 2095 ostentandi,
608 2045 660 2084 de
676 2058 757 2098 quo
770 2045 855 2084 vid.
881 2043 1073 2098 Polyaen.
1103 2057 1146 2096 p.
1178 2041 1272 2093 554.
1306 2041 1369 2080 ed.
1394 2042 1527 2080 Μαθε-

86 2111 169 2138 vic.
197 2112 243 2137 n.
276 2112 290 2136 1
328 2128 339 2137 .

198 2153 252 2191 D.
276 2097 323 2218 ’ᾖ
340 2152 431 2208 [17‚
452 2153 519 2208 6.]
573 2151 681 2205 μετὰ
705 2149 880 2194 τούτων.
937 2152 1072 2192 Novae
1093 2151 1285 2191 Graeciae
1309 2165 1421 2191 more
1445 2164 1524 2204 pro

87 2202 194 2257 μετὰ
224 2220 412 2254 τουτους.
456 2209 589 2249 scatet
616 2210 759 2250 Noster
786 2209 1027 2248 dictionibus
1050 2206 1258 2246 eiusmodi.
1300 2207 1395 2246 vid.
1428 2220 1522 2260 pag.

94 2261 188 2301 106.
213 2261 269 2301 A.
297 2262 468 2314 4.13o.
498 2266 544 2303 B.
588 2279 649 2303 12.

149 2316 272 2356 11.A.
301 2332 337 2356 ι.
358 2317 449 2372 [17,
476 2318 562 2373 11.]
629 2319 689 2365 εἷς
714 2314 790 2371 τὴν
823 2315 1001 2370 α’γιὲπην.
1081 2318 1143 2356 De
1179 2316 1314 2370 agapis
1343 2322 1529 2355 veterum

92 2384 163 2410 seu
187 2374 383 2412 conviviis
421 2375 464 2411 in
494 2375 696 2413 memoriis
732 2381 956 2426 martyrum
970 2404 982 2424 ,
1024 2375 1120 2411 item
1159 2372 1210 2410 de
1248 2373 1530 2409 communione

91 2434 227 2466 saneta
240 2457 253 2478 ,
293 2442 417 2481 agape
458 2443 620 2482 quoque
655 2429 760 2468 dicta
776 2458 788 2478 ‚
831 2429 958 2467 multa
1001 2429 1213 2480 scriptores
1245 2427 1531 2479 antiquitatum

92 2481 460 2522 ecclesiasticarum.
519 2485 661 2538 Agape
692 2498 853 2537 quoque
876 2490 1013 2522 nostro
1043 2489 1103 2521 est
1130 2482 1361 2521 convivium
1384 2483 1529 2520 carita-

91 2536 162 2585 tis,
191 2538 234 2575 in
265 2539 395 2590 specie
425 2537 524 2577 illud
538 2569 550 2588 ‚
580 2539 689 2593 quod
710 2540 931 2592 Imperator
960 2538 1057 2576 feria
1089 2538 1230 2590 quinta
1256 2543 1347 2589 post
1372 2535 1531 2576 Pascha

91 2588 352 2632 Patriamhae
380 2600 420 2632 et
456 2592 609 2634 clericis
647 2596 691 2633 in
717 2592 1045 2647 Chrysotriclinio
1073 2592 1209 2641 dabat;
1265 2591 1350 2631 vid.
1381 2606 1424 2644 p.
1457 2590 1525 2629 55.

97 2650 138 2682 et
153 2645 222 2684 Du
241 2647 375 2702 Gange
401 2662 443 2687 v.
469 2642 640 2702 ’Λγάπη
669 2656 708 2687 et
732 2650 898 2696 Caritas,
929 2662 1003 2686 nec
1030 2661 1112 2685 non
1129 2648 1325 2685 Murator.
1354 2647 1398 2685 in
1415 2646 1532 2685 Ana-

95 2695 207 2739 lectis
246 2701 408 2742 Graecis
435 2718 477 2756 p.
510 2702 604 2755 241.
636 2718 724 2757 sqq.
800 2704 955 2742 Verum
982 2702 1049 2749 hic
1086 2701 1250 2755 quidem
1276 2701 1355 2741 loci
1391 2701 1533 2754 Agape

97 2751 197 2792 nihil
223 2755 333 2796 aliud
359 2765 419 2797 est
443 2773 566 2811 quam
594 2759 776 2798 osculum
804 2760 929 2812 paciS‚
959 2757 1068 2810 quod
1096 2759 1305 2811 episcopus
1332 2756 1428 2804 illis,
1462 2757 1534 2808 qui

155 2829 420 2870 Constantinus
444 2835 624 2881 Porphyr.
634 2836 710 2871 Vol.
734 2837 785 2870 ΙΙ.
1245 2836 1267 2869 8
