1884 3132
330 161 444 227 884
641 177 1098 221 10.1Ac.RE1sx11
1137 177 1519 220 COMMENTARn

327 280 434 335 logia
459 294 607 320 nomen
640 280 779 320 fictum
810 295 886 334 pro
910 279 1206 343 Ποσιοχάοης.
1264 280 1388 334 Apud
1419 281 1611 320 Nostrum
1645 296 1685 336 p.
1713 281 1785 334 43.

328 337 377 375 C.
410 334 450 376 5.
483 344 541 375 est
570 331 1010 387 ὄστιαοοπριιιικῆοιος
1041 350 1113 388 pro
1144 331 1622 388 ὀστιαριοπριμικήριος,
1672 351 1782 389 ειοο-

322 388 460 444 χάοης
480 388 675 442 τάλαυος,
698 392 886 446 quas-illus
902 392 1006 429 lanis
1021 391 1210 443 gaudem,
1231 405 1305 453 pro
1325 390 1552 443 ἐριοχαοεΐ.
1581 392 1667 433 Non
1691 409 1783 436 iaro

327 461 488 500 quoque
526 446 681 485 libr-aiii
723 447 774 485 1-[
801 454 840 484 et
875 445 912 484 l(
937 460 1008 498 pei
1013 453 1194 496 mutant,
1237 446 1350 484 cuius
1397 447 1452 484 rei
1486 448 1710 500 exemplum
1739 453 1780 491 in

325 506 508 555 proximo
539 497 714 554 ἡλιακοῦ
742 502 957 543 habemus
971 501 1042 539 ubi
1071 502 1154 540 vid.
1187 508 1226 540 et
1254 501 1306 539 ad
1334 515 1375 553 p.
1391 501 1485 540 382.
1503 502 1554 540 A.
1569 517 1659 555 pen.
1719 508 1783 547 De

325 558 515 611 magistio
550 527 778 596 libellmum
817 544 1040 620 supplicum
1080 571 1120 595 v.
1163 557 1286 595 Goar.
1311 556 1364 594 ad
1392 555 1533 598 Codin.
1566 572 1610 610 p.
1641 559 1707 598 30.
1734 576 1779 603 n

323 613 397 662 44.
413 621 452 652 et
471 614 538 651 Du
567 613 704 665 Gange
724 627 764 651 ν.
786 609 965 663 Λεήσεις
993 620 1033 650 et
1053 611 1349 675 E'pztendeszon.
1408 612 1464 649 At
1493 626 1618 664 quare
1646 621 1779 657 tamen

325 668 498 720 δρεησογ
478 665 611 720 οάφος
647 676 686 707 et
715 682 795 706 non
824 667 956 720 potius
994 663 1247 718 ὁεησοὸόχος
1274 665 1516 705 dicebatur?
1556 669 1644 722 Ego
1682 685 1779 711 cau-

322 736 410 762 sam
442 737 524 762 non
553 730 714 775 exputo.
745 723 947 761 Audiebat
979 722 1075 760 olim
1105 723 1290 774 magister
1314 722 1596 776 epzstolarzun,
1639 723 1779 779 legati..

323 792 420 818 ones
448 779 682 828 civitatum,
724 778 1037 817 consultationes
1073 784 1112 816 et
1141 792 1275 829 pieces
1313 783 1514 825 tractans,
1555 785 1599 816 ut
1641 788 1699 819 est
1737 784 1779 822 in

323 834 476 873 Notitia
505 835 694 886 impelii,
722 835 819 874 item
846 835 1033 886 magzster
1058 834 1278 871 libellorum
1304 843 1342 872 et
1355 834 1616 898 cognitionum
1643 850 1779 876 sac-ra-

322 903 426 928 ram.
486 889 612 929 Venit
639 889 714 928 hac
752 889 958 928 occasione
985 888 1224 928 decimanda
1253 902 1327 926 vox
1367 884 1471 936 ῥοκᾶ
1519 888 1582 927 vel
1623 889 1776 944 ῥοκκᾶ,

322 944 433 1009 quod
480 944 548 982 Du
587 944 721 997 Gange
750 945 1034 1007 intel-'pietatur
1065 945 1202 998 peti'tzo
1224 973 1235 993 ‚
1270 944 1422 983 libellus
1457 945 1627 997 supplex
1658 948 1777 1000 prin-

321 1001 406 1054 cipi
429 1000 593 1047 oblatus,
626 995 842 1053 ἀναφορὰ,
865 1006 904 1037 et
934 1013 957 1037 a
983 1013 1082 1051 roga
1093 999 1265 1037 de1ivat.
1293 999 1372 1038 Sed
1408 1006 1467 1039 est
1498 1012 1573 1037 vox
1601 1001 1777 1043 Arabica

320 1061 408 1123 3⁸5)
425 1094 463 1159 ,Β
467 1064 688 1157 schedulam
729 1065 759 1103 si
792 1064 976 1110 nfficans.
1021 1079 1074 1103 un
1101 1065 1223 1103 hzllet.

537 1119 756 1174 [.759,1.
823 1115 1013 1171 ἡλιακοῦ.
1083 1120 1131 1158 111
1170 1119 1411 1159 membranis
1460 1126 1499 1159 et
1543 1123 1775 1176 apographo

320 1193 408 1226 erat
437 1171 548 1232 Κλιξ
591 1193 631 1224 et
667 1185 787 1238 paulo
827 1191 916 1238 post
965 1185 1135 1224 κλιακοῦ
1172 1187 1333 1239 integris
1361 1185 1529 1236 litteus,
1566 1188 1618 1226 ad
1680 1204 1774 1229 uem

320 1243 577 1295 posteiioi·em
616 1241 750 1280 locum
789 1239 841 1279 cl.
874 1239 1021 1280 Leiche
1060 1242 1100 1279 in
1134 1256 1313 1294 maigine
1339 1241 1537 1294 adscripto
1564 1257 1618 1281 an
1650 1247 1774 1296 qlia-

319 1298 425 1336 2017?
457 1303 611 1335 nectum
638 1295 744 1335 feriit
782 1302 822 1335 et
853 1296 1044 1349 sagaciter
1075 1297 1326 1335 coniectavit.
1386 1296 1511 1350 Saepe
1533 1300 1639 1336 enim
1668 1299 1717 1338 H
1734 1307 1775 1339 et

320 1352 367 1392 K
379 1353 600 1406 peimutaii
620 1365 642 1389 a
663 1351 789 1390 librar
792 1352 853 1398 iis,
872 1351 992 1390 modo
1013 1351 1096 1390 dixi
1126 1360 1165 1392 et
1186 1351 1266 1390 alio
1285 1351 1463 1405 exemplo
1483 1352 1769 1394 demonstravi.

433 1407 479 1449 C.
500 1409 541 1448 5.
568 1406 687 1461 [759‚
716 1405 800 1470 14]
832 1403 1121 1458 α’λὶαξήματα.
1176 1408 1421 1456 ‚Mummi-za,
1469 1407 1508 1445 id
1540 1416 1598 1446 est
1628 1410 1768 1458 viros,

320 1462 468 1516 quibus
511 1476 744 1515 eonipareie
784 1463 825 1500 in
870 1463 1094 1501 mutatmiis
1135 1462 1240 1501 licen
1301 1463 1365 1500 Sic
1405 1462 1524 1500 hodie
1565 1465 1775 1519 clzapeazcx

321 1517 568 1572 appellamus
606 1532 764 1568 males,
816 1531 992 1570 quorum
1028 1520 1238 1571 plmoptium
1282 1524 1483 1577 gestamen
1521 1526 1614 1557 sunt
1649 1519 1768 1572 pilei,

319 1575 494 1628 elzapeau
536 1587 656 1625 rouge
703 1587 778 1637 pro
819 1572 1024 1611 cardinali.
1106 1575 1165 1612 Ita
1208 1587 1367 1626 qnoque
1405 1574 1523 1611 Anna
1563 1574 1772 1615 Comnena

321 1628 435 1669 Alex.
463 1643 505 1681 p.
539 1629 632 1678 401.
676 1641 782 1677 μετα
816 1624 891 1665 δυο
919 1623 1151 1678 χὶαμῦὁων
1180 1628 1303 1674 dixit,
1353 1628 1462 1680 quod
1490 1642 1535 1667 ex
1575 1633 1771 1670 sententia

322 1691 362 1722 et
398 1686 724 1736 inteipletatione
753 1683 819 1721 Du
851 1683 994 1736 Cangii
1031 1683 1081 1721 ad
1112 1682 1286 1721 loinvill.
1326 1697 1369 1735 p.
1398 1683 1488 1732 140.
1550 1683 1657 1722 idem
1696 1700 1771 1725 va·-

319 1738 377 1778 let
405 1746 525 1792 atque
560 1754 656 1777 avec
684 1739 793 1777 deux
830 1747 943 1776 cottes
982 1738 1025 1776 d'
1025 1752 1156 1776 armes
1173 1768 1183 1786 ‚
1225 1753 1246 1776 c
1250 1738 1315 1776 'est
1341 1740 1367 1775 ὰ
1398 1738 1486 1776 dire
1524 1752 1621 1777 avec
1649 1740 1770 1784 ‚deux

320 1795 572 1843 chevalier-35
601 1795 694 1847 quia
723 1807 840 1831 nemo
863 1800 949 1831 tum
984 1795 1176 1846 temporis
1204 1795 1266 1831 ius
1295 1793 1468 1831 habebat
1505 1801 1664 1846 praeter
1689 1798 1770 1834 mi-

319 1849 430 1898 lites,
467 1850 509 1888 id
552 1857 610 1888 est
645 1851 826 1902 equites,
872 1848 1015 1887 loricas
1053 1848 1246 1901 gestandi.
1308 1849 1369 1886 lta
1421 1858 1529 1886 scuta
1573 1863 1646 1902 pro
1670 1852 1769 1890 viris

317 1907 492 1943 scutatis.
547 1905 743 1943 Domnizo
773 1904 811 1941 in
848 1906 931 1942 vita
955 1903 1180 1942 Mathildis:
1238 1905 1341 1942 eoeiic
1369 1918 1390 1941 e
1419 1904 1537 1942 Lucis
1552 1918 1637 1943 cum
1655 1907 1773 1960 quin-

316 1962 441 2012 gentis
467 1974 618 2015 quoque
644 1961 771 1998 scutis.
836 1960 1073 1998 Testimonia
1106 1973 1180 2011 pro
1207 1967 1314 1998 testes
1343 1961 1394 2009 (v.
1426 1960 1493 1997 Du
1526 1959 1659 2012 Gange
1695 1961 1764 2000 Gl.

321 2016 409 2058 Lat.
454 2029 496 2053 v.
550 2016 816 2061 Aclln’amioe,
877 2028 978 2067 quae
1030 2021 1089 2052 est
1122 2028 1198 2052 vox
1245 2015 1507 2064 Germanica,
1541 2029 1766 2065 ant-amen,-

320 2084 359 2109 ν.
389 2069 547 2109 Frisch.
579 2071 673 2110 Lex.
697 2071 833 2108 Geim.
863 2083 900 2110 v.
931 2071 1079 2108 Ramen
1095 2069 1121 2118 ⁷)
1177 2070 1358 2108 barbatae
1399 2082 1474 2122 pro
1501 2070 1597 2108 viris
1614 2069 1766 2109 barbu-

320 2137 414 2175 tatis
451 2150 519 2175 seu
563 2136 741 2189 galeatis.
799 2136 902 2174 Nam
930 2125 1000 2192 lm,
991 2144 1048 2184 a),
1092 2136 1245 2183 bar-bac,
1283 2135 1407 2183 (unde
1445 2136 1652 2184 barbiton,
1699 2137 1766 2174 in-

320 2199 587 2230 st1u1nentun1
615 2193 826 2236 musicum
869 2198 907 2229 et
931 2170 1108 2241 barbula,
1138 2193 1277 2237 navis,
1318 2191 1487 2241 φαῦλος,
1510 2198 1549 2229 et
1585 2191 1763 2243 barbata,

319 2246 445 2299 galea)
483 2261 601 2285 omne
638 2249 906 2285 ventiicosum
945 2252 1082 2295 notat,
1131 2246 1181 2284 ad
1227 2245 1514 2284 rotunditatem
1557 2245 1762 2286 accedens.

320 2302 470 2340 Charta
499 2309 612 2340 vetus
641 2302 749 2354 apud
784 2303 847 2339 Du
862 2302 1058 2354 Cangium
1099 2300 1163 2340 Gl.
1195 2302 1244 2340 L.
1276 2300 1318 2339 h.
1348 2314 1389 2339 v.
1407 2301 1588 2339 :habere
1614 2309 1769 2340 tenetur·

318 2358 397 2395 suis
420 2371 602 2411 eoepenszs
624 2366 773 2395 lantum
803 2357 874 2394 bat
875 2357 981 2394 butas
1007 2365 1214 2395 tercentum
1235 2386 1247 2406 ‚
1287 2355 1365 2394 hoc
1399 2362 1458 2394 est
1490 2355 1634 2394 milites
1667 2355 1763 2394 bar-

319 2410 427 2450 butis
455 2419 657 2461 armatos,
695 2419 740 2450 ut
775 2412 842 2449 Du
873 2412 1008 2464 Cange
1047 2411 1194 2450 ibidem
1230 2417 1314 2460 alt,
1345 2411 1413 2463 qui
1459 2418 1498 2449 et
1522 2410 1627 2449 conf.
1653 2410 1694 2447 in
1721 2425 1763 2450 v.

319 2467 456 2506 Fusus.
513 2467 578 2505 Sic
609 2466 863 2519 appellabant
887 2480 1022 2505 sexum
1051 2467 1340 2516 foemininum,
1367 2472 1411 2503 ut
1436 2465 1473 2502 in
1495 2467 1581 2504 eius
1601 2466 1762 2527 opposi-

318 2522 427 2560 tione
448 2522 626 2560 lanceam
649 2536 783 2560 sexum
832 2521 1275 2560 viiilem.Hered1!as
1309 2521 1517 2571 adfizsum
1538 2521 1707 2558 transire
1733 2534 1763 2558 a

314 2586 434 2627 parte
463 2578 647 2626 lanceae,
677 2576 839 2630 quando
867 2576 917 2614 ad
943 2575 1041 2615 filias
1069 2591 1166 2629 perv
1156 2575 1358 2624 enichat3
1387 2583 1549 2625 agnatus
1577 2583 1763 2628 exparte

316 2631 449 2681 gladii
477 2646 546 2669 seu
573 2607 678 2680 viri,
725 2639 763 2670 et
782 2641 945 2683 agnatus
967 2646 1021 2670 ea:
1043 2640 1159 2694 parte
1175 2632 1271 2683 ficsz
1311 2644 1380 2668 seu
1414 2629 1608 2667 foeminae
1630 2636 1689 2667 est
1716 2630 1759 2668 in

319 2684 481 2736 speculo
515 2687 723 2725 Saxonico.
785 2661 957 2737 Θώρακι
1002 2681 1218 2724 πυκτεύειν
1262 2685 1451 2724 adversus
1491 2681 1756 2736 θωρακίτην,

315 2739 523 2792 loricaauaez
549 2741 719 2793 luctari,
751 2739 873 2780 habet
912 2741 1156 2782 Aitemidor.
1190 2754 1234 2793 p.
1264 2753 1351 2781 121.
1378 2752 1465 2791 cap.
1491 2738 1556 2777 33.
1586 2737 1654 2778 lin.
1690 2738 1757 2800 15.

1876 2593 1884 2655 1

1878 2657 1884 2759 l

1874 2815 1884 2884 l

1875 2890 1884 2936 l

1872 2946 1884 2997 l

1872 2999 1884 3070 ἒ

1865 3070 1884 3132 1
