1884 3132
291 115 367 159 AD
419 116 760 159 Arpmmem
800 118 898 157 Lm.
938 119 971 157 1.
1012 118 1084 156 m:
1122 110 1383 157 cEmMoN.
1486 96 1593 172 517

143 234 263 260 mone
305 219 458 273 τζέργα
497 219 727 274 appellant,
770 235 854 261 esse
884 234 1055 272 parvum
1093 220 1310 258 tentorium
1350 220 1591 260 coriaceum.

144 275 408 316 Ahumasaris
447 275 559 314 locus
603 276 721 329 (apud
760 277 829 314 Du
861 276 996 328 Cange
1033 289 1072 315 v.
1108 273 1277 327 Τζέργη)
1305 274 1370 313 hic
1397 282 1478 314 est.
1492 274 1593 315 τῶν

135 327 405 370 ἐνοικούντων
435 329 494 376 εἰς
521 343 602 376 τας
629 329 803 382 τζέργας
834 343 903 368 και
932 324 1150 380 χαρκάδας
1169 329 1252 368 τῶν
1277 342 1322 368 τε
1357 327 1592 382 Ταρτάρων

137 409 209 434 και
254 393 465 447 Τούρκων.
534 396 622 434 Vox
654 395 837 443 Chorene,
878 395 942 434 vel
984 395 1162 433 Chorcalz
1193 384 1300 428 ῧδ>
1355 395 1461 434 unde
1514 411 1590 435 no-

139 456 270 488 strum
298 450 460 500 Hor-de,
485 452 578 503 pagi
605 449 772 490 mobiles
818 457 858 489 et
886 449 1084 488 nomadici
1113 450 1355 488 Tatarorum
1376 479 1387 498 ‚
1417 453 1591 491 tentoria

142 503 274 554 lanea,
304 505 452 544 filtrina
480 512 551 543 aut
577 504 730 558 pellita,
759 505 857 544 mihi
896 505 1051 557 saepius
1089 504 1196 556 apud
1238 504 1589 559 Abulpharagium

140 566 181 598 et
206 559 305 598 alios
342 559 459 602 lecta.
526 560 679 598 Verum
722 559 872 611 τζέργα
914 573 1112 612 nusquam
1141 559 1239 597 alias
1268 559 1359 612 legi.
1414 561 1587 600 Videtur

139 614 241 653 mihi
270 613 349 654 tale
377 621 512 667 tzerga
556 614 779 653 describere
807 614 909 653 liber
937 615 1223 664 Germanicus,
1250 614 1326 652 das
1355 617 1585 655 ver-iinderte

138 669 338 708 Rmsland
357 669 502 720 dictus,
525 683 564 722 p.
592 668 682 709 158.
710 669 773 708 his
803 670 961 708 verbis:
1000 669 1100 719 „Sie
1135 668 1221 722 [die
1248 669 1453 708 Kossaken
1486 671 1586 711 oder

139 722 312 777 Tatern]
348 724 473 762 haben
523 725 609 762 eine
654 723 734 763 Arc
763 724 913 762 Hiitten
941 739 1019 763 von
1041 724 1190 771 Leder,
1229 723 1296 762 die
1328 726 1451 763 einem
1471 726 1584 776 Reif-

130 777 315 822 semvkke
348 779 507 817 iilmliclz
539 780 653 817 selzen
672 807 685 827 ,
720 779 804 818 und
841 779 1011 817 Knbiten
1036 788 1181 830 genunt
1224 779 1403 818 werden.
1461 780 1583 820 Diese

130 833 280 872 stellten
306 834 363 872 sie
392 835 465 872 mit
490 833 661 886 Stangen
684 833 792 885 aqff,
823 836 998 873 machten
1022 835 1151 872 Feuer
1170 833 1254 872 und
1287 834 1413 872 Essen
1437 835 1582 874 darin-

128 901 204 930 nen
221 917 232 936 ,
261 887 344 926 und
360 887 555 942 stopfflen,
590 889 778 927 nachdem
805 889 878 927 das
893 889 1024 927 Feuer
1058 889 1342 941 ausgebrandt,
1381 890 1475 928 oben
1506 890 1582 929 das

130 942 239 982 Loclz
275 957 322 981 zu
333 971 347 991 ,
395 943 479 981 und
502 946 699 982 wc'irmten
733 945 813 982 sicli
847 945 930 995 cuff
965 945 1091 982 solclze
1130 943 1270 982 [Vezke
1299 944 1368 982 des
1397 944 1581 983 Nachts.”

128 996 323 1051 Agnoscis
337 1010 468 1036 mores
496 1004 535 1037 et
561 1005 740 1050 posteros
753 998 1020 1051 Scytharum,
1050 999 1101 1037 de
1128 1013 1302 1051 quorum
1328 998 1472 1037 balneo
1502 1002 1580 1039 sic-

129 1065 179 1091 co
217 1066 287 1091 seu
328 1053 485 1106 vaporis
524 1053 754 1092 Herodotus
795 1053 959 1107 1V.75.
1000 1055 1096 1092 scite
1124 1061 1288 1103 narrat,
1333 1068 1483 1107 negans
1512 1069 1580 1094 eos

130 1105 277 1146 balneo
297 1105 464 1146 humido
478 1102 851 1159 ιιῐὶ;ὖποδύνουσι,
871 1111 941 1155 ait,
958 1104 1040 1146 ὑπὸ
1056 1121 1154 1154 τους
1166 1107 1327 1172 mlove,
1358 1109 1581 1162 subrepunt

129 1161 207 1201 sub
233 1163 407 1201 tentoria
451 1176 523 1201 sua
548 1162 729 1211 filtrina,
760 1170 799 1202 et
824 1164 968 1202 iniecto
997 1165 1039 1201 in
1067 1163 1280 1202 candentes
1307 1165 1391 1216 igni
1422 1164 1576 1216 lapides

126 1218 277 1256 semine
299 1216 518 1267 cannabis,
548 1214 747 1268 αγάμενοι
778 1217 830 1271 τῇ
856 1215 984 1272 πυρίῃ
1015 1218 1263 1269 πυριῶνται,
1290 1226 1403 1271 grato
1431 1219 1576 1259 balneo

126 1285 325 1334 vaporoso
364 1286 406 1311 se
428 1271 618 1311 balneant
652 1279 723 1310 aut
766 1258 858 1311 fo'co
887 1287 970 1311 sese
1009 1272 1244 1311 calefaciunt
1264 1303 1276 1322 ‚
1323 1271 1443 1312 τοῦτο’
1471 1287 1575 1326 σφιν

128 1319 226 1366 ἇντί
248 1326 433 1378 λουτροῦ
467 1325 591 1365 ἐστιν.
651 1324 795 1366 Nullus
822 1327 979 1378 dubito,
1017 1335 1198 1366 nostrum
1232 1325 1304 1366 17‘
1260 1341 1383 1379 εογα
1411 1342 1575 1380 prorsus

127 1380 236 1420 idem
264 1395 371 1430 esset,
399 1381 615 1419 tentorium
642 1395 786 1434 nempe
804 1383 1045 1430 coriaceum,
1076 1382 1226 1435 figurae
1254 1384 1440 1432 conicae,
1470 1397 1574 1421 cam-

124 1449 251 1488 panae
294 1437 445 1485 instar,
486 1435 638 1474 habens
665 1437 707 1474 in
736 1450 893 1475 summo
921 1437 1160 1486 fenestram,
1190 1450 1294 1489 quae
1320 1436 1476 1475 lumum
1505 1452 1573 1475 ar-

127 1490 258 1530 dentis
286 1490 361 1528 foci
400 1490 669 1538 transmittat,
717 1489 905 1544 lignoque
933 1491 972 1529 in
1000 1491 1194 1529 carbones
1231 1498 1385 1529 mutato
1413 1491 1572 1530 occlusa

127 1545 233 1584 intra
259 1545 420 1584 tentorii
448 1544 644 1583 ambitum
674 1545 846 1585 calorem
871 1548 1084 1588 contineat
1141 1546 1177 1584 E
1207 1545 1295 1583 loco
1326 1553 1431 1584 certe
1462 1546 1571 1584 Abu-

125 1601 291 1639 masaris
333 1599 502 1653 allegato
532 1600 692 1638 videtur
719 1600 851 1654 colligi
879 1615 1017 1654 posse,
1067 1599 1217 1663 τζέργα
1257 1601 1475 1638 tentorium
1500 1609 1571 1640 aut

124 1654 282 1708 mapale
308 1668 411 1693 esse.
462 1655 568 1704 Quia
596 1662 732 1694 tamen
767 1656 878 1694 addit
903 1663 1058 1704 noster,
1084 1650 1189 1705 μετὰ
1209 1655 1446 1707 κινστέρνης
1469 1654 1571 1707 δερ-

124 1709 320 1761 ματίνης,
349 1709 592 1748 credendum
618 1709 699 1748 tale
725 1709 879 1763 mapale
904 1724 984 1749 non
1014 1710 1117 1748 sicco
1143 1709 1450 1759 tantummodo,
1498 1710 1568 1748 sed

125 1766 247 1803 etiam
284 1763 451 1802 humido
493 1764 638 1803 balneo
678 1779 913 1804 1nse1vnsse
981 1765 1085 1803 Nam
1114 1766 1282 1803 cisterna
1317 1763 1385 1802 illa
1413 1772 1568 1803 scortea

129 1826 215 1857 erat
241 1818 363 1868 idem,
404 1819 512 1871 quod
540 1819 723 1858 solium·
713 1835 754 1859 m
773 1821 938 1859 thermis
959 1850 971 1872 ,
1014 1833 1117 1872 aqua
1147 1819 1274 1858 calida
1301 1818 1493 1872 plenum,
1524 1819 1567 1857 in

127 1887 208 1926 quo
233 1872 410 1912 lavantes
436 1875 706 1917 considebant

234 1928 282 1965 Β.
311 1941 347 1966 1.
374 1927 489 1979 [466,
510 1927 570 1982 5.]
601 1925 683 1967 ἀπὸ
711 1925 908 1979 ἅδημιόυ.
968 1927 1303 1982 Quandoquidem
1329 1935 1437 1966 certo
1465 1928 1565 1966 scie-

122 1981 215 2020 bam
235 1982 426 2020 adimium
441 1983 548 2022 idem
564 1998 663 2034 esse,
681 1983 789 2036 quod
816 1983 931 2022 nobis
943 1984 1063 2023 hodie
1090 1982 1362 2024 cordobanum
1389 1981 1567 2035 appella-

121 2043 215 2084 tur,
248 2043 286 2074 et
314 2044 518 2088 praeterea
544 2039 643 2077 mihi
671 2038 1203 2091 persuaseiam,vete1ibus
1230 2037 1449 2075 celebratas
1476 2036 1564 2089 pel-

119 2089 178 2130 les
216 2090 357 2130 rubras
396 2092 629 2132 Armenicas
647 2101 717 2132 aut
762 2093 970 2132 Parthicas
997 2094 1155 2132 easdem
1197 2106 1290 2130 cum
1317 2091 1561 2130 cordubanis

121 2170 230 2203 esse,
261 2155 352 2194 dedi
384 2157 502 2220 quod·
519 2159 560 2196 in
589 2159 742 2197 Latinis
769 2160 884 2197 iacet.
942 2159 1059 2198 Notat
1088 2151 1152 2212 ρὸῗ
1181 2159 1222 2195 in
1245 2171 1389 2210 genere
1416 2155 1563 2208 pellem

122 2225 309 2260 omnem,
340 2211 379 2248 in
400 2213 528 2263 specie
558 2220 689 2251 tamen
716 2213 895 2251 mbram.
924 2220 1027 2256 ’.Ξ-πὺξ
1050 2213 1243 2252 Hebraeis
1266 2225 1425 2263 quoque
1449 2211 1563 2248 rube-

123 2281 169 2304 re
194 2272 324 2304 notat.
386 2266 565 2318 Apparet
592 2281 637 2305 ex
676 2266 764 2306 loco
792 2268 1008 2314 Meidanfi,
1058 2267 1128 2305 ubi
1156 2280 1324 2304 nariaus
1355 2265 1564 2303 historiam

126 2320 164 2359 N
169 2334 271 2358 ezan
299 2333 394 2372 opes
421 2334 512 2359 suas
538 2322 642 2359 inter
669 2321 770 2360 filios
796 2321 1099 2369 distribuentis,
1130 2323 1185 2359 sic
1214 2334 1306 2358 eum
1336 2319 1564 2371 loquentem

130 2382 284 2424 inducit
331 2376 408 2420 ⁴⁴02
442 2371 541 2436 lag
572 2376 669 2431 ’δίρὸᾸῖ
703 2385 793 2418 ⁶0⁴9
836 2388 931 2425 haec
993 2387 1169 2434 alc-ova,
1203 2398 1272 2423 seu
1329 2384 1531 2421 tentorium
1549 2412 1562 2433 ,

119 2440 281 2479 rubrum
301 2442 353 2479 sit
365 2439 550 2487 Μοιῖανὶ,
587 2442 651 2479 cui
680 2440 795 2478 addit
824 2442 1105 2492 grammaticus
1134 2438 1404 2490 explicationis
1430 2438 1560 2490 gratia

118 2497 205 2544 ‘033
239 2519 295 2551 υ·
326 2494 456 2553 zzz-33>
482 2515 568 2543 erat
590 2514 717 2543 autem
744 2503 848 2542 zllud
869 2504 919 2542 de
946 2503 1084 2550 Adzssm
1115 2503 1156 2540 id
1185 2509 1243 2541 est
1271 2503 1380 2541 corio
1423 2502 1564 2541 rubro.

125 2558 363 2598 Laudabant
386 2561 556 2598 Romani
585 2559 706 2612 pelles
733 2558 911 2597 Perszcas
938 2565 978 2596 et
1006 2557 1213 2596 Parthicas
1241 2564 1279 2595 et
1310 2557 1560 2603 Armenia-as,

121 2625 222 2651 aevo
249 2614 379 2653 medio
405 2615 665 2662 hermelinas,
698 2627 795 2667 quas
819 2626 915 2650 cave
942 2626 1034 2651 cum
1063 2611 1293 2650 hermelinis
1338 2613 1483 2650 nostris
1510 2587 1562 2650 ad

123 2668 351 2721 exemplum
393 2670 460 2708 Du
490 2669 630 2723 Gangii
668 2668 720 2707 ad
763 2666 936 2707 loinvill.
978 2682 1019 2721 p
1049 2667 1138 2706 131.
1178 2666 1427 2716 confundas,
1473 2673 1561 2706 toto
