1826 3126
222 194 295 236 An
336 190 635 236 CONSTANT.
674 189 874 232 rouen.
908 189 980 230 m:
1022 187 1202 231 celum.
1241 189 1339 229 Lm.
1380 188 1414 228 1.
1455 166 1526 235 41

91 295 389 337 Confessoribus
404 325 416 347 ‚
453 302 493 334 et
520 292 867 346 EleemosynariiS.
925 291 1085 348 Horum
1112 289 1291 345 plerique
1309 288 1531 345 deprehen-

92 353 247 392 duntur
269 353 390 391 etiam
417 357 538 390 noctu
557 349 705 402 diuque
721 350 764 386 in
790 346 938 400 palatio
968 347 1132 386 CPtano
1154 347 1358 386 mansisse.
1414 345 1532 384 Certe

90 407 150 447 de'
160 408 387 446 Koetonitis
402 436 414 457 ,
447 419 518 444 seu
535 404 588 443 ad
605 404 812 442 Camaram
833 401 898 440 vel
916 401 1205 441 thesaurariam
1222 400 1529 455 pertinentibus,

89 469 130 502 et
151 462 202 501 de
238 461 400 500 Clericis
431 459 637 514 palatinis,
672 472 740 496 seu
771 455 993 509 Capelianis
1025 464 1196 496 constat.
1256 458 1319 496 De
1336 455 1530 506 Sacellio,

90 531 160 557 seu
195 518 238 556 ni
271 515 412 565 fallor,
464 513 774 567 eleemosynario
811 525 894 550 non
930 511 1128 551 dubitem.
1185 512 1374 565 Magister
1398 519 1532 551 tamen

90 586 295 611 sacrorum
316 569 536 611 officiorum
550 599 562 620 ‚
590 567 666 608 seu¹
677 568 807 607 Maior
831 566 1001 619 domus,
1038 574 1148 606 extra
1175 566 1369 620 palatium
1394 580 1532 606 mane-

89 627 161 667 bat
185 641 255 666 seu
269 651 272 654 >
286 624 562 679 pernoctabat.

203 680 246 734 4.
273 681 329 720 D.
362 693 403 719 2.
438 679 501 734 [6‚
522 678 612 733 am]
660 677 919 732 εἰσέρχονται
958 675 1033 716 καί
1064 675 1330 727 καθέζονται.
1377 675 1532 731 Copula

90 735 199 791 deest
228 735 486 775 membranis.
1528 772 1530 775 ,

136 795 138 797 ’
199 791 308 830 Ibid.
338 789 402 845 [6,
423 788 512 844 23]
567 788 813 838 καθέζονται
840 787 886 829 ἔν
914 787 973 842 τῷ
998 784 1129 843 βήλῳ.
1183 786 1273 827 Vox
1299 786 1431 840 βῆλον
1458 788 1533 828 tri-

88 844 182 900 plici
200 847 362 886 notione
379 845 524 900 gaudet
539 845 647 898 apud
664 846 836 884 Graecos
858 844 1096 884 recentiores
1112 873 1125 895 ,
1163 850 1203 882 et
1234 843 1276 883 in
1302 842 1381 882 hoc
1396 851 1534 883 nostro

91 901 242 942 codice.
299 901 482 941 Primum
510 900 614 940 idem
632 907 745 939 notat
765 907 885 953 atque
902 898 1072 938 latinum
1099 899 1252 947 veliam,
1285 898 1538 951 παραπέτα-

90 970 181 1008 σμα
198 986 211 1009 ,
257 955 367 1011 quod
401 956 673 1010 praetenditur
705 955 859 995 foribus
897 953 1099 994 aulaeum.
1157 955 1197 1004 2)
1232 953 1357 993 Fores
1386 953 1535 1007 quibus

90 1011 227 1051 velum
252 1011 526 1066 praetenditur
555 1018 596 1050 et
627 1011 837 1065 appendet.
896 1010 934 1061 ὅ)
965 1010 1117 1065 Corpus
1134 1007 1298 1063 aliquod
1322 1023 1536 1062 procerum

89 1065 156 1106 vel
175 1065 387 1121 collegium
403 1097 416 1118 ‚
452 1066 560 1121 quod
578 1081 649 1120 per
665 1065 755 1106 vela
779 1064 936 1106 sublata
955 1072 994 1105 et
1021 1065 1126 1105 fores
1152 1063 1309 1118 patulas
1334 1065 1536 1104 intromit-

89 1122 205 1162 titur.
261 1122 443 1162 secunda
460 1122 691 1175 significatio
709 1121 775 1160 hic
790 1121 958 1160 obtinet.
1011 1120 1109 1160 Vid.
1130 1120 1181 1159 ad
1198 1134 1286 1174 pag.
1310 1134 1400 1175 107.
1418 1119 1475 1160 D.
1496 1121 1538 1164 3.

89 1177 154 1216 De
174 1175 273 1218 velis
299 1177 537 1217 iudiciorum
554 1178 639 1216 vid.
656 1176 792 1216 Vales.
809 1177 860 1216 ad
879 1176 1084 1215 Ammian.
1103 1176 1231 1215 Marc.
1250 1190 1291 1228 p.
1313 1176 1409 1215 203.

90 1231 225 1287 Gange
242 1231 373 1272 Gloss.
391 1231 464 1272 lat.
482 1247 525 1273 v.
547 1233 595 1272 V
587 1234 705 1272 elcan.
761 1231 875 1287 *[Ad
891 1233 1064 1286 primum
1081 1237 1120 1270 et
1137 1231 1356 1270 secundum
1373 1228 1510 1270 velum
1521 1261 1536 1284 ,

88 1287 133 1327 id
163 1294 223 1327 est
253 1288 304 1329 ad
329 1289 475 1342 primas
501 1295 541 1328 et
566 1287 760 1328 secundas
788 1287 909 1327 fores.
939 1287 1024 1327 vid.
1043 1285 1238 1326 Alteserr.
1273 1286 1325 1325 ad
1346 1285 1535 1327 Anastas.

92 1356 136 1396 p.
158 1342 245 1395 54„
274 1343 324 1383 de
346 1344 544 1383 dictione:
582 1352 694 1384 orent
708 1343 767 1382 ad
780 1344 956 1399 primum
969 1371 982 1392 ,
1012 1341 1285 1382 adsecundum
1299 1342 1432 1381 velum
1447 1341 1535 1382 vid.

91 1397 285 1438 Giornale
300 1398 364 1438 dei
384 1399 576 1438 Letterati
603 1400 761 1438 XXIII.
789 1397 930 1452 533.]*

199 1453 309 1493 Ibid.
323 1453 387 1508 [6,
405 1454 496 1508 23.]
512 1453 587 1494 τοῦ
598 1453 796 1495 πανθέου.
806 1453 1035 1493 Pantheum
1046 1452 1207 1493 videtur
1222 1459 1293 1492 aut
1310 1450 1534 1492 triclinium

90 1507 136 1548 in
150 1508 298 1548 vicinia
313 1508 615 1562 Chrysotriclini
633 1510 768 1560 fuisse,
798 1516 869 1548 aut
889 1509 972 1548 eius
989 1523 1097 1562 pam,
1129 1516 1168 1548 et
1185 1523 1331 1548 nomen
1349 1507 1536 1547 habuisse

89 1569 162 1601 aut
187 1577 212 1602 a
228 1562 486 1603 multitudine
516 1565 733 1617 imaginum
759 1578 832 1617 pro
849 1564 968 1603 sacris
986 1564 1216 1602 habitarum
1243 1570 1283 1602 et
1309 1562 1364 1601 ihi
1381 1570 1534 1614 specta-

77 1618 178 1656 'tum
196 1625 315 1672 atque
331 1626 566 1658 veneratum
583 1620 848 1671 expositarum
865 1648 877 1669 ‚
913 1626 983 1657 aut
1001 1633 1046 1657 ex
1073 1632 1120 1657 eo
1136 1648 1148 1669 ,
1183 1618 1291 1671 quod
1312 1618 1360 1656 B.
1376 1618 1536 1671 Virgini

89 1677 131 1711 et
147 1673 394 1727 Martyribus
424 1681 544 1727 atque
571 1674 715 1713 sanctis
741 1673 930 1712 omnibus
960 1674 1187 1713 dedicatum
1205 1680 1304 1712 esset
1333 1672 1385 1711 ad
1400 1687 1532 1712 exem-

90 1725 203 1781 plum
221 1728 392 1768 Panthei
408 1729 603 1779 Romani,
636 1729 745 1784 quod
771 1727 848 1767 illis
867 1729 958 1782 ipsis
974 1728 1220 1781 temporibus
1237 1742 1380 1781 magna
1410 1729 1453 1767 in
1471 1727 1533 1767 fa-

90 1796 157 1821 ma
178 1790 279 1823 erat.
334 1783 567 1824 Anastasius
597 1785 640 1824 in
668 1784 871 1824 Bonifacio
896 1783 970 1822 IV.
986 1799 998 1823 ε
1056 1783 1210 1822 Eodem
1236 1792 1405 1838 tempore
1418 1785 1538 1838 petiit

90 1851 120 1876 a
151 1839 288 1878 Phoca
319 1840 502 1895 principe
526 1841 710 1895 templum
734 1839 843 1895 quod
869 1840 1095 1894 appellatur
1114 1839 1342 1887 Pantheon,
1387 1839 1430 1877 in
1413 1852 1533 1931 Inque

74 1892 183 1944 ficit
207 1893 426 1933 Ecclesiam
453 1895 500 1934 S.
537 1896 696 1934 Mariae
722 1909 875 1950 semper
913 1893 1092 1947 Virginis
1104 1922 1117 1943 ,
1153 1902 1192 1932 et
1215 1895 1387 1932 omnium
1462 1907 1534 1932 αι·-

89 1956 238 1999 ζγηαη.
295 1949 508 1989 Retentum
536 1965 630 2004 ergo
658 1965 803 1990 nomen
819 1964 864 1989 ex
883 1963 1035 2003 pagana
1064 1948 1299 2002 antiquitate
1313 1978 1324 1999 ‚
1353 1955 1394 1987 et
1423 1948 1534 2001 quod

92 2001 189 2041 olim
202 2003 289 2042 Diis
306 2005 545 2060 Deabusque
563 2006 750 2045 omnibus
764 2019 922 2045 sacrum
941 2012 1027 2043 erat
1043 2034 1055 2055 ‚
1090 2003 1131 2042 id
1147 2004 1262 2043 novis
1279 2003 1532 2056 Numinibus,

92 2058 338 2112 Martyribus
369 2060 484 2100 dictis
510 2068 550 2100 et
580 2061 911 2115 MartyrissabuS‚
962 2066 1177 2099 sacratum.
1234 2059 1483 2098 Memoratur
1506 2073 1531 2098 a

92 2111 262 2166 Scylitze
291 2107 434 2166 ἄρχων
463 2115 540 2155 τοῦ
567 2117 754 2156 nav-9502)
768 2147 781 2166 ,
812 2123 852 2155 et
874 2115 926 2153 ab
952 2115 1170 2168 Anonymo
1197 2114 1387 2165 Tacfico,
1410 2127 1532 2167 quem

93 2168 190 2206 citat
202 2169 271 2207 Du
291 2169 422 2223 Gange
442 2185 484 2209 v.
499 2166 681 2210 πάνθεον
692 2203 704 2222 ,
737 2186 862 2225 genus
885 2169 1059 2209 militum
1074 2168 1358 2223 palatinorum,
1386 2169 1533 2223 quibus

92 2236 240 2262 nomen
268 2221 307 2262 οἱ
334 2224 586 2266 nave-scarae,
613 2227 812 2266 Videntur
828 2226 886 2266 illi
901 2239 1046 2264 nomen
1070 2239 1116 2264 ex
1132 2239 1180 2264 eo
1204 2223 1404 2275 habuisse,
1421 2223 1532 2278 quod

93 2277 137 2316 in
158 2278 342 2317 Pantheo
356 2308 368 2329 ‚
395 2293 466 2318 seu
491 2279 640 2333 palatio
653 2311 664 2332 ‚
696 2294 766 2321 seu
790 2289 902 2335 parte
914 2280 1048 2334 palatii
1067 2278 1384 2334 Chrymtriclini,
1413 2293 1532 2319 excu-

94 2330 253 2384 barent,
285 2334 361 2373 sub
394 2334 542 2374 ducatu
575 2336 653 2375 τοῦ
699 2329 900 2389 ὄρχον-τος
928 2334 1007 2375 τοῦ
1033 2334 1216 2375 πανθέου
1231 2364 1242 2383 ,
1274 2334 1428 2374 tribuni
1452 2336 1530 2374 sui.

205 2387 244 2440 4.
260 2389 311 2430 D.
333 2390 373 2429 3.
407 2389 471 2444 [6,
501 2390 592 2446 24]
645 2388 902 2444 βεστήτορες.
956 2393 1173 2430 vestitores
1204 2397 1298 2429 sunt
1331 2388 1415 2440 illi,
1460 2390 1532 2444 qui

95 2441 330 2495 Imperatori
346 2452 496 2485 vestem
517 2460 669 2486 sacram
691 2461 714 2486 a
732 2447 942 2487 vestiaritis
971 2445 1133 2486 allatam
1158 2443 1528 2499 circumponebant.

93 2495 310 2551 Disputant
329 2501 437 2539 Goar
454 2500 506 2539 ad
525 2502 778 2556 Codin.‡pag.
801 2502 867 2542 25.
890 2517 933 2541 n.
962 2516 1021 2556 ¹9.
1047 2509 1088 2540 et
1105 2502 1172 2540 Du
1188 2501 1320 2555 Gange
1337 2500 1389 2539 ad
1408 2499 1528 2539 Alex.

93 2565 137 2603 p.
157 2551 252 2592 285.
282 2555 332 2593 de
355 2554 574 2595 differentia
610 2557 899 2597 vocabulorum
927 2559 1086 2596 vestitor
1099 2586 1112 2606 ,
1155 2557 1358 2595 vestiat-im
1395 2562 1434 2593 et
1461 2569 1530 2594 ve-

93 2608 263 2646 stiat-ita.
319 2610 458 2649 Fuisse
477 2611 687 2651 discrimen
714 2613 817 2651 inter
834 2612 1039 2651 vestitores
1065 2618 1105 2650 et
1118 2611 1323 2651 vestiarios
1341 2609 1530 2649 observa-

95 2667 182 2700 tum
203 2662 473 2704 dubium-non
492 2674 566 2705 est.
624 2667 681 2705 At
703 2668 907 2706 vestiarios
922 2674 962 2705 et
979 2666 1199 2706 vestiaritas
1223 2680 1337 2719 saepe
1359 2664 1529 2704 confun-

97 2715 258 2757 debant.
315 2719 480 2773 Proprie
513 2723 685 2761 vestiarii
710 2730 824 2761 erant
866 2720 904 2760 οἱ
939 2719 1094 2775 ῥαφεῖς
1132 2729 1301 2762 sartores
1327 2719 1526 2768 vestiarii,

98 2774 319 2812 vestiaritae
351 2782 483 2815 autem
515 2777 695 2817 custodes
727 2791 928 2817 sacrarum
963 2777 1131 2817 vestium
1165 2784 1203 2816 et
1236 2790 1374 2816 earum
1400 2774 1529 2829 promi
