1884 3132
177 165 252 208 An
287 162 584 207 CONSTANT.
617 163 814 205 ponpa.
851 162 923 202 m:
963 161 1144 203 cmm.
1186 163 1284 202 Lm.
1323 162 1376 203 ιι.
1421 144 1532 215 627

105 278 284 332 'picturae
311 278 552 317 eminentem
580 277 744 327 addant,
773 283 818 315 ut
846 275 1079 330 intelligitur
1106 290 1129 316 e
1156 275 1341 315 Gerlaehi
1370 276 1540 314 Itinera-

101 334 164 372 rio
191 348 230 386 p.
249 333 318 372 65.
345 334 458 372 cuius
486 333 608 371 verba
636 333 732 370 haec
761 339 878 370 sunt:
927 332 1067 378 „circa
1091 332 1219 370 altare
1241 332 1282 370 in
1305 332 1421 369 choro
1454 331 1540 384 [seu

101 388 301 439 Tribuna]
323 389 426 440 picti
447 388 733 441 conspiciuntur
765 386 903 424 Sancti
929 386 1139 437 Gregorius
1153 417 1163 433 ‚
1189 386 1378 432 Basilius,
1411 385 1541 436 Chry·-

107 452 311 489 sonemus,
340 443 450 480 vultu
483 442 708 480 maa'lento:
759 443 848 478 item
874 439 1062 478 Nicolaus
1098 441 1365 479 Dama-scenas
1399 449 1437 478 ct
1466 441 1543 478 alii

101 497 274 536 doctores
290 497 484 535 ecclesiae.
540 496 591 534 In
618 509 764 534 szmzmo
791 509 906 547 super
933 508 1062 532 omnes
1097 497 1240 533 eminet
1262 490 1284 532 ὃ
1311 492 1539 546 παντοκρά-

101 565 185 602 τωρ
223 552 307 589 sive
348 550 390 589 I.
432 551 477 589 C.
519 564 604 588 cum
644 550 789 588 duobus
817 549 1098 602 discipulomm
1135 563 1307 588 suorum.
1374 548 1541 603 Semper

103 607 147 643 in
178 605 361 643 tabulatis
404 606 515 644 chori
540 605 677 657 [super
702 603 883 652 foribus,
933 603 1081 656 quibus
1117 611 1343 642 sanctarum
1390 617 1537 643 nomen

98 658 180 713 est]
208 659 267 697 ad
284 657 475 698 dextr-am
501 660 734 713 conspicitur
757 660 886 710 imago
914 658 991 696 τοῦ
1000 655 1345 710 ’παντοκράτορος
1373 659 1457 696 sive
1474 659 1535 698 D.

100 713 142 752 I.
176 713 321 752 Christi
346 727 436 752 cum
469 723 651 766 argentea
671 727 791 752 manu
804 743 815 760 ‚
846 727 866 750 e
900 726 978 766 qua
1007 713 1181 751 laminae
1194 722 1232 751 et
1254 713 1444 751 unct-esulae
1466 728 1536 751 ar-

102 777 261 821 genteae
282 796 295 817 ‚
325 769 491 820 integros
519 770 688 807 hamines
708 798 719 814 ‚
742 782 811 806 nec
841 780 918 805 non
941 766 1099 804 brachia
1117 797 1127 813 ‚
1163 781 1300 805 manus
1317 797 1328 815 ‚
1355 768 1475 820 pedes
1501 777 1540 806 et

99 823 186 860 alta
210 822 386 860 membra
411 824 616 874 reserentes
645 823 829 876 pendent.
904 820 957 859 In
999 822 1129 860 medio
1170 831 1247 860 stat
1282 823 1412 873 imago
1435 822 1537 860 Dei-

96 890 226 931 pat-ae
254 890 343 916 cum
357 878 524 931 puerulo
555 877 646 915 Iesu
667 907 678 922 ‚
718 877 862 915 dextra
912 889 1065 930 quoque
1124 890 1243 915 manu
1270 885 1454 927 argentea
1470 877 1537 914 di-

102 945 194 982 ves,
220 945 243 969 e
294 945 345 969 ua
373 933 531 985 pariter
548 933 644 970 tales
667 932 838 970 laminae
873 939 910 968 et
943 931 1134 969 massalae
1162 940 1367 984 argenteae
1382 931 1537 985 filaque

102 997 225 1024 aurea
291 986 475 1040 pendent.
501 986 573 1025 Ad
603 988 801 1024 sinistram
825 993 927 1024 stant
958 985 1148 1036 imagines
1164 987 1370 1025 nuelierum
1389 1015 1401 1032 ‚
1436 1000 1538 1039 quae

102 1041 266 1095 speciem
283 1041 526 1095 plorantium
552 1041 742 1095 praebent
758 1070 770 1090 ‚
790 1055 812 1078 e
835 1039 969 1094 quibus
995 1041 1115 1078 etiam
1148 1041 1319 1079 donaria
1355 1040 1541 1094 suspendi

100 1094 263 1134 solent.’'
330 1094 518 1134 Conferat
555 1109 647 1134 eum
686 1095 747 1133 his
775 1095 843 1147 qui
883 1093 990 1132 volet
1017 1094 1130 1141 illos,
1180 1097 1249 1148 qui
1280 1095 1330 1133 de
1358 1094 1535 1133 donariis

99 1151 283 1188 'veterum
311 1151 576 1202 scripserunt,
607 1157 648 1188 et
669 1157 786 1202 neget
815 1149 1000 1200 deinceps
1019 1178 1030 1198 ,
1061 1151 1094 1188 si
1122 1149 1310 1195 audebit,
1341 1149 1535 1188 Christia-

100 1205 278 1242 nismum
303 1205 548 1243 Graecorum
590 1219 674 1244 esse
713 1211 887 1243 veterem
913 1205 1189 1256 paganismum
1219 1202 1416 1243 idolorum
1444 1218 1535 1242 mu-

100 1265 188 1297 tato
213 1259 390 1297 nomine.

189 1324 282 1362 321.
304 1323 357 1362 A.
377 1338 417 1362 2.
441 1323 552 1378 [555,
592 1323 674 1377 18.]
702 1320 751 1363 τὰ
793 1321 847 1376 ιβ’
871 1323 1094 1375 βασι-ακτὰ.
1166 1325 1252 1363 Aut
1280 1326 1334 1363 sic
1363 1325 1535 1376 positum

103 1371 179 1416 suit
205 1391 278 1430 pro
319 1374 413 1424 τούς
455 1377 504 1428 ιβ’
535 1377 767 1427 βαστακτὰς
787 1410 797 1426 ,
840 1381 987 1429 baiuli,
1018 1387 1087 1418 aut
1114 1376 1166 1417 τοὶ
1207 1374 1418 1428 βάστακτα
1442 1386 1536 1417 suut

105 1432 211 1470 idem
247 1437 365 1484 atque
406 1428 459 1470 τὰ
503 1429 742 1482 βάστακτρα
763 1462 774 1480 ‚
825 1443 970 1481 vectes,
1001 1434 1146 1486 quibus
1174 1446 1236 1471 res
1269 1433 1532 1483 deferuntur,

106 1488 163 1536 (v.
194 1486 245 1524 ad
271 1501 314 1539 p.
334 1485 428 1539 267.
446 1487 494 1524 B.
515 1486 555 1524 6.
587 1486 727 1538 dicta).
769 1488 991 1526 Posteriore
1028 1488 1149 1526 modo
1178 1489 1210 1525 si
1236 1486 1428 1538 explices,
1458 1486 1534 1525 ha·-

101 1540 215 1579 bebit
242 1541 482 1593 metonymia
528 1540 660 1578 locum
680 1571 691 1589 ,
729 1542 1023 1580 instrumentum
1051 1556 1124 1594 pro
1153 1550 1276 1579 utente
1302 1542 1532 1579 nominans.

106 1595 160 1634 Hi
187 1594 311 1633 baiuli
328 1602 492 1648 possunt
521 1595 598 1632 iam
628 1609 710 1633 esse
752 1602 821 1634 aut
850 1596 1069 1649 aquigeruli
1091 1626 1102 1642 ‚
1135 1596 1204 1648 qui
1235 1609 1380 1646 aquam
1408 1597 1448 1633 in
1477 1594 1537 1634 la-'

103 1655 197 1688 cum
243 1656 463 1703 congerunt
505 1656 575 1687 aut
607 1658 807 1700 egerunt,
849 1649 1101 1703 νεροφόρους
1129 1650 1288 1688 Gfflecis
1315 1649 1461 1696 dictos,
1492 1664 1535 1689 v.

103 1704 171 1743 Du
191 1704 323 1757 Gange
348 1719 389 1743 v.
430 1702 628 1758 Aquarius
648 1733 660 1753 ‚
701 1712 770 1743 aut
797 1708 864 1758 qui
893 1719 1037 1757 corpus
1064 1705 1235 1757 Augusti
1263 1711 1302 1742 et
1330 1703 1537 1756 Augustae

105 1758 290 1797 deferunt
318 1759 359 1797 in
385 1757 533 1796 lecticis
554 1788 564 1803 ,
613 1766 682 1796 aut
709 1758 837 1798 mulos
879 1758 1096 1798 lecticarios
1125 1766 1246 1812 agunt
1267 1787 1279 1807 ‚
1309 1765 1349 1796 et
1375 1760 1417 1796 in
1444 1760 1537 1796 uni-

105 1826 267 1852 versum
289 1812 341 1866 τῇ
376 1812 563 1866 βασταγῇ
602 1814 774 1852 sarcinas
807 1814 1026 1865 imperiales
1055 1821 1094 1852 et
1119 1813 1398 1866 impedimenta
1425 1826 1537 1851 sacra

107 1875 300 1917 onerant,
339 1873 579 1917 exonerant,
628 1875 768 1906 curant
786 1897 795 1914 ‚
834 1869 1074 1916 observant3
1106 1869 1190 1906 vid.
1223 1867 1272 1904 de
1298 1866 1469 1919 bastagis
1497 1874 1537 1905 et

106 1921 337 1974 bastagariis
365 1921 532 1960 Guther.
572 1936 614 1974 p.
637 1923 749 1975 730„
780 1923 846 1960 Du
861 1923 993 1975 Cange
1021 1922 1089 1960 Gl.
1121 1923 1209 1960 Lat.
1241 1921 1284 1959 h.
1311 1935 1352 1959 v.
1384 1928 1424 1959 et
1450 1922 1536 1959 Va-

106 1974 178 2014 les.
204 1976 252 2014 ad
273 1975 477 2014 Ammian.
508 1976 687 2019 Marcell.
714 1992 752 2030 p.
772 1976 854 2028 83„
888 1978 956 2015 ubi
984 1974 1197 2030 βασταγὴν
1228 1975 1387 2028 exponit
1410 1977 1535 2014 sarci-

106 2030 217 2068 nalia
237 2031 431 2084 principis
454 2031 639 2070 iumenta.

214 2094 326 2133 A.3.
356 2094 471 2148 [555‚
500 2094 580 2150 ¹9.]
621 2091 727 2135 κατὰ
770 2093 1026 2146 ἀνατολικῆς.
1094 2095 1155 2132 Ita
1183 2101 1239 2133 est
1266 2095 1307 2135 in
1336 2095 1534 2134 membra-

106 2150 182 2188 nis.
238 2149 317 2187 Sed
343 2148 420 2202 leg.
451 2157 520 2188 aut
549 2147 662 2188 κάτω
691 2148 934 2201 ἀνατολικῆς
966 2156 1034 2187 aut
1061 2145 1166 2187 κατὰ
1194 2144 1410 2200 ἀνατολήν.
1467 2151 1535 2187 In-
1565 2154 1573 2160 ’

108 2211 240 2242 'certus
266 2203 469 2256 quodnam
498 2204 643 2243 horum
674 2204 947 2257 amplecterer,
979 2204 1088 2256 prius
1115 2204 1264 2256 arripui
1295 2204 1334 2241 in
1365 2205 1532 2242 Latinis.

216 2268 271 2307 A.
292 2268 333 2307 8.
367 2267 483 2322 [555,
504 2268 595 2322 25]
624 2265 699 2321 τήν
725 2267 1241 2320 χεῖρα-προευτρεπιζειν.
1297 2267 1369 2306 Ad
1398 2283 1534 2307 aurum

107 2328 251 2376 nempe
262 2324 411 2362 cavatis
426 2323 598 2362 dexteris
617 2324 880 2377 accipiendzmz
892 2353 902 2369 ‚
926 2330 971 2360 ut
990 2324 1046 2360 ait
1063 2323 1199 2361 Amm-
1214 2322 1438 2375 Marcell.p.
1473 2323 1535 2362 16.

133 2379 208 2432 19.)
237 2377 300 2416 ed.
340 2377 559 2417 Lindenbr.
619 2378 730 2416 Alias
757 2380 862 2416 enim
888 2384 1074 2430 protenso
1105 2378 1223 2416 vestis
1251 2379 1340 2416 sinu
1369 2379 1536 2431 accipie-²

189 2439 207 2470 t
232 2431 379 2471 oblata.
571 2478 574 2480 .

217 2497 273 2535 A.
301 2495 363 2547 14.
379 2494 488 2550 [556‚
512 2495 575 2550 4.]
598 2492 702 2546 μετά
724 2495 799 2534 τὀῦ
827 2493 959 2534 αὐτοῦ
988 2493 1185 2545 σι’·αυρὸῧ.
1214 2495 1322 2548 Ergo
1350 2503 1445 2535 crux
1465 2496 1534 2536 illa

110 2551 164 2590 sic
191 2558 276 2590 erat
304 2551 486 2597 formata,
504 2558 549 2589 ut
566 2553 606 2588 in
620 2565 776 2590 summo
806 2558 979 2588 extremo
997 2549 1160 2588 haberet
1176 2564 1338 2602 parvam
1355 2552 1531 2602 patinam

114 2604 299 2644 nonnihil
328 2619 483 2655 cavam,
511 2619 590 2658 qua
615 2619 718 2657 aqua
745 2603 988 2643 hauriretur.
1043 2604 1160 2642 Russi
1186 2618 1209 2643 a
1237 2606 1395 2644 Graecis
1425 2605 1532 2644 docti

111 2658 230 2697 talem
256 2661 429 2711 patinam
457 2660 588 2699 adhuc
619 2659 809 2698 adhibent
836 2660 875 2697 in
904 2657 1135 2697 lustratione
1153 2662 1276 2712 aqu'ae
1301 2658 1365 2698 die
1391 2660 1531 2698 Lumi-

112 2715 233 2764 lmm,
261 2720 307 2752 ut
333 2727 379 2752 ex
405 2713 526 2754 allato
566 2713 688 2768 Angli
714 2714 919 2753 cuiusdam
946 2713 1033 2752 loco
1058 2726 1145 2766 pag.
1165 2713 1207 2754 6.
1237 2714 1381 2753 horum
1410 2715 1533 2753 Com-
