<?xml version="1.0" encoding="UTF-8"?>
<!DOCTYPE html PUBLIC "-//W3C//DTD XHTML 1.0 Transitional//EN"
    "http://www.w3.org/TR/xhtml1/DTD/xhtml1-transitional.dtd">
<html xmlns="http://www.w3.org/1999/xhtml" xml:lang="en" lang="en">
 <head>
  <title>
</title>
<meta http-equiv="Content-Type" content="text/html;charset=utf-8" />
  <meta name='ocr-system' content='tesseract 3.04.00' />
  <meta name='ocr-capabilities' content='ocr_page ocr_carea ocr_par ocr_line ocrx_word'/>
</head>
<body>
  <div class='ocr_page' id='page_1' title='image "./corpusscriptorum08niebuoft/corpusscriptorum08niebuoft_0823.png"; bbox 0 0 1884 3132; ppageno 0'>
   <div class='ocr_carea' id='block_1_1' title="bbox 189 147 1549 216">
    <p class='ocr_par' dir='ltr' id='par_1_1' title="bbox 189 147 1549 216">
     <span class='ocr_line' id='line_1_1' title="bbox 189 147 1549 216; baseline -0.01 0"><span class='ocrx_word' id='word_1_1' title='bbox 189 173 266 215; x_wconf 75' lang='lat' dir='ltr'><strong>An</strong></span> <span class='ocrx_word' id='word_1_2' title='bbox 298 170 595 216; x_wconf 65' lang='lat' dir='ltr'><strong>consum.</strong></span> <span class='ocrx_word' id='word_1_3' title='bbox 629 170 825 212; x_wconf 73' lang='lat' dir='ltr'><strong>ponpa.</strong></span> <span class='ocrx_word' id='word_1_4' title='bbox 867 170 938 210; x_wconf 77' lang='lat' dir='ltr'><strong>m:</strong></span> <span class='ocrx_word' id='word_1_5' title='bbox 979 168 1160 211; x_wconf 74' lang='lat' dir='ltr'><strong>cmm.</strong></span> <span class='ocrx_word' id='word_1_6' title='bbox 1202 167 1300 206; x_wconf 74' lang='lat' dir='ltr'><strong>mn.</strong></span> <span class='ocrx_word' id='word_1_7' title='bbox 1343 167 1395 206; x_wconf 93' lang='grc' dir='ltr'><strong>ιι.</strong></span> <span class='ocrx_word' id='word_1_8' title='bbox 1428 147 1549 204; x_wconf 78' lang='lat'><strong>815</strong></span> 
     </span>
    </p>
   </div>
   <div class='ocr_carea' id='block_1_2' title="bbox 102 267 1556 1695">
    <p class='ocr_par' dir='ltr' id='par_1_2' title="bbox 102 267 1556 1637">
     <span class='ocr_line' id='line_1_2' title="bbox 118 267 1554 333; baseline -0.006 -17"><span class='ocrx_word' id='word_1_9' title='bbox 118 275 411 316; x_wconf 76' lang='grc' dir='ltr'><strong>στιανικώτατε</strong></span> <span class='ocrx_word' id='word_1_10' title='bbox 438 274 598 328; x_wconf 79' lang='grc' dir='ltr'><em>α’δελφέ</em></span> <span class='ocrx_word' id='word_1_11' title='bbox 623 274 797 329; x_wconf 85' lang='lat' dir='ltr'><strong>appellat</strong></span> <span class='ocrx_word' id='word_1_12' title='bbox 836 273 950 315; x_wconf 84' lang='lat' dir='ltr'><strong>Alex.</strong></span> <span class='ocrx_word' id='word_1_13' title='bbox 987 287 1028 326; x_wconf 87' lang='lat' dir='ltr'><strong>p.</strong></span> <span class='ocrx_word' id='word_1_14' title='bbox 1058 271 1127 325; x_wconf 79' lang='lat'><strong>93.</strong></span> <span class='ocrx_word' id='word_1_15' title='bbox 1156 270 1203 312; x_wconf 88' lang='lat' dir='ltr'><strong>C.</strong></span> <span class='ocrx_word' id='word_1_16' title='bbox 1221 300 1233 319; x_wconf 92' lang='lat'>‚</span> <span class='ocrx_word' id='word_1_17' title='bbox 1266 269 1361 309; x_wconf 84' lang='lat' dir='ltr'><strong>item</strong></span> <span class='ocrx_word' id='word_1_18' title='bbox 1391 267 1418 333; x_wconf 64' lang='grc' dir='ltr'><em>ἦ</em></span> <span class='ocrx_word' id='word_1_19' title='bbox 1448 267 1554 324; x_wconf 76' lang='grc' dir='ltr'><strong>πρὸς</strong></span> 
     </span>
     <span class='ocr_line' id='line_1_3' title="bbox 116 322 1551 383; baseline -0.003 -13"><span class='ocrx_word' id='word_1_20' title='bbox 116 327 192 383; x_wconf 76' lang='grc' dir='ltr'><strong>τὴν</strong></span> <span class='ocrx_word' id='word_1_21' title='bbox 228 327 437 382; x_wconf 77' lang='grc' dir='ltr'><strong>ἡμετέραν</strong></span> <span class='ocrx_word' id='word_1_22' title='bbox 462 329 680 380; x_wconf 74' lang='grc' dir='ltr'><strong><em>βασιλείαν</em></strong></span> <span class='ocrx_word' id='word_1_23' title='bbox 718 324 921 382; x_wconf 78' lang='grc' dir='ltr'><strong>ἇδελφικὴ</strong></span> <span class='ocrx_word' id='word_1_24' title='bbox 961 340 1037 366; x_wconf 83' lang='grc' dir='ltr'><strong>σου</strong></span> <span class='ocrx_word' id='word_1_25' title='bbox 1078 322 1187 378; x_wconf 60' lang='lat' dir='ltr'><strong>giem}</strong></span> <span class='ocrx_word' id='word_1_26' title='bbox 1231 322 1307 364; x_wconf 78' lang='grc' dir='ltr'>καί</span> <span class='ocrx_word' id='word_1_27' title='bbox 1348 324 1551 371; x_wconf 57' lang='lat' dir='ltr'><strong>amasam.</strong></span> 
     </span>
     <span class='ocr_line' id='line_1_4' title="bbox 117 379 1554 438; baseline -0.003 -14"><span class='ocrx_word' id='word_1_28' title='bbox 117 385 290 425; x_wconf 84' lang='lat' dir='ltr'><strong>Isaacius</strong></span> <span class='ocrx_word' id='word_1_29' title='bbox 316 384 495 438; x_wconf 80' lang='lat' dir='ltr'><strong>Angelus</strong></span> <span class='ocrx_word' id='word_1_30' title='bbox 520 384 626 436; x_wconf 84' lang='lat' dir='ltr'><strong>apud</strong></span> <span class='ocrx_word' id='word_1_31' title='bbox 662 383 846 423; x_wconf 88' lang='lat' dir='ltr'><strong>Odonem</strong></span> <span class='ocrx_word' id='word_1_32' title='bbox 873 383 923 421; x_wconf 91' lang='lat' dir='ltr'><strong>de</strong></span> <span class='ocrx_word' id='word_1_33' title='bbox 946 380 1105 436; x_wconf 83' lang='lat' dir='ltr'><strong>Diogilo</strong></span> <span class='ocrx_word' id='word_1_34' title='bbox 1133 395 1175 434; x_wconf 89' lang='lat' dir='ltr'><strong>p.</strong></span> <span class='ocrx_word' id='word_1_35' title='bbox 1210 379 1270 421; x_wconf 87' lang='lat'><strong>15.</strong></span> <span class='ocrx_word' id='word_1_36' title='bbox 1303 393 1374 432; x_wconf 90' lang='lat' dir='ltr'><strong>per</strong></span> <span class='ocrx_word' id='word_1_37' title='bbox 1402 379 1554 433; x_wconf 82' lang='lat' dir='ltr'><strong>legatos</strong></span> 
     </span>
     <span class='ocr_line' id='line_1_5' title="bbox 115 435 1552 490; baseline -0.004 -11"><span class='ocrx_word' id='word_1_38' title='bbox 115 453 207 479; x_wconf 83' lang='lat' dir='ltr'><strong>suos</strong></span> <span class='ocrx_word' id='word_1_39' title='bbox 242 440 294 479; x_wconf 86' lang='lat' dir='ltr'><strong>ad</strong></span> <span class='ocrx_word' id='word_1_40' title='bbox 319 439 572 478; x_wconf 85' lang='lat' dir='ltr'><strong>Ludovicum</strong></span> <span class='ocrx_word' id='word_1_41' title='bbox 599 439 707 489; x_wconf 88' lang='lat' dir='ltr'>VII.‚</span> <span class='ocrx_word' id='word_1_42' title='bbox 745 439 937 477; x_wconf 83' lang='lat' dir='ltr'><strong>Franciae</strong></span> <span class='ocrx_word' id='word_1_43' title='bbox 977 450 1130 490; x_wconf 85' lang='lat' dir='ltr'><strong>regem,</strong></span> <span class='ocrx_word' id='word_1_44' title='bbox 1163 435 1376 489; x_wconf 74' lang='lat' dir='ltr'><em>prolixam</em></span> <span class='ocrx_word' id='word_1_45' title='bbox 1406 436 1552 474; x_wconf 79' lang='lat' dir='ltr'><strong>adula-</strong></span> 
     </span>
     <span class='ocr_line' id='line_1_6' title="bbox 114 491 1553 548; baseline -0.003 -15"><span class='ocrx_word' id='word_1_46' title='bbox 114 496 259 533; x_wconf 76' lang='lat' dir='ltr'><strong>tionem</strong></span> <span class='ocrx_word' id='word_1_47' title='bbox 283 495 481 548; x_wconf 74' lang='lat' dir='ltr'><em>depinxit,</em></span> <span class='ocrx_word' id='word_1_48' title='bbox 514 507 642 546; x_wconf 81' lang='lat' dir='ltr'><strong>regem</strong></span> <span class='ocrx_word' id='word_1_49' title='bbox 669 502 839 532; x_wconf 80' lang='lat' dir='ltr'><strong>nostrum</strong></span> <span class='ocrx_word' id='word_1_50' title='bbox 867 492 1113 531; x_wconf 80' lang='lat' dir='ltr'><strong>nominando</strong></span> <span class='ocrx_word' id='word_1_51' title='bbox 1139 498 1314 528; x_wconf 84' lang='lat' dir='ltr'><strong>sanctum</strong></span> <span class='ocrx_word' id='word_1_52' title='bbox 1327 518 1340 538; x_wconf 90' lang='lat'><strong><em>,</em></strong></span> <span class='ocrx_word' id='word_1_53' title='bbox 1378 491 1553 529; x_wconf 82' lang='lat' dir='ltr'><strong>amicum</strong></span> 
     </span>
     <span class='ocr_line' id='line_1_7' title="bbox 113 543 1551 602; baseline -0.003 -14"><span class='ocrx_word' id='word_1_54' title='bbox 113 558 154 588; x_wconf 83' lang='lat' dir='ltr'><strong>et</strong></span> <span class='ocrx_word' id='word_1_55' title='bbox 160 550 355 600; x_wconf 72' lang='lat' dir='ltr'><strong>smtoem.</strong></span> <span class='ocrx_word' id='word_1_56' title='bbox 412 548 523 587; x_wconf 85' lang='lat' dir='ltr'><strong>Otho</strong></span> <span class='ocrx_word' id='word_1_57' title='bbox 545 549 807 602; x_wconf 87' lang='lat' dir='ltr'><strong>Frisingensis</strong></span> <span class='ocrx_word' id='word_1_58' title='bbox 841 549 888 589; x_wconf 88' lang='lat' dir='ltr'><strong>L.</strong></span> <span class='ocrx_word' id='word_1_59' title='bbox 920 547 952 589; x_wconf 92' lang='lat'><strong>1.</strong></span> <span class='ocrx_word' id='word_1_60' title='bbox 984 547 1034 585; x_wconf 93' lang='lat' dir='ltr'><strong>de</strong></span> <span class='ocrx_word' id='word_1_61' title='bbox 1065 544 1185 585; x_wconf 86' lang='lat' dir='ltr'><strong>rebus</strong></span> <span class='ocrx_word' id='word_1_62' title='bbox 1212 544 1329 598; x_wconf 86' lang='lat' dir='ltr'><strong>gestis</strong></span> <span class='ocrx_word' id='word_1_63' title='bbox 1355 543 1551 584; x_wconf 84' lang='lat' dir='ltr'><strong>Friderici</strong></span> 
     </span>
     <span class='ocr_line' id='line_1_8' title="bbox 113 601 1556 656; baseline -0.002 -13"><span class='ocrx_word' id='word_1_64' title='bbox 113 603 379 643; x_wconf 77' lang='lat' dir='ltr'><strong>Barbarossae</strong></span> <span class='ocrx_word' id='word_1_65' title='bbox 391 617 427 644; x_wconf 88' lang='lat' dir='ltr'><strong>c.</strong></span> <span class='ocrx_word' id='word_1_66' title='bbox 442 603 526 656; x_wconf 84' lang='lat'>59.:</span> <span class='ocrx_word' id='word_1_67' title='bbox 555 603 767 652; x_wconf 63' lang='lat' dir='ltr'><strong>(har-adas,</strong></span> <span class='ocrx_word' id='word_1_68' title='bbox 779 604 1042 641; x_wconf 81' lang='lat' dir='ltr'><strong>Romanor-um</strong></span> <span class='ocrx_word' id='word_1_69' title='bbox 1055 603 1289 655; x_wconf 83' lang='lat' dir='ltr'><em>Imperator,</em></span> <span class='ocrx_word' id='word_1_70' title='bbox 1303 613 1423 638; x_wconf 76' lang='lat' dir='ltr'><strong>naves</strong></span> <span class='ocrx_word' id='word_1_71' title='bbox 1439 601 1556 655; x_wconf 83' lang='lat' dir='ltr'><strong>apud</strong></span> 
     </span>
     <span class='ocr_line' id='line_1_9' title="bbox 112 654 1550 710; baseline -0.001 -14"><span class='ocrx_word' id='word_1_72' title='bbox 112 658 397 698; x_wconf 68' lang='lat' dir='ltr'><strong>Ptolemaidem</strong></span> <span class='ocrx_word' id='word_1_73' title='bbox 424 659 637 710; x_wconf 80' lang='lat' dir='ltr'><strong>ingressus,</strong></span> <span class='ocrx_word' id='word_1_74' title='bbox 658 660 837 710; x_wconf 76' lang='lat' dir='ltr'><strong>fratrem</strong></span> <span class='ocrx_word' id='word_1_75' title='bbox 866 667 904 696; x_wconf 79' lang='lat' dir='ltr'><strong>et</strong></span> <span class='ocrx_word' id='word_1_76' title='bbox 930 657 1099 695; x_wconf 81' lang='lat' dir='ltr'><strong>amicum</strong></span> <span class='ocrx_word' id='word_1_77' title='bbox 1126 668 1240 693; x_wconf 81' lang='lat' dir='ltr'><strong>suum</strong></span> <span class='ocrx_word' id='word_1_78' title='bbox 1269 654 1457 703; x_wconf 84' lang='lat' dir='ltr'><strong>Manuel,</strong></span> <span class='ocrx_word' id='word_1_79' title='bbox 1483 670 1550 694; x_wconf 79' lang='lat' dir='ltr'><strong>re-</strong></span> 
     </span>
     <span class='ocr_line' id='line_1_10' title="bbox 109 709 1550 766; baseline -0.002 -15"><span class='ocrx_word' id='word_1_80' title='bbox 109 714 201 765; x_wconf 78' lang='lat' dir='ltr'><strong>giae</strong></span> <span class='ocrx_word' id='word_1_81' title='bbox 228 713 335 751; x_wconf 83' lang='lat' dir='ltr'><strong>urbis</strong></span> <span class='ocrx_word' id='word_1_82' title='bbox 359 711 791 766; x_wconf 85' lang='lat' dir='ltr'><strong>[Constantinopoleos]</strong></span> <span class='ocrx_word' id='word_1_83' title='bbox 814 713 1047 766; x_wconf 79' lang='lat' dir='ltr'><em>principem,</em></span> <span class='ocrx_word' id='word_1_84' title='bbox 1074 711 1116 749; x_wconf 85' lang='lat' dir='ltr'><strong>in</strong></span> <span class='ocrx_word' id='word_1_85' title='bbox 1136 709 1311 749; x_wconf 82' lang='lat' dir='ltr'><em>Achaiae</em></span> <span class='ocrx_word' id='word_1_86' title='bbox 1329 723 1395 747; x_wconf 77' lang='lat' dir='ltr'><strong>seu</strong></span> <span class='ocrx_word' id='word_1_87' title='bbox 1429 710 1550 748; x_wconf 78' lang='lat' dir='ltr'><strong>Thes-</strong></span> 
     </span>
     <span class='ocr_line' id='line_1_11' title="bbox 110 763 1546 822; baseline -0.001 -16"><span class='ocrx_word' id='word_1_88' title='bbox 110 768 236 806; x_wconf 76' lang='lat' dir='ltr'><strong>saliae</strong></span> <span class='ocrx_word' id='word_1_89' title='bbox 264 768 414 822; x_wconf 78' lang='lat' dir='ltr'><strong>finibus</strong></span> <span class='ocrx_word' id='word_1_90' title='bbox 438 769 638 806; x_wconf 52' lang='lat' dir='ltr'><strong>inv-emens</strong></span> <span class='ocrx_word' id='word_1_91' title='bbox 665 769 780 806; x_wconf 80' lang='lat' dir='ltr'><strong>adiit.</strong></span> <span class='ocrx_word' id='word_1_92' title='bbox 838 768 954 805; x_wconf 84' lang='lat' dir='ltr'><strong>Iuvat</strong></span> <span class='ocrx_word' id='word_1_93' title='bbox 994 767 1111 804; x_wconf 81' lang='lat' dir='ltr'><strong>eliam</strong></span> <span class='ocrx_word' id='word_1_94' title='bbox 1140 763 1408 803; x_wconf 82' lang='lat' dir='ltr'><strong>thrasonicam</strong></span> <span class='ocrx_word' id='word_1_95' title='bbox 1433 764 1546 804; x_wconf 86' lang='lat' dir='ltr'><strong>illam</strong></span> 
     </span>
     <span class='ocr_line' id='line_1_12' title="bbox 111 819 1548 874; baseline -0.002 -13"><span class='ocrx_word' id='word_1_96' title='bbox 111 821 413 874; x_wconf 85' lang='lat' dir='ltr'>inscriptionem</span> <span class='ocrx_word' id='word_1_97' title='bbox 439 821 664 861; x_wconf 86' lang='lat' dir='ltr'><strong>litterarum</strong></span> <span class='ocrx_word' id='word_1_98' title='bbox 697 823 855 861; x_wconf 86' lang='lat' dir='ltr'><strong>Cosrois</strong></span> <span class='ocrx_word' id='word_1_99' title='bbox 893 821 943 860; x_wconf 89' lang='lat' dir='ltr'><strong>ad</strong></span> <span class='ocrx_word' id='word_1_100' title='bbox 970 821 1235 859; x_wconf 87' lang='lat' dir='ltr'><strong>Iustmianum</strong></span> <span class='ocrx_word' id='word_1_101' title='bbox 1269 833 1293 857; x_wconf 89' lang='lat' dir='ltr'><strong>a</strong></span> <span class='ocrx_word' id='word_1_102' title='bbox 1324 819 1548 864; x_wconf 82' lang='lat' dir='ltr'><strong>Menandro</strong></span> 
     </span>
     <span class='ocr_line' id='line_1_13' title="bbox 110 874 1546 931; baseline -0.003 -15"><span class='ocrx_word' id='word_1_103' title='bbox 110 877 339 916; x_wconf 85' lang='lat' dir='ltr'><strong>Protectore</strong></span> <span class='ocrx_word' id='word_1_104' title='bbox 376 891 417 929; x_wconf 88' lang='lat' dir='ltr'><strong>p.</strong></span> <span class='ocrx_word' id='word_1_105' title='bbox 470 875 558 928; x_wconf 70' lang='lat'><strong>¹¹4·</strong></span> <span class='ocrx_word' id='word_1_106' title='bbox 596 877 693 919; x_wconf 86' lang='lat' dir='ltr'><strong>Exc.</strong></span> <span class='ocrx_word' id='word_1_107' title='bbox 730 878 866 931; x_wconf 82' lang='lat' dir='ltr'><strong>Legat.</strong></span> <span class='ocrx_word' id='word_1_108' title='bbox 903 875 1076 917; x_wconf 88' lang='lat' dir='ltr'><strong>Hoesch.</strong></span> <span class='ocrx_word' id='word_1_109' title='bbox 1113 874 1278 913; x_wconf 83' lang='lat' dir='ltr'><strong>relatam</strong></span> <span class='ocrx_word' id='word_1_110' title='bbox 1315 887 1546 926; x_wconf 81' lang='lat' dir='ltr'><strong>apponere:</strong></span> 
     </span>
     <span class='ocr_line' id='line_1_14' title="bbox 111 926 1548 983; baseline -0.001 -13"><span class='ocrx_word' id='word_1_111' title='bbox 111 931 250 980; x_wconf 67' lang='grc' dir='ltr'><em>θεῖος,</em></span> <span class='ocrx_word' id='word_1_112' title='bbox 285 928 470 983; x_wconf 75' lang='grc' dir='ltr'><strong><em>α’γαθός,</em></strong></span> <span class='ocrx_word' id='word_1_113' title='bbox 507 928 765 982; x_wconf 79' lang='grc' dir='ltr'><strong>εἰρηνοποιὸς</strong></span> <span class='ocrx_word' id='word_1_114' title='bbox 791 931 966 982; x_wconf 77' lang='grc' dir='ltr'><strong><em>α’ρχαῖος</em></strong></span> <span class='ocrx_word' id='word_1_115' title='bbox 993 927 1187 981; x_wconf 77' lang='grc' dir='ltr'><em>Χοσρόης</em></span> <span class='ocrx_word' id='word_1_116' title='bbox 1200 926 1398 978; x_wconf 73' lang='grc' dir='ltr'><strong>βασιλεὺς</strong></span> <span class='ocrx_word' id='word_1_117' title='bbox 1423 929 1548 978; x_wconf 87' lang='grc' dir='ltr'><strong>βασι-</strong></span> 
     </span>
     <span class='ocr_line' id='line_1_15' title="bbox 108 977 1547 1040; baseline -0.003 -15"><span class='ocrx_word' id='word_1_118' title='bbox 108 986 228 1034; x_wconf 79' lang='grc' dir='ltr'><strong><em>λέων,</em></strong></span> <span class='ocrx_word' id='word_1_119' title='bbox 254 982 450 1036; x_wconf 65' lang='grc' dir='ltr'><strong>εὐτυχής,</strong></span> <span class='ocrx_word' id='word_1_120' title='bbox 477 982 668 1037; x_wconf 67' lang='grc' dir='ltr'><strong>εὐσεβής,</strong></span> <span class='ocrx_word' id='word_1_121' title='bbox 694 981 961 1036; x_wconf 74' lang='grc' dir='ltr'><strong><em>ἀγαθοποιός,</em></strong></span> <span class='ocrx_word' id='word_1_122' title='bbox 984 977 1096 1040; x_wconf 80' lang='grc' dir='ltr'><em>ᾧτινι</em></span> <span class='ocrx_word' id='word_1_123' title='bbox 1119 982 1157 1023; x_wconf 81' lang='grc' dir='ltr'><strong>οἱ</strong></span> <span class='ocrx_word' id='word_1_124' title='bbox 1178 981 1274 1022; x_wconf 75' lang='grc' dir='ltr'><strong><em>θεοῖ</em></strong></span> <span class='ocrx_word' id='word_1_125' title='bbox 1290 980 1392 1031; x_wconf 80' lang='grc' dir='ltr'><em>μετὰ</em></span> <span class='ocrx_word' id='word_1_126' title='bbox 1412 981 1547 1036; x_wconf 73' lang='grc' dir='ltr'><strong><em>τύχην</em></strong></span> 
     </span>
     <span class='ocr_line' id='line_1_16' title="bbox 107 1033 1547 1092; baseline 0 -14"><span class='ocrx_word' id='word_1_127' title='bbox 107 1041 181 1079; x_wconf 80' lang='grc' dir='ltr'><strong>καῖ</strong></span> <span class='ocrx_word' id='word_1_128' title='bbox 206 1036 387 1092; x_wconf 75' lang='grc' dir='ltr'><strong><em>μεγάλην</em></strong></span> <span class='ocrx_word' id='word_1_129' title='bbox 420 1039 634 1089; x_wconf 70' lang='grc' dir='ltr'><strong><em>βασιλείαν</em></strong></span> <span class='ocrx_word' id='word_1_130' title='bbox 665 1036 847 1089; x_wconf 78' lang='grc' dir='ltr'><em>ἔδωκαν,</em></span> <span class='ocrx_word' id='word_1_131' title='bbox 878 1037 995 1091; x_wconf 67' lang='grc' dir='ltr'><em>γίγας</em></span> <span class='ocrx_word' id='word_1_132' title='bbox 1024 1034 1246 1089; x_wconf 69' lang='grc' dir='ltr'><strong>γιγάντων,</strong></span> <span class='ocrx_word' id='word_1_133' title='bbox 1285 1033 1332 1083; x_wconf 80' lang='grc' dir='ltr'><strong>ὃς</strong></span> <span class='ocrx_word' id='word_1_134' title='bbox 1357 1037 1404 1076; x_wconf 79' lang='grc' dir='ltr'><strong>ἐκ</strong></span> <span class='ocrx_word' id='word_1_135' title='bbox 1433 1038 1547 1078; x_wconf 73' lang='grc' dir='ltr'><strong>θεῶν</strong></span> 
     </span>
     <span class='ocr_line' id='line_1_17' title="bbox 103 1090 1546 1148; baseline -0.001 -15"><span class='ocrx_word' id='word_1_136' title='bbox 103 1094 467 1146; x_wconf 71' lang='grc' dir='ltr'><strong>χαρακτηριζεται,</strong></span> <span class='ocrx_word' id='word_1_137' title='bbox 492 1092 777 1148; x_wconf 75' lang='grc' dir='ltr'><strong>Ἰουστινιανῷ</strong></span> <span class='ocrx_word' id='word_1_138' title='bbox 805 1093 995 1144; x_wconf 70' lang='grc' dir='ltr'><strong>Καίσαρι</strong></span> <span class='ocrx_word' id='word_1_139' title='bbox 1017 1093 1186 1147; x_wconf 74' lang='grc' dir='ltr'><strong><em>α’δέλφῷ</em></strong></span> <span class='ocrx_word' id='word_1_140' title='bbox 1210 1090 1413 1146; x_wconf 78' lang='grc' dir='ltr'><em>ἡμετέρῳ.</em></span> <span class='ocrx_word' id='word_1_141' title='bbox 1466 1093 1546 1132; x_wconf 85' lang='lat' dir='ltr'><strong>Vix</strong></span> 
     </span>
     <span class='ocr_line' id='line_1_18' title="bbox 108 1146 1545 1202; baseline 0.001 -16"><span class='ocrx_word' id='word_1_142' title='bbox 108 1149 195 1188; x_wconf 83' lang='lat' dir='ltr'><strong>fieri</strong></span> <span class='ocrx_word' id='word_1_143' title='bbox 223 1156 378 1202; x_wconf 87' lang='lat' dir='ltr'><strong>potest,</strong></span> <span class='ocrx_word' id='word_1_144' title='bbox 425 1151 521 1202; x_wconf 89' lang='lat' dir='ltr'><strong>quin</strong></span> <span class='ocrx_word' id='word_1_145' title='bbox 556 1146 660 1188; x_wconf 84' lang='lat' dir='ltr'><strong>male</strong></span> <span class='ocrx_word' id='word_1_146' title='bbox 693 1164 804 1188; x_wconf 83' lang='lat' dir='ltr'><strong>versa</strong></span> <span class='ocrx_word' id='word_1_147' title='bbox 837 1151 917 1188; x_wconf 88' lang='lat' dir='ltr'><strong>sint</strong></span> <span class='ocrx_word' id='word_1_148' title='bbox 948 1148 1046 1188; x_wconf 85' lang='lat' dir='ltr'><strong>haec</strong></span> <span class='ocrx_word' id='word_1_149' title='bbox 1081 1162 1103 1187; x_wconf 91' lang='lat' dir='ltr'><strong>e</strong></span> <span class='ocrx_word' id='word_1_150' title='bbox 1129 1147 1297 1186; x_wconf 85' lang='lat' dir='ltr'><strong>Persicis</strong></span> <span class='ocrx_word' id='word_1_151' title='bbox 1322 1161 1403 1185; x_wconf 89' lang='lat' dir='ltr'><strong>non</strong></span> <span class='ocrx_word' id='word_1_152' title='bbox 1439 1147 1545 1188; x_wconf 89' lang='lat' dir='ltr'><strong>bene</strong></span> 
     </span>
     <span class='ocr_line' id='line_1_19' title="bbox 105 1202 1544 1257; baseline -0.001 -14"><span class='ocrx_word' id='word_1_153' title='bbox 105 1205 314 1256; x_wconf 84' lang='lat' dir='ltr'><strong>perceptis.</strong></span> <span class='ocrx_word' id='word_1_154' title='bbox 370 1203 617 1257; x_wconf 84' lang='lat' dir='ltr'><strong>Capitolinus</strong></span> <span class='ocrx_word' id='word_1_155' title='bbox 646 1207 687 1243; x_wconf 86' lang='lat' dir='ltr'><strong>in</strong></span> <span class='ocrx_word' id='word_1_156' title='bbox 701 1204 843 1243; x_wconf 88' lang='lat' dir='ltr'><strong>Clodio</strong></span> <span class='ocrx_word' id='word_1_157' title='bbox 867 1203 1015 1243; x_wconf 79' lang='lat' dir='ltr'><strong>Albino</strong></span> <span class='ocrx_word' id='word_1_158' title='bbox 1037 1202 1186 1241; x_wconf 85' lang='lat' dir='ltr'><strong>litteras</strong></span> <span class='ocrx_word' id='word_1_159' title='bbox 1201 1202 1338 1241; x_wconf 88' lang='lat' dir='ltr'><strong>Severi</strong></span> <span class='ocrx_word' id='word_1_160' title='bbox 1367 1202 1544 1254; x_wconf 85' lang='lat' dir='ltr'><strong>exhibet,</strong></span> 
     </span>
     <span class='ocr_line' id='line_1_20' title="bbox 107 1256 1543 1313; baseline 0 -15"><span class='ocrx_word' id='word_1_161' title='bbox 107 1272 278 1310; x_wconf 84' lang='lat' dir='ltr'><strong>quarum</strong></span> <span class='ocrx_word' id='word_1_162' title='bbox 315 1258 391 1297; x_wconf 93' lang='lat' dir='ltr'><strong>hoc</strong></span> <span class='ocrx_word' id='word_1_163' title='bbox 423 1266 482 1297; x_wconf 87' lang='lat' dir='ltr'><strong>est</strong></span> <span class='ocrx_word' id='word_1_164' title='bbox 510 1260 700 1297; x_wconf 82' lang='lat' dir='ltr'><strong>initium:</strong></span> <span class='ocrx_word' id='word_1_165' title='bbox 743 1259 966 1313; x_wconf 74' lang='lat' dir='ltr'><strong>Imperator·</strong></span> <span class='ocrx_word' id='word_1_166' title='bbox 993 1257 1161 1296; x_wconf 74' lang='lat' dir='ltr'><strong>Severus</strong></span> <span class='ocrx_word' id='word_1_167' title='bbox 1196 1256 1391 1308; x_wconf 58' lang='lat' dir='ltr'><strong>Augu-stm-</strong></span> <span class='ocrx_word' id='word_1_168' title='bbox 1422 1257 1543 1298; x_wconf 77' lang='lat' dir='ltr'><strong>Clau-</strong></span> 
     </span>
     <span class='ocr_line' id='line_1_21' title="bbox 104 1312 1544 1365; baseline 0 -14"><span class='ocrx_word' id='word_1_169' title='bbox 104 1313 176 1352; x_wconf 80' lang='lat' dir='ltr'><strong>dio</strong></span> <span class='ocrx_word' id='word_1_170' title='bbox 196 1313 343 1352; x_wconf 84' lang='lat' dir='ltr'><strong>Albino</strong></span> <span class='ocrx_word' id='word_1_171' title='bbox 371 1313 535 1351; x_wconf 61' lang='lat' dir='ltr'><strong>Caesari</strong></span> <span class='ocrx_word' id='word_1_172' title='bbox 546 1342 557 1360; x_wconf 92' lang='lat'>‚</span> <span class='ocrx_word' id='word_1_173' title='bbox 582 1315 718 1365; x_wconf 83' lang='lat' dir='ltr'><strong>fratri</strong></span> <span class='ocrx_word' id='word_1_174' title='bbox 738 1315 1001 1352; x_wconf 78' lang='lat' dir='ltr'><strong>amantissimo</strong></span> <span class='ocrx_word' id='word_1_175' title='bbox 1023 1321 1062 1351; x_wconf 83' lang='lat' dir='ltr'><strong>et</strong></span> <span class='ocrx_word' id='word_1_176' title='bbox 1086 1312 1409 1350; x_wconf 72' lang='lat' dir='ltr'><strong>desideratissitno</strong></span> <span class='ocrx_word' id='word_1_177' title='bbox 1423 1341 1435 1359; x_wconf 89' lang='lat'><strong>‚</strong></span> <span class='ocrx_word' id='word_1_178' title='bbox 1474 1326 1544 1351; x_wconf 75' lang='lat' dir='ltr'><strong>sa-</strong></span> 
     </span>
     <span class='ocr_line' id='line_1_22' title="bbox 105 1364 1542 1421; baseline 0 -15"><span class='ocrx_word' id='word_1_179' title='bbox 105 1368 241 1406; x_wconf 78' lang='lat' dir='ltr'><strong>lutem.</strong></span> <span class='ocrx_word' id='word_1_180' title='bbox 299 1367 439 1406; x_wconf 82' lang='lat' dir='ltr'><strong>Stante</strong></span> <span class='ocrx_word' id='word_1_181' title='bbox 458 1367 589 1406; x_wconf 83' lang='lat' dir='ltr'><strong>adhuc</strong></span> <span class='ocrx_word' id='word_1_182' title='bbox 619 1369 784 1421; x_wconf 87' lang='lat' dir='ltr'><strong>imperio</strong></span> <span class='ocrx_word' id='word_1_183' title='bbox 810 1369 991 1406; x_wconf 83' lang='lat' dir='ltr'><strong>Romano</strong></span> <span class='ocrx_word' id='word_1_184' title='bbox 1014 1368 1233 1419; x_wconf 84' lang='lat' dir='ltr'><strong>Imperator</strong></span> <span class='ocrx_word' id='word_1_185' title='bbox 1255 1364 1449 1418; x_wconf 86' lang='lat' dir='ltr'><strong>collegam</strong></span> <span class='ocrx_word' id='word_1_186' title='bbox 1469 1375 1542 1406; x_wconf 78' lang='lat' dir='ltr'><strong>aut</strong></span> 
     </span>
     <span class='ocr_line' id='line_1_23' title="bbox 107 1420 1540 1476; baseline 0.001 -16"><span class='ocrx_word' id='word_1_187' title='bbox 107 1421 318 1460; x_wconf 88' lang='lat' dir='ltr'><strong>Caesarem</strong></span> <span class='ocrx_word' id='word_1_188' title='bbox 347 1435 463 1461; x_wconf 87' lang='lat' dir='ltr'><strong>suum</strong></span> <span class='ocrx_word' id='word_1_189' title='bbox 489 1423 667 1474; x_wconf 69' lang='lat' dir='ltr'><strong>fratrem</strong></span> <span class='ocrx_word' id='word_1_190' title='bbox 697 1421 935 1476; x_wconf 81' lang='lat' dir='ltr'><strong>appellabat.</strong></span> <span class='ocrx_word' id='word_1_191' title='bbox 1004 1420 1252 1474; x_wconf 88' lang='lat' dir='ltr'><strong>Capitolinus</strong></span> <span class='ocrx_word' id='word_1_192' title='bbox 1288 1422 1370 1458; x_wconf 77' lang='lat' dir='ltr'><strong>vita</strong></span> <span class='ocrx_word' id='word_1_193' title='bbox 1398 1420 1540 1461; x_wconf 84' lang='lat' dir='ltr'><strong>Albini</strong></span> 
     </span>
     <span class='ocr_line' id='line_1_24' title="bbox 102 1475 1540 1531; baseline 0.001 -17"><span class='ocrx_word' id='word_1_194' title='bbox 102 1476 153 1518; x_wconf 89' lang='lat' dir='ltr'><strong>T.</strong></span> <span class='ocrx_word' id='word_1_195' title='bbox 180 1477 212 1519; x_wconf 89' lang='lat'><strong>1.</strong></span> <span class='ocrx_word' id='word_1_196' title='bbox 242 1477 327 1518; x_wconf 85' lang='lat' dir='ltr'><strong>Ser.</strong></span> <span class='ocrx_word' id='word_1_197' title='bbox 369 1477 422 1518; x_wconf 91' lang='lat' dir='ltr'><strong>H.</strong></span> <span class='ocrx_word' id='word_1_198' title='bbox 461 1477 567 1528; x_wconf 83' lang='lat' dir='ltr'><strong>Aug.</strong></span> <span class='ocrx_word' id='word_1_199' title='bbox 610 1491 650 1530; x_wconf 89' lang='lat' dir='ltr'><strong>p.</strong></span> <span class='ocrx_word' id='word_1_200' title='bbox 695 1478 789 1531; x_wconf 86' lang='lat'><strong>695.</strong></span> <span class='ocrx_word' id='word_1_201' title='bbox 828 1477 948 1515; x_wconf 90' lang='lat' dir='ltr'><strong>habet</strong></span> <span class='ocrx_word' id='word_1_202' title='bbox 989 1475 1199 1528; x_wconf 83' lang='lat' dir='ltr'><strong>epistolam</strong></span> <span class='ocrx_word' id='word_1_203' title='bbox 1227 1475 1388 1522; x_wconf 85' lang='lat' dir='ltr'><strong>Severi,</strong></span> <span class='ocrx_word' id='word_1_204' title='bbox 1424 1478 1540 1515; x_wconf 88' lang='lat' dir='ltr'><strong>cuius</strong></span> 
     </span>
     <span class='ocr_line' id='line_1_25' title="bbox 103 1529 1540 1585; baseline 0.001 -15"><span class='ocrx_word' id='word_1_205' title='bbox 103 1529 181 1570; x_wconf 84' lang='lat' dir='ltr'><strong>hoc</strong></span> <span class='ocrx_word' id='word_1_206' title='bbox 210 1539 269 1571; x_wconf 86' lang='lat' dir='ltr'><strong>est</strong></span> <span class='ocrx_word' id='word_1_207' title='bbox 296 1532 479 1570; x_wconf 86' lang='lat' dir='ltr'><strong>initium:</strong></span> <span class='ocrx_word' id='word_1_208' title='bbox 521 1532 743 1585; x_wconf 80' lang='lat' dir='ltr'><strong>Imperator</strong></span> <span class='ocrx_word' id='word_1_209' title='bbox 777 1532 941 1570; x_wconf 76' lang='lat' dir='ltr'><strong>Severus</strong></span> <span class='ocrx_word' id='word_1_210' title='bbox 968 1531 1162 1581; x_wconf 76' lang='lat' dir='ltr'><strong>Augustus</strong></span> <span class='ocrx_word' id='word_1_211' title='bbox 1198 1529 1364 1568; x_wconf 81' lang='lat' dir='ltr'><strong>Claudio</strong></span> <span class='ocrx_word' id='word_1_212' title='bbox 1390 1529 1540 1571; x_wconf 79' lang='lat' dir='ltr'><strong>Albino</strong></span> 
     </span>
     <span class='ocr_line' id='line_1_26' title="bbox 105 1585 1397 1637; baseline -0.002 -12"><span class='ocrx_word' id='word_1_213' title='bbox 105 1586 293 1636; x_wconf 79' lang='lat' dir='ltr'><strong>Caesari,</strong></span> <span class='ocrx_word' id='word_1_214' title='bbox 306 1587 444 1637; x_wconf 77' lang='lat' dir='ltr'><strong>fiatri</strong></span> <span class='ocrx_word' id='word_1_215' title='bbox 470 1589 737 1625; x_wconf 74' lang='lat' dir='ltr'><strong>amantissimo</strong></span> <span class='ocrx_word' id='word_1_216' title='bbox 769 1596 807 1625; x_wconf 85' lang='lat' dir='ltr'><strong>et</strong></span> <span class='ocrx_word' id='word_1_217' title='bbox 839 1586 1167 1625; x_wconf 61' lang='lat' dir='ltr'><strong>desideranksz&#39;mo</strong></span> <span class='ocrx_word' id='word_1_218' title='bbox 1182 1614 1193 1630; x_wconf 94' lang='lat'>‚</span> <span class='ocrx_word' id='word_1_219' title='bbox 1221 1585 1397 1626; x_wconf 82' lang='lat' dir='ltr'><strong>salutem.</strong></span> 
     </span>
    </p>

    <p class='ocr_par' dir='ltr' id='par_1_3' title="bbox 210 1637 1537 1695">
     <span class='ocr_line' id='line_1_27' title="bbox 210 1637 1537 1695; baseline -0.002 -15"><span class='ocrx_word' id='word_1_220' title='bbox 210 1642 256 1683; x_wconf 90' lang='lat' dir='ltr'><strong>B.</strong></span> <span class='ocrx_word' id='word_1_221' title='bbox 289 1641 331 1682; x_wconf 83' lang='lat'><strong>6.</strong></span> <span class='ocrx_word' id='word_1_222' title='bbox 359 1640 477 1695; x_wconf 85' lang='lat'>[689‚</span> <span class='ocrx_word' id='word_1_223' title='bbox 501 1640 584 1694; x_wconf 82' lang='lat'>17.]</span> <span class='ocrx_word' id='word_1_224' title='bbox 604 1637 876 1692; x_wconf 73' lang='grc' dir='ltr'><strong>ἐξουσιαστὴν</strong></span> <span class='ocrx_word' id='word_1_225' title='bbox 893 1640 975 1679; x_wconf 81' lang='grc' dir='ltr'><strong>τῶν</strong></span> <span class='ocrx_word' id='word_1_226' title='bbox 992 1639 1373 1691; x_wconf 72' lang='grc' dir='ltr'><strong><em>ΠΙουσουλημιτῶν.</em></strong></span> <span class='ocrx_word' id='word_1_227' title='bbox 1428 1639 1537 1678; x_wconf 82' lang='lat' dir='ltr'><strong>Red-</strong></span> 
     </span>
    </p>
   </div>
   <div class='ocr_carea' id='block_1_3' title="bbox 93 1696 1536 2798">
    <p class='ocr_par' dir='ltr' id='par_1_4' title="bbox 95 1696 1536 2352">
     <span class='ocr_line' id='line_1_28' title="bbox 101 1696 1536 1762; baseline -0.001 -18"><span class='ocrx_word' id='word_1_228' title='bbox 101 1705 163 1744; x_wconf 86' lang='lat' dir='ltr'><strong>dit</strong></span> <span class='ocrx_word' id='word_1_229' title='bbox 183 1705 268 1745; x_wconf 81' lang='lat' dir='ltr'><strong>hoe</strong></span> <span class='ocrx_word' id='word_1_230' title='bbox 289 1706 512 1745; x_wconf 79' lang='lat' dir='ltr'><strong>Arabicum</strong></span> <span class='ocrx_word' id='word_1_231' title='bbox 537 1706 698 1745; x_wconf 85' lang='lat' dir='ltr'><strong>titulum</strong></span> <span class='ocrx_word' id='word_1_232' title='bbox 731 1696 1004 1762; x_wconf 43' lang='lat' dir='ltr'><strong>eye-*wi</strong></span> <span class='ocrx_word' id='word_1_233' title='bbox 1042 1698 1124 1759; x_wconf 60' lang='lat'><strong>52⁸5</strong></span> <span class='ocrx_word' id='word_1_234' title='bbox 1149 1733 1163 1754; x_wconf 53' lang='lat'>9</span> <span class='ocrx_word' id='word_1_235' title='bbox 1210 1705 1330 1742; x_wconf 79' lang='lat' dir='ltr'><strong>Amir</strong></span> <span class='ocrx_word' id='word_1_236' title='bbox 1357 1704 1401 1742; x_wconf 88' lang='lat' dir='ltr'><strong>ol</strong></span> <span class='ocrx_word' id='word_1_237' title='bbox 1424 1704 1536 1743; x_wconf 75' lang='lat' dir='ltr'><em>Mos-</em></span> 
     </span>
     <span class='ocr_line' id='line_1_29' title="bbox 100 1760 1535 1814; baseline 0 -16"><span class='ocrx_word' id='word_1_238' title='bbox 100 1761 253 1803; x_wconf 84' lang='lat' dir='ltr'><strong>lemine.</strong></span> <span class='ocrx_word' id='word_1_239' title='bbox 308 1761 434 1814; x_wconf 84' lang='lat' dir='ltr'>Atqui</span> <span class='ocrx_word' id='word_1_240' title='bbox 462 1760 602 1799; x_wconf 88' lang='lat' dir='ltr'><strong>titulus</strong></span> <span class='ocrx_word' id='word_1_241' title='bbox 632 1761 699 1800; x_wconf 92' lang='lat' dir='ltr'><strong>ille</strong></span> <span class='ocrx_word' id='word_1_242' title='bbox 729 1777 808 1800; x_wconf 91' lang='lat' dir='ltr'><strong>non</strong></span> <span class='ocrx_word' id='word_1_243' title='bbox 842 1761 917 1799; x_wconf 86' lang='lat' dir='ltr'><strong>fuit</strong></span> <span class='ocrx_word' id='word_1_244' title='bbox 947 1762 988 1799; x_wconf 92' lang='lat' dir='ltr'><strong>in</strong></span> <span class='ocrx_word' id='word_1_245' title='bbox 1017 1774 1089 1798; x_wconf 91' lang='lat' dir='ltr'><strong>usu</strong></span> <span class='ocrx_word' id='word_1_246' title='bbox 1120 1767 1207 1797; x_wconf 90' lang='lat' dir='ltr'><strong>tum</strong></span> <span class='ocrx_word' id='word_1_247' title='bbox 1238 1760 1462 1811; x_wconf 82' lang='lat' dir='ltr'><strong>temporis,</strong></span> <span class='ocrx_word' id='word_1_248' title='bbox 1494 1767 1535 1798; x_wconf 85' lang='lat' dir='ltr'><strong>et</strong></span> 
     </span>
     <span class='ocr_line' id='line_1_30' title="bbox 101 1813 1534 1871; baseline -0.001 -18"><span class='ocrx_word' id='word_1_249' title='bbox 101 1813 226 1868; x_wconf 83' lang='lat' dir='ltr'><strong>longo</strong></span> <span class='ocrx_word' id='word_1_250' title='bbox 258 1823 438 1871; x_wconf 90' lang='lat' dir='ltr'><strong>tempore</strong></span> <span class='ocrx_word' id='word_1_251' title='bbox 459 1823 547 1869; x_wconf 84' lang='lat' dir='ltr'><strong>post</strong></span> <span class='ocrx_word' id='word_1_252' title='bbox 580 1816 736 1855; x_wconf 88' lang='lat' dir='ltr'><strong>saeculo</strong></span> <span class='ocrx_word' id='word_1_253' title='bbox 771 1817 931 1855; x_wconf 90' lang='lat' dir='ltr'><strong>demum</strong></span> <span class='ocrx_word' id='word_1_254' title='bbox 964 1816 1040 1857; x_wconf 77' lang='lat' dir='ltr'><strong>XI.</strong></span> <span class='ocrx_word' id='word_1_255' title='bbox 1067 1821 1277 1867; x_wconf 88' lang='lat' dir='ltr'><strong>usurpatus</strong></span> <span class='ocrx_word' id='word_1_256' title='bbox 1304 1821 1363 1857; x_wconf 75' lang='lat' dir='ltr'><strong>est</strong></span> <span class='ocrx_word' id='word_1_257' title='bbox 1392 1828 1416 1852; x_wconf 90' lang='lat' dir='ltr'><strong>a</strong></span> <span class='ocrx_word' id='word_1_258' title='bbox 1442 1815 1534 1852; x_wconf 88' lang='lat' dir='ltr'><strong>Mo·</strong></span> 
     </span>
     <span class='ocr_line' id='line_1_31' title="bbox 99 1868 1532 1924; baseline 0 -16"><span class='ocrx_word' id='word_1_259' title='bbox 99 1870 257 1908; x_wconf 80' lang='lat' dir='ltr'><strong>ravedis</strong></span> <span class='ocrx_word' id='word_1_260' title='bbox 283 1870 324 1910; x_wconf 90' lang='lat' dir='ltr'><strong>in</strong></span> <span class='ocrx_word' id='word_1_261' title='bbox 354 1871 593 1909; x_wconf 82' lang='lat' dir='ltr'><strong>Mauritania</strong></span> <span class='ocrx_word' id='word_1_262' title='bbox 626 1878 665 1909; x_wconf 91' lang='lat' dir='ltr'><strong>et</strong></span> <span class='ocrx_word' id='word_1_263' title='bbox 704 1872 908 1924; x_wconf 83' lang='lat' dir='ltr'><strong>Hispania.</strong></span> <span class='ocrx_word' id='word_1_264' title='bbox 958 1869 1158 1908; x_wconf 82' lang='lat' dir='ltr'><strong>Gerebant</strong></span> <span class='ocrx_word' id='word_1_265' title='bbox 1187 1883 1229 1907; x_wconf 92' lang='lat' dir='ltr'><strong>se</strong></span> <span class='ocrx_word' id='word_1_266' title='bbox 1257 1868 1418 1921; x_wconf 85' lang='lat' dir='ltr'><strong>quidem</strong></span> <span class='ocrx_word' id='word_1_267' title='bbox 1450 1870 1532 1908; x_wconf 78' lang='lat' dir='ltr'><strong>iam</strong></span> 
     </span>
     <span class='ocr_line' id='line_1_32' title="bbox 99 1923 1533 1979; baseline 0.001 -17"><span class='ocrx_word' id='word_1_268' title='bbox 99 1931 187 1962; x_wconf 79' lang='lat' dir='ltr'><strong>tum</strong></span> <span class='ocrx_word' id='word_1_269' title='bbox 216 1926 412 1979; x_wconf 88' lang='lat' dir='ltr'><strong>principes</strong></span> <span class='ocrx_word' id='word_1_270' title='bbox 442 1925 600 1964; x_wconf 78' lang='lat' dir='ltr'><strong>Africae</strong></span> <span class='ocrx_word' id='word_1_271' title='bbox 623 1940 691 1964; x_wconf 89' lang='lat' dir='ltr'><strong>seu</strong></span> <span class='ocrx_word' id='word_1_272' title='bbox 719 1927 868 1979; x_wconf 84' lang='lat' dir='ltr'><strong>Libyae</strong></span> <span class='ocrx_word' id='word_1_273' title='bbox 904 1925 953 1964; x_wconf 91' lang='lat' dir='ltr'><strong>de</strong></span> <span class='ocrx_word' id='word_1_274' title='bbox 979 1931 1094 1978; x_wconf 84' lang='lat' dir='ltr'><strong>gente</strong></span> <span class='ocrx_word' id='word_1_275' title='bbox 1113 1923 1439 1962; x_wconf 86' lang='lat' dir='ltr'><strong>Fathemidarum</strong></span> <span class='ocrx_word' id='word_1_276' title='bbox 1458 1938 1533 1976; x_wconf 90' lang='lat' dir='ltr'><strong>pro</strong></span> 
     </span>
     <span class='ocr_line' id='line_1_33' title="bbox 101 1978 1531 2031; baseline 0.001 -15"><span class='ocrx_word' id='word_1_277' title='bbox 101 1978 263 2018; x_wconf 79' lang='lat' dir='ltr'><strong>Chalifis</strong></span> <span class='ocrx_word' id='word_1_278' title='bbox 279 2009 292 2030; x_wconf 87' lang='lat'>‚</span> <span class='ocrx_word' id='word_1_279' title='bbox 336 1994 476 2018; x_wconf 86' lang='lat' dir='ltr'><strong>verum</strong></span> <span class='ocrx_word' id='word_1_280' title='bbox 522 1980 641 2019; x_wconf 82' lang='lat' dir='ltr'><strong>Amir·</strong></span> <span class='ocrx_word' id='word_1_281' title='bbox 677 1982 719 2019; x_wconf 91' lang='lat' dir='ltr'><strong>ol</strong></span> <span class='ocrx_word' id='word_1_282' title='bbox 754 1982 981 2020; x_wconf 77' lang='lat' dir='ltr'><strong>Mumenine</strong></span> <span class='ocrx_word' id='word_1_283' title='bbox 1024 1979 1264 2027; x_wconf 83' lang='lat' dir='ltr'><strong>utebantur,</strong></span> <span class='ocrx_word' id='word_1_284' title='bbox 1313 1991 1531 2031; x_wconf 87' lang='lat' dir='ltr'><strong>eorumque</strong></span> 
     </span>
     <span class='ocr_line' id='line_1_34' title="bbox 99 2032 1529 2087; baseline 0 -16"><span class='ocrx_word' id='word_1_285' title='bbox 99 2032 225 2072; x_wconf 87' lang='lat' dir='ltr'><strong>hostis</strong></span> <span class='ocrx_word' id='word_1_286' title='bbox 251 2041 290 2072; x_wconf 88' lang='lat' dir='ltr'><strong>et</strong></span> <span class='ocrx_word' id='word_1_287' title='bbox 323 2034 515 2082; x_wconf 84' lang='lat' dir='ltr'><strong>aemulus,</strong></span> <span class='ocrx_word' id='word_1_288' title='bbox 544 2035 684 2074; x_wconf 87' lang='lat' dir='ltr'><strong>Abdor</strong></span> <span class='ocrx_word' id='word_1_289' title='bbox 712 2037 892 2077; x_wconf 78' lang='lat' dir='ltr'><strong>Bahman</strong></span> <span class='ocrx_word' id='word_1_290' title='bbox 908 2064 920 2084; x_wconf 77' lang='lat'>‚</span> <span class='ocrx_word' id='word_1_291' title='bbox 936 2049 944 2056; x_wconf 83' lang='lat'>·</span> <span class='ocrx_word' id='word_1_292' title='bbox 962 2034 1179 2087; x_wconf 84' lang='lat' dir='ltr'><strong>Hispaniae</strong></span> <span class='ocrx_word' id='word_1_293' title='bbox 1197 2033 1390 2072; x_wconf 84' lang='lat' dir='ltr'><strong>hactenus</strong></span> <span class='ocrx_word' id='word_1_294' title='bbox 1413 2033 1529 2072; x_wconf 90' lang='lat' dir='ltr'><strong>Emi-</strong></span> 
     </span>
     <span class='ocr_line' id='line_1_35' title="bbox 98 2087 1530 2142; baseline 0.001 -16"><span class='ocrx_word' id='word_1_295' title='bbox 98 2101 168 2126; x_wconf 85' lang='lat' dir='ltr'><strong>rus</strong></span> <span class='ocrx_word' id='word_1_296' title='bbox 200 2102 267 2127; x_wconf 84' lang='lat' dir='ltr'><strong>seu</strong></span> <span class='ocrx_word' id='word_1_297' title='bbox 296 2091 486 2142; x_wconf 87' lang='lat' dir='ltr'><strong>princeps,</strong></span> <span class='ocrx_word' id='word_1_298' title='bbox 523 2089 574 2128; x_wconf 87' lang='lat' dir='ltr'><strong>ab</strong></span> <span class='ocrx_word' id='word_1_299' title='bbox 614 2105 718 2129; x_wconf 88' lang='lat' dir='ltr'><strong>anno</strong></span> <span class='ocrx_word' id='word_1_300' title='bbox 751 2091 843 2130; x_wconf 88' lang='lat' dir='ltr'><strong>inde</strong></span> <span class='ocrx_word' id='word_1_301' title='bbox 882 2090 1032 2128; x_wconf 80' lang='lat' dir='ltr'><strong>Christi</strong></span> <span class='ocrx_word' id='word_1_302' title='bbox 1072 2088 1165 2142; x_wconf 78' lang='lat'>936.</span> <span class='ocrx_word' id='word_1_303' title='bbox 1193 2087 1404 2140; x_wconf 89' lang='lat' dir='ltr'><strong>incipiebat</strong></span> <span class='ocrx_word' id='word_1_304' title='bbox 1435 2102 1530 2127; x_wconf 86' lang='lat' dir='ltr'><strong>eum</strong></span> 
     </span>
     <span class='ocr_line' id='line_1_36' title="bbox 99 2143 1527 2196; baseline 0.001 -16"><span class='ocrx_word' id='word_1_305' title='bbox 99 2156 260 2195; x_wconf 79' lang='lat' dir='ltr'><strong>qnoque</strong></span> <span class='ocrx_word' id='word_1_306' title='bbox 297 2143 485 2195; x_wconf 84' lang='lat' dir='ltr'><strong>titulum,</strong></span> <span class='ocrx_word' id='word_1_307' title='bbox 528 2146 791 2185; x_wconf 81' lang='lat' dir='ltr'><strong>aemulatione</strong></span> <span class='ocrx_word' id='word_1_308' title='bbox 830 2158 1037 2193; x_wconf 81' lang='lat' dir='ltr'><strong>accensus,</strong></span> <span class='ocrx_word' id='word_1_309' title='bbox 1083 2157 1288 2196; x_wconf 84' lang='lat' dir='ltr'><strong>usurpare.</strong></span> <span class='ocrx_word' id='word_1_310' title='bbox 1361 2143 1527 2182; x_wconf 78' lang='lat' dir='ltr'><strong>Arablci</strong></span> 
     </span>
     <span class='ocr_line' id='line_1_37' title="bbox 97 2197 1526 2253; baseline 0.002 -19"><span class='ocrx_word' id='word_1_311' title='bbox 97 2203 232 2236; x_wconf 85' lang='lat' dir='ltr'><strong>tamen</strong></span> <span class='ocrx_word' id='word_1_312' title='bbox 271 2200 479 2251; x_wconf 86' lang='lat' dir='ltr'><strong>scriptores</strong></span> <span class='ocrx_word' id='word_1_313' title='bbox 514 2208 738 2239; x_wconf 86' lang='lat' dir='ltr'><strong>constanter</strong></span> <span class='ocrx_word' id='word_1_314' title='bbox 767 2200 975 2253; x_wconf 88' lang='lat' dir='ltr'><strong>perhibent</strong></span> <span class='ocrx_word' id='word_1_315' title='bbox 1012 2197 1163 2248; x_wconf 84' lang='lat' dir='ltr'><strong>ambos,</strong></span> <span class='ocrx_word' id='word_1_316' title='bbox 1194 2205 1234 2236; x_wconf 89' lang='lat' dir='ltr'><strong>et</strong></span> <span class='ocrx_word' id='word_1_317' title='bbox 1268 2197 1526 2237; x_wconf 84' lang='lat' dir='ltr'><strong>Fathemidas</strong></span> 
     </span>
     <span class='ocr_line' id='line_1_38' title="bbox 96 2252 1526 2301; baseline 0.002 -12"><span class='ocrx_word' id='word_1_318' title='bbox 96 2258 138 2289; x_wconf 86' lang='lat' dir='ltr'><strong>et</strong></span> <span class='ocrx_word' id='word_1_319' title='bbox 160 2252 389 2291; x_wconf 77' lang='lat' dir='ltr'><strong>Ommiadas</strong></span> <span class='ocrx_word' id='word_1_320' title='bbox 406 2253 682 2294; x_wconf 81' lang='lat' dir='ltr'><strong>Andaluseno&#39;s</strong></span> <span class='ocrx_word' id='word_1_321' title='bbox 702 2255 820 2294; x_wconf 84' lang='lat' dir='ltr'><strong>titulo</strong></span> <span class='ocrx_word' id='word_1_322' title='bbox 838 2255 960 2293; x_wconf 70' lang='lat' dir='ltr'><strong>Amin</strong></span> <span class='ocrx_word' id='word_1_323' title='bbox 978 2254 1013 2292; x_wconf 87' lang='lat' dir='ltr'><strong>il</strong></span> <span class='ocrx_word' id='word_1_324' title='bbox 1026 2252 1262 2301; x_wconf 71' lang='lat' dir='ltr'><strong>Illumenine,</strong></span> <span class='ocrx_word' id='word_1_325' title='bbox 1287 2266 1371 2291; x_wconf 88' lang='lat' dir='ltr'><strong>non</strong></span> <span class='ocrx_word' id='word_1_326' title='bbox 1391 2260 1526 2292; x_wconf 86' lang='lat' dir='ltr'><strong>autem</strong></span> 
     </span>
     <span class='ocr_line' id='line_1_39' title="bbox 95 2306 965 2352; baseline 0.005 -8"><span class='ocrx_word' id='word_1_327' title='bbox 95 2306 213 2345; x_wconf 85' lang='lat' dir='ltr'><strong>titulo</strong></span> <span class='ocrx_word' id='word_1_328' title='bbox 255 2306 420 2345; x_wconf 79' lang='lat' dir='ltr'><strong>Amiri&#39;l</strong></span> <span class='ocrx_word' id='word_1_329' title='bbox 447 2309 678 2348; x_wconf 70' lang='lat' dir='ltr'><strong>Bloslemine</strong></span> <span class='ocrx_word' id='word_1_330' title='bbox 706 2310 824 2349; x_wconf 86' lang='lat' dir='ltr'><strong>fuisse</strong></span> <span class='ocrx_word' id='word_1_331' title='bbox 860 2323 965 2352; x_wconf 87' lang='lat' dir='ltr'><strong>usos.</strong></span> 
     </span>
    </p>

    <p class='ocr_par' dir='ltr' id='par_1_5' title="bbox 93 2359 1523 2798">
     <span class='ocr_line' id='line_1_40' title="bbox 208 2359 1523 2419; baseline 0.001 -20"><span class='ocrx_word' id='word_1_332' title='bbox 208 2362 252 2402; x_wconf 92' lang='grc' dir='ltr'><strong>Β.</strong></span> <span class='ocrx_word' id='word_1_333' title='bbox 289 2375 348 2404; x_wconf 77' lang='grc' dir='ltr'><strong>ιι.</strong></span> <span class='ocrx_word' id='word_1_334' title='bbox 377 2362 491 2415; x_wconf 80' lang='lat'>[689‚</span> <span class='ocrx_word' id='word_1_335' title='bbox 514 2362 595 2419; x_wconf 81' lang='lat'>21.]</span> <span class='ocrx_word' id='word_1_336' title='bbox 618 2359 760 2414; x_wconf 74' lang='grc' dir='ltr'><strong>ὲξάγια</strong></span> <span class='ocrx_word' id='word_1_337' title='bbox 814 2364 872 2402; x_wconf 89' lang='lat' dir='ltr'><strong>Ut</strong></span> <span class='ocrx_word' id='word_1_338' title='bbox 892 2378 915 2402; x_wconf 90' lang='lat' dir='ltr'><strong>a</strong></span> <span class='ocrx_word' id='word_1_339' title='bbox 955 2360 1128 2415; x_wconf 78' lang='grc' dir='ltr'><em>τετρὰς,</em></span> <span class='ocrx_word' id='word_1_340' title='bbox 1166 2359 1361 2413; x_wconf 77' lang='grc' dir='ltr'><em>τετράδος</em></span> <span class='ocrx_word' id='word_1_341' title='bbox 1386 2361 1431 2400; x_wconf 84' lang='lat' dir='ltr'><strong>fit</strong></span> <span class='ocrx_word' id='word_1_342' title='bbox 1456 2375 1523 2402; x_wconf 80' lang='grc' dir='ltr'><strong>τε-</strong></span> 
     </span>
     <span class='ocr_line' id='line_1_41' title="bbox 94 2410 1523 2476; baseline 0.001 -24"><span class='ocrx_word' id='word_1_343' title='bbox 94 2410 265 2476; x_wconf 62' lang='grc' dir='ltr'><strong>τράᾷιον</strong></span> <span class='ocrx_word' id='word_1_344' title='bbox 278 2446 288 2463; x_wconf 88' lang='grc'>,</span> <span class='ocrx_word' id='word_1_345' title='bbox 330 2419 533 2471; x_wconf 79' lang='lat' dir='ltr'><strong>quaternio</strong></span> <span class='ocrx_word' id='word_1_346' title='bbox 544 2446 557 2465; x_wconf 90' lang='lat'><strong><em>,</em></strong></span> <span class='ocrx_word' id='word_1_347' title='bbox 606 2420 700 2457; x_wconf 90' lang='lat' dir='ltr'><strong>item</strong></span> <span class='ocrx_word' id='word_1_348' title='bbox 736 2428 877 2474; x_wconf 82' lang='lat' dir='ltr'><strong>quarta</strong></span> <span class='ocrx_word' id='word_1_349' title='bbox 905 2432 1004 2473; x_wconf 82' lang='lat' dir='ltr'><strong>pars</strong></span> <span class='ocrx_word' id='word_1_350' title='bbox 1020 2447 1032 2465; x_wconf 83' lang='grc'>,</span> <span class='ocrx_word' id='word_1_351' title='bbox 1073 2418 1128 2455; x_wconf 87' lang='lat' dir='ltr'><strong>ita</strong></span> <span class='ocrx_word' id='word_1_352' title='bbox 1162 2416 1213 2455; x_wconf 88' lang='lat' dir='ltr'><strong>ab</strong></span> <span class='ocrx_word' id='word_1_353' title='bbox 1240 2412 1351 2465; x_wconf 75' lang='grc' dir='ltr'><strong><em>ἑξὰς,</em></strong></span> <span class='ocrx_word' id='word_1_354' title='bbox 1378 2411 1523 2466; x_wconf 72' lang='grc' dir='ltr'><strong><em>ἑξάδος</em></strong></span> 
     </span>
     <span class='ocr_line' id='line_1_42' title="bbox 96 2468 1520 2524; baseline 0.003 -18"><span class='ocrx_word' id='word_1_355' title='bbox 96 2469 142 2507; x_wconf 88' lang='lat' dir='ltr'><strong>fit</strong></span> <span class='ocrx_word' id='word_1_356' title='bbox 175 2468 361 2518; x_wconf 70' lang='grc' dir='ltr'><strong>εξάὸιον,</strong></span> <span class='ocrx_word' id='word_1_357' title='bbox 408 2473 608 2511; x_wconf 65' lang='lat' dir='ltr'><strong>serarium</strong></span> <span class='ocrx_word' id='word_1_358' title='bbox 629 2502 640 2522; x_wconf 93' lang='lat'><strong>‚</strong></span> <span class='ocrx_word' id='word_1_359' title='bbox 695 2475 874 2512; x_wconf 75' lang='lat' dir='ltr'><strong>sexernio</strong></span> <span class='ocrx_word' id='word_1_360' title='bbox 926 2486 995 2511; x_wconf 90' lang='lat' dir='ltr'><strong>seu</strong></span> <span class='ocrx_word' id='word_1_361' title='bbox 1037 2471 1264 2524; x_wconf 86' lang='lat' dir='ltr'><strong>complexus</strong></span> <span class='ocrx_word' id='word_1_362' title='bbox 1296 2485 1360 2510; x_wconf 82' lang='lat' dir='ltr'><strong>sex</strong></span> <span class='ocrx_word' id='word_1_363' title='bbox 1391 2471 1520 2523; x_wconf 83' lang='lat' dir='ltr'><strong>parti·</strong></span> 
     </span>
     <span class='ocr_line' id='line_1_43' title="bbox 95 2523 1518 2579; baseline 0.002 -18"><span class='ocrx_word' id='word_1_364' title='bbox 95 2523 302 2575; x_wconf 84' lang='lat' dir='ltr'><strong>cularum,</strong></span> <span class='ocrx_word' id='word_1_365' title='bbox 343 2532 389 2563; x_wconf 90' lang='lat' dir='ltr'><strong>ut</strong></span> <span class='ocrx_word' id='word_1_366' title='bbox 426 2539 489 2564; x_wconf 85' lang='lat' dir='ltr'><strong>sex</strong></span> <span class='ocrx_word' id='word_1_367' title='bbox 527 2529 694 2577; x_wconf 83' lang='lat' dir='ltr'><strong>assium,</strong></span> <span class='ocrx_word' id='word_1_368' title='bbox 739 2534 808 2565; x_wconf 89' lang='lat' dir='ltr'><strong>aut</strong></span> <span class='ocrx_word' id='word_1_369' title='bbox 841 2534 947 2566; x_wconf 84' lang='lat' dir='ltr'><strong>sexta</strong></span> <span class='ocrx_word' id='word_1_370' title='bbox 982 2541 1075 2579; x_wconf 88' lang='lat' dir='ltr'><strong>pars</strong></span> <span class='ocrx_word' id='word_1_371' title='bbox 1113 2529 1238 2576; x_wconf 83' lang='lat' dir='ltr'><strong>assis,</strong></span> <span class='ocrx_word' id='word_1_372' title='bbox 1284 2525 1350 2565; x_wconf 85' lang='lat' dir='ltr'><strong>vel</strong></span> <span class='ocrx_word' id='word_1_373' title='bbox 1382 2527 1518 2570; x_wconf 81' lang='lat' dir='ltr'><strong>totius.</strong></span> 
     </span>
     <span class='ocr_line' id='line_1_44' title="bbox 96 2576 1523 2634; baseline 0.002 -18"><span class='ocrx_word' id='word_1_374' title='bbox 96 2576 152 2616; x_wconf 86' lang='lat' dir='ltr'><strong>Et</strong></span> <span class='ocrx_word' id='word_1_375' title='bbox 181 2580 274 2631; x_wconf 90' lang='lat' dir='ltr'><strong>quia</strong></span> <span class='ocrx_word' id='word_1_376' title='bbox 302 2587 451 2619; x_wconf 86' lang='lat' dir='ltr'><strong>veteres</strong></span> <span class='ocrx_word' id='word_1_377' title='bbox 488 2582 627 2621; x_wconf 88' lang='lat' dir='ltr'><strong>Graeci</strong></span> <span class='ocrx_word' id='word_1_378' title='bbox 657 2582 868 2634; x_wconf 87' lang='lat' dir='ltr'><strong>Latinique</strong></span> <span class='ocrx_word' id='word_1_379' title='bbox 904 2582 931 2620; x_wconf 79' lang='grc' dir='ltr'><em>δ</em></span> <span class='ocrx_word' id='word_1_380' title='bbox 963 2589 1002 2620; x_wconf 90' lang='lat' dir='ltr'><strong>et</strong></span> <span class='ocrx_word' id='word_1_381' title='bbox 1027 2582 1059 2620; x_wconf 90' lang='lat' dir='ltr'><em>d</em></span> <span class='ocrx_word' id='word_1_382' title='bbox 1092 2588 1184 2620; x_wconf 90' lang='lat' dir='ltr'><strong>ante</strong></span> <span class='ocrx_word' id='word_1_383' title='bbox 1211 2583 1229 2619; x_wconf 80' lang='lat' dir='ltr'><strong>i</strong></span> <span class='ocrx_word' id='word_1_384' title='bbox 1259 2587 1305 2620; x_wconf 86' lang='lat' dir='ltr'><strong>ut</strong></span> <span class='ocrx_word' id='word_1_385' title='bbox 1327 2596 1356 2633; x_wconf 78' lang='lat' dir='ltr'><em>g</em></span> <span class='ocrx_word' id='word_1_386' title='bbox 1383 2587 1477 2620; x_wconf 85' lang='lat' dir='ltr'><strong>ante</strong></span> <span class='ocrx_word' id='word_1_387' title='bbox 1501 2581 1523 2619; x_wconf 80' lang='lat' dir='ltr'><strong>i</strong></span> 
     </span>
     <span class='ocr_line' id='line_1_45' title="bbox 95 2634 1516 2690; baseline 0.001 -19"><span class='ocrx_word' id='word_1_388' title='bbox 95 2638 167 2690; x_wconf 66' lang='lat' dir='ltr'><strong>aut</strong></span> <span class='ocrx_word' id='word_1_389' title='bbox 198 2647 219 2670; x_wconf 88' lang='lat' dir='ltr'><strong><em>z</em></strong></span> <span class='ocrx_word' id='word_1_390' title='bbox 266 2635 601 2687; x_wconf 84' lang='lat' dir='ltr'><strong>pronuntiabant,</strong></span> <span class='ocrx_word' id='word_1_391' title='bbox 650 2636 744 2675; x_wconf 85' lang='lat' dir='ltr'><strong>hinc</strong></span> <span class='ocrx_word' id='word_1_392' title='bbox 793 2638 964 2683; x_wconf 79' lang='lat' dir='ltr'><strong>factum,</strong></span> <span class='ocrx_word' id='word_1_393' title='bbox 1009 2643 1054 2675; x_wconf 89' lang='lat' dir='ltr'><strong>ut</strong></span> <span class='ocrx_word' id='word_1_394' title='bbox 1093 2635 1258 2688; x_wconf 91' lang='lat' dir='ltr'><strong>perinde</strong></span> <span class='ocrx_word' id='word_1_395' title='bbox 1299 2634 1516 2674; x_wconf 87' lang='lat' dir='ltr'><strong>scriberent</strong></span> 
     </span>
     <span class='ocr_line' id='line_1_46' title="bbox 93 2681 1516 2746; baseline 0.005 -24"><span class='ocrx_word' id='word_1_396' title='bbox 93 2681 256 2731; x_wconf 71' lang='grc' dir='ltr'><strong>εξάδίον</strong></span> <span class='ocrx_word' id='word_1_397' title='bbox 283 2696 324 2727; x_wconf 89' lang='lat' dir='ltr'><strong>et</strong></span> <span class='ocrx_word' id='word_1_398' title='bbox 353 2685 536 2741; x_wconf 73' lang='grc' dir='ltr'><em>ἐξάγων,</em></span> <span class='ocrx_word' id='word_1_399' title='bbox 569 2699 615 2729; x_wconf 87' lang='lat' dir='ltr'><strong>ut</strong></span> <span class='ocrx_word' id='word_1_400' title='bbox 646 2692 896 2746; x_wconf 80' lang='lat' dir='ltr'><strong>campadium</strong></span> <span class='ocrx_word' id='word_1_401' title='bbox 930 2698 969 2730; x_wconf 89' lang='lat' dir='ltr'><strong>et</strong></span> <span class='ocrx_word' id='word_1_402' title='bbox 1001 2693 1284 2745; x_wconf 81' lang='lat' dir='ltr'><strong>campagium.·</strong></span> <span class='ocrx_word' id='word_1_403' title='bbox 1313 2689 1516 2743; x_wconf 82' lang='lat' dir='ltr'><strong>Exemplis</strong></span> 
     </span>
     <span class='ocr_line' id='line_1_47' title="bbox 93 2740 1513 2798; baseline 0.006 -21"><span class='ocrx_word' id='word_1_404' title='bbox 93 2740 371 2794; x_wconf 74' lang='lat' dir='ltr'><strong>complusculis</strong></span> <span class='ocrx_word' id='word_1_405' title='bbox 413 2744 515 2784; x_wconf 87' lang='lat' dir='ltr'><strong>hanc</strong></span> <span class='ocrx_word' id='word_1_406' title='bbox 559 2742 811 2798; x_wconf 73' lang='grc' dir='ltr'>ἰσοὸύναμον</span> <span class='ocrx_word' id='word_1_407' title='bbox 851 2747 890 2787; x_wconf 85' lang='lat' dir='ltr'><strong>in</strong></span> <span class='ocrx_word' id='word_1_408' title='bbox 929 2746 1137 2786; x_wconf 85' lang='lat' dir='ltr'><strong>scribendo</strong></span> <span class='ocrx_word' id='word_1_409' title='bbox 1167 2747 1399 2786; x_wconf 81' lang='lat' dir='ltr'><strong>varietatem</strong></span> <span class='ocrx_word' id='word_1_410' title='bbox 1427 2746 1513 2785; x_wconf 86' lang='lat' dir='ltr'><strong>-de-</strong></span> 
     </span>
    </p>
   </div>
  </div>
 </body>
</html>
