<?xml version="1.0" encoding="UTF-8"?>
<!DOCTYPE html PUBLIC "-//W3C//DTD XHTML 1.0 Transitional//EN"
    "http://www.w3.org/TR/xhtml1/DTD/xhtml1-transitional.dtd">
<html xmlns="http://www.w3.org/1999/xhtml" xml:lang="en" lang="en">
 <head>
  <title>
</title>
<meta http-equiv="Content-Type" content="text/html;charset=utf-8" />
  <meta name='ocr-system' content='tesseract 3.04.00' />
  <meta name='ocr-capabilities' content='ocr_page ocr_carea ocr_par ocr_line ocrx_word'/>
</head>
<body>
  <div class='ocr_page' id='page_1' title='image "./corpusscriptorum08niebuoft/corpusscriptorum08niebuoft_0318.png"; bbox 0 0 1884 3132; ppageno 0'>
   <div class='ocr_carea' id='block_1_1' title="bbox 295 111 1443 191">
    <p class='ocr_par' dir='ltr' id='par_1_1' title="bbox 295 111 1443 191">
     <span class='ocr_line' id='line_1_1' title="bbox 295 111 1443 191; baseline 0 -26"><span class='ocrx_word' id='word_1_1' title='bbox 295 111 406 165; x_wconf 81' lang='lat'><em>310</em></span> <span class='ocrx_word' id='word_1_2' title='bbox 566 127 638 168; x_wconf 89' lang='lat'><em>10.</em></span> <span class='ocrx_word' id='word_1_3' title='bbox 679 125 784 167; x_wconf 74' lang='grc' dir='ltr'><em>1Αο.</em></span> <span class='ocrx_word' id='word_1_4' title='bbox 832 126 1028 191; x_wconf 70' lang='lat' dir='ltr'><em>RElsKil</em></span> <span class='ocrx_word' id='word_1_5' title='bbox 1066 123 1443 166; x_wconf 77' lang='lat' dir='ltr'><em>COMMENTARn</em></span> 
     </span>
    </p>
   </div>
   <div class='ocr_carea' id='block_1_2' title="bbox 298 225 1737 280">
    <p class='ocr_par' dir='ltr' id='par_1_2' title="bbox 298 225 1737 280">
     <span class='ocr_line' id='line_1_2' title="bbox 298 225 1737 280; baseline -0.004 -11"><span class='ocrx_word' id='word_1_6' title='bbox 298 237 384 270; x_wconf 84' lang='lat' dir='ltr'><em>erat</em></span> <span class='ocrx_word' id='word_1_7' title='bbox 419 229 522 268; x_wconf 72' lang='lat' dir='ltr'><em>sedis</em></span> <span class='ocrx_word' id='word_1_8' title='bbox 560 228 767 267; x_wconf 76' lang='lat' dir='ltr'><em>Consulum</em></span> <span class='ocrx_word' id='word_1_9' title='bbox 817 228 1005 280; x_wconf 84' lang='lat' dir='ltr'><strong>antiquae</strong></span> <span class='ocrx_word' id='word_1_10' title='bbox 1045 228 1087 265; x_wconf 90' lang='lat' dir='ltr'><em>in</em></span> <span class='ocrx_word' id='word_1_11' title='bbox 1141 226 1261 265; x_wconf 80' lang='lat' dir='ltr'><em>circis</em></span> <span class='ocrx_word' id='word_1_12' title='bbox 1293 225 1390 264; x_wconf 86' lang='lat' dir='ltr'><em>olim</em></span> <span class='ocrx_word' id='word_1_13' title='bbox 1427 225 1617 270; x_wconf 80' lang='lat' dir='ltr'><em>Romanis</em></span> <span class='ocrx_word' id='word_1_14' title='bbox 1631 254 1644 275; x_wconf 92' lang='lat'><strong><em>,</em></strong></span> <span class='ocrx_word' id='word_1_15' title='bbox 1688 231 1737 263; x_wconf 89' lang='lat' dir='ltr'><em>ut</em></span> 
     </span>
    </p>
   </div>
   <div class='ocr_carea' id='block_1_3' title="bbox 300 279 1775 378">
    <p class='ocr_par' dir='ltr' id='par_1_3' title="bbox 300 279 1775 378">
     <span class='ocr_line' id='line_1_3' title="bbox 300 279 1775 377; baseline -0.003 -54"><span class='ocrx_word' id='word_1_16' title='bbox 300 300 322 324; x_wconf 87' lang='lat' dir='ltr'><em>e</em></span> <span class='ocrx_word' id='word_1_17' title='bbox 353 283 516 377; x_wconf 59' lang='lat' dir='ltr'><em>Sigonio</em></span> <span class='ocrx_word' id='word_1_18' title='bbox 551 283 776 336; x_wconf 81' lang='lat' dir='ltr'>Apollinari</span> <span class='ocrx_word' id='word_1_19' title='bbox 815 290 951 336; x_wconf 80' lang='lat' dir='ltr'><em>patet,</em></span> <span class='ocrx_word' id='word_1_20' title='bbox 1009 283 1122 320; x_wconf 90' lang='lat' dir='ltr'><em>cuius</em></span> <span class='ocrx_word' id='word_1_21' title='bbox 1165 281 1207 320; x_wconf 93' lang='lat' dir='ltr'><em>hi</em></span> <span class='ocrx_word' id='word_1_22' title='bbox 1250 288 1343 320; x_wconf 90' lang='lat' dir='ltr'><em>sunt</em></span> <span class='ocrx_word' id='word_1_23' title='bbox 1379 279 1502 319; x_wconf 85' lang='lat' dir='ltr'>iambi</span> <span class='ocrx_word' id='word_1_24' title='bbox 1542 280 1592 319; x_wconf 84' lang='lat' dir='ltr'><em>de</em></span> <span class='ocrx_word' id='word_1_25' title='bbox 1629 279 1736 319; x_wconf 90' lang='lat' dir='ltr'><em>circo</em></span> <span class='ocrx_word' id='word_1_26' title='bbox 1764 283 1775 295; x_wconf 79' lang='lat'>&#39;</span> 
     </span>
     <span class='ocr_line' id='line_1_4' title="bbox 300 337 1675 378; baseline -0.008 0"><span class='ocrx_word' id='word_1_27' title='bbox 300 340 384 378; x_wconf 84' lang='lat' dir='ltr'><em>Nar</em></span> <span class='ocrx_word' id='word_1_28' title='bbox 415 339 576 378; x_wconf 89' lang='lat' dir='ltr'><em>onensi:</em></span> <span class='ocrx_word' id='word_1_29' title='bbox 1672 337 1675 339; x_wconf 65' lang='grc'><strong>“</strong></span> 
     </span>
    </p>
   </div>
   <div class='ocr_carea' id='block_1_4' title="bbox 319 390 1786 2752">
    <p class='ocr_par' dir='ltr' id='par_1_4' title="bbox 497 390 1543 501">
     <span class='ocr_line' id='line_1_5' title="bbox 497 390 1543 444; baseline -0.004 -12"><span class='ocrx_word' id='word_1_30' title='bbox 497 394 589 433; x_wconf 67' lang='lat' dir='ltr'><em>Illos</em></span> <span class='ocrx_word' id='word_1_31' title='bbox 608 401 663 431; x_wconf 86' lang='lat' dir='ltr'><em>est</em></span> <span class='ocrx_word' id='word_1_32' title='bbox 687 393 866 431; x_wconf 79' lang='lat' dir='ltr'><em>Caesaris</em></span> <span class='ocrx_word' id='word_1_33' title='bbox 883 393 945 430; x_wconf 76' lang='lat' dir='ltr'><em>hic</em></span> <span class='ocrx_word' id='word_1_34' title='bbox 971 391 1036 430; x_wconf 83' lang='lat' dir='ltr'><em>die</em></span> <span class='ocrx_word' id='word_1_35' title='bbox 1058 392 1114 430; x_wconf 82' lang='lat' dir='ltr'><em>bis</em></span> <span class='ocrx_word' id='word_1_36' title='bbox 1144 405 1220 429; x_wconf 89' lang='lat' dir='ltr'><em>uno</em></span> <span class='ocrx_word' id='word_1_37' title='bbox 1241 390 1344 444; x_wconf 92' lang='lat' dir='ltr'><em>(Cal.</em></span> <span class='ocrx_word' id='word_1_38' title='bbox 1365 390 1543 443; x_wconf 81' lang='lat' dir='ltr'>Ianuar.)</span> 
     </span>
     <span class='ocr_line' id='line_1_6' title="bbox 501 446 1231 501; baseline -0.004 -14"><span class='ocrx_word' id='word_1_39' title='bbox 501 448 701 499; x_wconf 78' lang='lat' dir='ltr'><em>(Privatos</em></span> <span class='ocrx_word' id='word_1_40' title='bbox 728 446 913 497; x_wconf 52' lang='lat' dir='ltr'><em>vocitant)</em></span> <span class='ocrx_word' id='word_1_41' title='bbox 928 462 1079 501; x_wconf 80' lang='lat' dir='ltr'><em>parare</em></span> <span class='ocrx_word' id='word_1_42' title='bbox 1104 446 1231 485; x_wconf 73' lang='lat' dir='ltr'><em>ludos.</em></span> 
     </span>
    </p>

    <p class='ocr_par' dir='ltr' id='par_1_5' title="bbox 502 502 1347 552">
     <span class='ocr_line' id='line_1_7' title="bbox 502 502 1347 552; baseline -0.005 -9"><span class='ocrx_word' id='word_1_43' title='bbox 502 504 611 543; x_wconf 82' lang='lat' dir='ltr'><em>Tunc</em></span> <span class='ocrx_word' id='word_1_44' title='bbox 636 511 760 542; x_wconf 83' lang='lat' dir='ltr'><em>coetus</em></span> <span class='ocrx_word' id='word_1_45' title='bbox 786 504 967 541; x_wconf 83' lang='lat' dir='ltr'><em>iuvenum</em></span> <span class='ocrx_word' id='word_1_46' title='bbox 981 532 992 552; x_wconf 86' lang='lat'>‚</span> <span class='ocrx_word' id='word_1_47' title='bbox 1020 502 1091 540; x_wconf 79' lang='lat' dir='ltr'><em>secl</em></span> <span class='ocrx_word' id='word_1_48' title='bbox 1104 502 1322 540; x_wconf 83' lang='lat' dir='ltr'><em>aulicorum</em></span> <span class='ocrx_word' id='word_1_49' title='bbox 1335 531 1347 550; x_wconf 86' lang='lat'><strong>,</strong></span> 
     </span>
    </p>

    <p class='ocr_par' dir='ltr' id='par_1_6' title="bbox 496 558 1149 611">
     <span class='ocr_line' id='line_1_8' title="bbox 496 558 1149 611; baseline -0.005 -14"><span class='ocrx_word' id='word_1_50' title='bbox 496 559 538 598; x_wconf 85' lang='lat' dir='ltr'><em>E</em></span> <span class='ocrx_word' id='word_1_51' title='bbox 540 559 620 597; x_wconf 84' lang='lat' dir='ltr'><em>laei</em></span> <span class='ocrx_word' id='word_1_52' title='bbox 641 559 851 596; x_wconf 86' lang='lat' dir='ltr'><em>simulacra</em></span> <span class='ocrx_word' id='word_1_53' title='bbox 879 566 993 596; x_wconf 86' lang='lat' dir='ltr'><em>torva</em></span> <span class='ocrx_word' id='word_1_54' title='bbox 1017 558 1149 611; x_wconf 82' lang='lat' dir='ltr'><em>campi</em></span> 
     </span>
    </p>

    <p class='ocr_par' dir='ltr' id='par_1_7' title="bbox 502 612 1236 668">
     <span class='ocr_line' id='line_1_9' title="bbox 502 612 1236 668; baseline -0.003 -15"><span class='ocrx_word' id='word_1_55' title='bbox 502 614 708 653; x_wconf 74' lang='lat' dir='ltr'><em>Exercent</em></span> <span class='ocrx_word' id='word_1_56' title='bbox 731 613 995 668; x_wconf 52' lang='lat' dir='ltr'><em>*spatiantibus</em></span> <span class='ocrx_word' id='word_1_57' title='bbox 1020 612 1236 667; x_wconf 72' lang='lat' dir='ltr'><em>quadrigis,</em></span> 
     </span>
    </p>

    <p class='ocr_par' dir='ltr' id='par_1_8' title="bbox 503 668 1334 763">
     <span class='ocr_line' id='line_1_10' title="bbox 503 668 1334 722; baseline -0.002 -14"><span class='ocrx_word' id='word_1_58' title='bbox 503 669 563 708; x_wconf 88' lang='lat' dir='ltr'><em>Et</em></span> <span class='ocrx_word' id='word_1_59' title='bbox 587 670 668 707; x_wconf 89' lang='lat' dir='ltr'><em>iam</em></span> <span class='ocrx_word' id='word_1_60' title='bbox 695 678 730 707; x_wconf 90' lang='lat' dir='ltr'><em>te</em></span> <span class='ocrx_word' id='word_1_61' title='bbox 750 682 851 707; x_wconf 87' lang='lat' dir='ltr'><em>urna</em></span> <span class='ocrx_word' id='word_1_62' title='bbox 870 669 991 722; x_wconf 83' lang='lat' dir='ltr'><em>petit,</em></span> <span class='ocrx_word' id='word_1_63' title='bbox 1020 668 1166 722; x_wconf 80' lang='lat' dir='ltr'><em>cietque</em></span> <span class='ocrx_word' id='word_1_64' title='bbox 1192 680 1334 706; x_wconf 80' lang='lat' dir='ltr'><em>raucae</em></span> 
     </span>
     <span class='ocr_line' id='line_1_11' title="bbox 505 723 1146 763; baseline -0.003 -1"><span class='ocrx_word' id='word_1_65' title='bbox 505 723 751 763; x_wconf 83' lang='lat' dir='ltr'><em>Acclamatio</em></span> <span class='ocrx_word' id='word_1_66' title='bbox 782 724 942 761; x_wconf 79' lang='lat' dir='ltr'><em>sibilans</em></span> <span class='ocrx_word' id='word_1_67' title='bbox 964 736 1146 761; x_wconf 89' lang='lat' dir='ltr'><em>coronae.</em></span> 
     </span>
    </p>

    <p class='ocr_par' dir='ltr' id='par_1_9' title="bbox 506 774 1451 944">
     <span class='ocr_line' id='line_1_12' title="bbox 513 774 1426 834; baseline -0.001 -17"><span class='ocrx_word' id='word_1_68' title='bbox 513 780 612 818; x_wconf 84' lang='lat' dir='ltr'><em>Tum</em></span> <span class='ocrx_word' id='word_1_69' title='bbox 644 793 723 834; x_wconf 87' lang='lat' dir='ltr'><em>qua</em></span> <span class='ocrx_word' id='word_1_70' title='bbox 752 787 807 816; x_wconf 87' lang='lat' dir='ltr'><em>est</em></span> <span class='ocrx_word' id='word_1_71' title='bbox 830 780 950 817; x_wconf 84' lang='lat' dir='ltr'><em>ianua</em></span> <span class='ocrx_word' id='word_1_72' title='bbox 965 809 974 825; x_wconf 75' lang='lat'><strong>‚</strong></span> <span class='ocrx_word' id='word_1_73' title='bbox 1005 774 1275 832; x_wconf 75' lang='lat' dir='ltr'><em>consulum&#39;que</em></span> <span class='ocrx_word' id='word_1_74' title='bbox 1296 777 1426 826; x_wconf 79' lang='lat' dir='ltr'><em>sedes,</em></span> 
     </span>
     <span class='ocr_line' id='line_1_13' title="bbox 506 833 1451 889; baseline -0.002 -17"><span class='ocrx_word' id='word_1_75' title='bbox 506 833 645 873; x_wconf 80' lang='lat' dir='ltr'><em>Ambit</em></span> <span class='ocrx_word' id='word_1_76' title='bbox 680 848 798 889; x_wconf 85' lang='lat' dir='ltr'><em>quam</em></span> <span class='ocrx_word' id='word_1_77' title='bbox 825 835 960 887; x_wconf 82' lang='lat' dir='ltr'><em>paries</em></span> <span class='ocrx_word' id='word_1_78' title='bbox 973 864 982 881; x_wconf 87' lang='lat'>‚</span> <span class='ocrx_word' id='word_1_79' title='bbox 1014 834 1192 887; x_wconf 81' lang='lat' dir='ltr'><em>utrinque</em></span> <span class='ocrx_word' id='word_1_80' title='bbox 1213 833 1314 871; x_wconf 72' lang='lat' dir='ltr'><em>senis</em></span> <span class='ocrx_word' id='word_1_81' title='bbox 1448 837 1451 843; x_wconf 85' lang='grc'><em>’</em></span> 
     </span>
     <span class='ocr_line' id='line_1_14' title="bbox 509 889 1238 944; baseline -0.003 -17"><span class='ocrx_word' id='word_1_82' title='bbox 509 889 668 944; x_wconf 77' lang='lat' dir='ltr'><em>Cryptis</em></span> <span class='ocrx_word' id='word_1_83' title='bbox 692 889 980 943; x_wconf 75' lang='lat' dir='ltr'><em>carceribusque</em></span> <span class='ocrx_word' id='word_1_84' title='bbox 994 889 1238 939; x_wconf 82' lang='lat' dir='ltr'><em>fornicatus.</em></span> 
     </span>
    </p>

    <p class='ocr_par' dir='ltr' id='par_1_10' title="bbox 514 942 1263 1000">
     <span class='ocr_line' id='line_1_15' title="bbox 514 942 1263 1000; baseline -0.003 -17"><span class='ocrx_word' id='word_1_85' title='bbox 514 943 603 983; x_wconf 86' lang='lat' dir='ltr'><em>Uno</em></span> <span class='ocrx_word' id='word_1_86' title='bbox 630 959 651 982; x_wconf 92' lang='lat' dir='ltr'><em>e</em></span> <span class='ocrx_word' id='word_1_87' title='bbox 669 953 837 1000; x_wconf 88' lang='lat' dir='ltr'><em>quatuor</em></span> <span class='ocrx_word' id='word_1_88' title='bbox 862 958 943 982; x_wconf 75' lang='lat' dir='ltr'><em>axe</em></span> <span class='ocrx_word' id='word_1_89' title='bbox 957 973 968 993; x_wconf 83' lang='lat'>‚</span> <span class='ocrx_word' id='word_1_90' title='bbox 1003 952 1102 982; x_wconf 86' lang='lat' dir='ltr'><em>sorte</em></span> <span class='ocrx_word' id='word_1_91' title='bbox 1125 943 1221 982; x_wconf 87' lang='lat' dir='ltr'><em>lecto</em></span> <span class='ocrx_word' id='word_1_92' title='bbox 1236 942 1263 990; x_wconf 67' lang='lat'><em>‚²</em></span> 
     </span>
    </p>

    <p class='ocr_par' dir='ltr' id='par_1_11' title="bbox 512 998 1323 1053">
     <span class='ocr_line' id='line_1_16' title="bbox 512 998 1323 1053; baseline -0.001 -16"><span class='ocrx_word' id='word_1_93' title='bbox 512 1000 663 1038; x_wconf 82' lang='lat' dir='ltr'><em>Curvas</em></span> <span class='ocrx_word' id='word_1_94' title='bbox 690 999 905 1051; x_wconf 72' lang='lat' dir='ltr'><em>ingrederis</em></span> <span class='ocrx_word' id='word_1_95' title='bbox 916 1000 1110 1053; x_wconf 74' lang='lat' dir='ltr'><em>frequens</em></span> <span class='ocrx_word' id='word_1_96' title='bbox 1138 998 1323 1036; x_wconf 77' lang='lat' dir='ltr'><em>habenas.</em></span> 
     </span>
    </p>

    <p class='ocr_par' dir='ltr' id='par_1_12' title="bbox 510 1054 1211 1110">
     <span class='ocr_line' id='line_1_17' title="bbox 510 1054 1211 1110; baseline -0.001 -18"><span class='ocrx_word' id='word_1_97' title='bbox 510 1054 569 1105; x_wconf 72' lang='lat' dir='ltr'><em>Id</em></span> <span class='ocrx_word' id='word_1_98' title='bbox 589 1055 737 1106; x_wconf 79' lang='lat' dir='ltr'><em>collega</em></span> <span class='ocrx_word' id='word_1_99' title='bbox 757 1063 840 1110; x_wconf 60' lang='lat' dir='ltr'><em>tzuqf</em></span> <span class='ocrx_word' id='word_1_100' title='bbox 857 1083 868 1103; x_wconf 79' lang='lat'>,</span> <span class='ocrx_word' id='word_1_101' title='bbox 892 1054 1081 1108; x_wconf 84' lang='lat' dir='ltr'><em>simulque</em></span> <span class='ocrx_word' id='word_1_102' title='bbox 1101 1054 1211 1092; x_wconf 77' lang='lat' dir='ltr'><em>vobis</em></span> 
     </span>
    </p>

    <p class='ocr_par' dir='ltr' id='par_1_13' title="bbox 513 1108 1386 1217">
     <span class='ocr_line' id='line_1_18' title="bbox 513 1108 1341 1159; baseline -0.004 -11"><span class='ocrx_word' id='word_1_103' title='bbox 513 1109 619 1148; x_wconf 88' lang='lat' dir='ltr'><em>Pars</em></span> <span class='ocrx_word' id='word_1_104' title='bbox 648 1109 817 1147; x_wconf 84' lang='lat' dir='ltr'><em>adversa</em></span> <span class='ocrx_word' id='word_1_105' title='bbox 832 1109 945 1159; x_wconf 87' lang='lat' dir='ltr'><em>facit</em></span> <span class='ocrx_word' id='word_1_106' title='bbox 961 1139 971 1156; x_wconf 86' lang='lat'>‚</span> <span class='ocrx_word' id='word_1_107' title='bbox 1002 1109 1148 1147; x_wconf 88' lang='lat' dir='ltr'><em>micant</em></span> <span class='ocrx_word' id='word_1_108' title='bbox 1169 1108 1314 1146; x_wconf 86' lang='lat' dir='ltr'><em>colores</em></span> <span class='ocrx_word' id='word_1_109' title='bbox 1329 1136 1341 1155; x_wconf 89' lang='lat'><strong><em>,</em></strong></span> 
     </span>
     <span class='ocr_line' id='line_1_19' title="bbox 514 1163 1386 1217; baseline -0.005 -14"><span class='ocrx_word' id='word_1_110' title='bbox 514 1163 653 1212; x_wconf 80' lang='lat' dir='ltr'><em>Albus,</em></span> <span class='ocrx_word' id='word_1_111' title='bbox 674 1164 742 1202; x_wconf 81' lang='lat' dir='ltr'><em>vel</em></span> <span class='ocrx_word' id='word_1_112' title='bbox 759 1171 916 1202; x_wconf 81' lang='lat' dir='ltr'><em>venetus</em></span> <span class='ocrx_word' id='word_1_113' title='bbox 934 1193 945 1213; x_wconf 79' lang='lat'>,</span> <span class='ocrx_word' id='word_1_114' title='bbox 976 1164 1114 1202; x_wconf 83' lang='lat' dir='ltr'><em>rubens</em></span> <span class='ocrx_word' id='word_1_115' title='bbox 1128 1192 1138 1210; x_wconf 92' lang='lat'><strong><em>‚</em></strong></span> <span class='ocrx_word' id='word_1_116' title='bbox 1167 1164 1386 1217; x_wconf 79' lang='lat' dir='ltr'><em>virensque.</em></span> 
     </span>
    </p>

    <p class='ocr_par' dir='ltr' id='par_1_14' title="bbox 319 1215 1762 1493">
     <span class='ocr_line' id='line_1_20' title="bbox 428 1215 1755 1273; baseline -0.004 -15"><span class='ocrx_word' id='word_1_117' title='bbox 428 1215 483 1254; x_wconf 88' lang='lat' dir='ltr'><em>D·</em></span> <span class='ocrx_word' id='word_1_118' title='bbox 507 1219 548 1258; x_wconf 88' lang='grc'><em>6.</em></span> <span class='ocrx_word' id='word_1_119' title='bbox 568 1217 677 1273; x_wconf 80' lang='lat'>[305‚</span> <span class='ocrx_word' id='word_1_120' title='bbox 702 1216 755 1271; x_wconf 86' lang='lat'><em>2.]</em></span> <span class='ocrx_word' id='word_1_121' title='bbox 787 1215 1118 1268; x_wconf 75' lang='grc' dir='ltr'><strong><em>α’ποδιαλύσιμα.</em></strong></span> <span class='ocrx_word' id='word_1_122' title='bbox 1176 1218 1298 1256; x_wconf 83' lang='lat' dir='ltr'><em>Recte</em></span> <span class='ocrx_word' id='word_1_123' title='bbox 1328 1223 1427 1269; x_wconf 86' lang='lat' dir='ltr'><em>puto</em></span> <span class='ocrx_word' id='word_1_124' title='bbox 1456 1215 1519 1254; x_wconf 91' lang='lat' dir='ltr'><em>Cl.</em></span> <span class='ocrx_word' id='word_1_125' title='bbox 1552 1216 1755 1268; x_wconf 85' lang='lat' dir='ltr'><em>Interpre-</em></span> 
     </span>
     <span class='ocr_line' id='line_1_21' title="bbox 319 1270 1758 1314; baseline -0.003 -1"><span class='ocrx_word' id='word_1_126' title='bbox 319 1281 402 1313; x_wconf 83' lang='lat' dir='ltr'><em>tem</em></span> <span class='ocrx_word' id='word_1_127' title='bbox 445 1276 608 1314; x_wconf 84' lang='lat' dir='ltr'><em>vertisse</em></span> <span class='ocrx_word' id='word_1_128' title='bbox 657 1274 715 1312; x_wconf 83' lang='lat' dir='ltr'><em>ad</em></span> <span class='ocrx_word' id='word_1_129' title='bbox 745 1273 1009 1311; x_wconf 82' lang='lat' dir='ltr'><em>decursionem</em></span> <span class='ocrx_word' id='word_1_130' title='bbox 1067 1288 1106 1311; x_wconf 88' lang='lat' dir='ltr'><em>se</em></span> <span class='ocrx_word' id='word_1_131' title='bbox 1142 1273 1375 1311; x_wconf 73' lang='lat' dir='ltr'><em>accinxisse.</em></span> <span class='ocrx_word' id='word_1_132' title='bbox 1433 1270 1758 1310; x_wconf 79' lang='lat' dir='ltr'><em>Absolvebantur</em></span> 
     </span>
     <span class='ocr_line' id='line_1_22' title="bbox 322 1325 1757 1382; baseline -0.003 -14"><span class='ocrx_word' id='word_1_133' title='bbox 322 1330 430 1368; x_wconf 91' lang='lat' dir='ltr'><em>enim</em></span> <span class='ocrx_word' id='word_1_134' title='bbox 448 1331 537 1382; x_wconf 86' lang='lat' dir='ltr'><em>equi</em></span> <span class='ocrx_word' id='word_1_135' title='bbox 550 1337 589 1368; x_wconf 89' lang='lat' dir='ltr'><em>et</em></span> <span class='ocrx_word' id='word_1_136' title='bbox 612 1342 754 1368; x_wconf 88' lang='lat' dir='ltr'><em>currus</em></span> <span class='ocrx_word' id='word_1_137' title='bbox 778 1342 802 1366; x_wconf 88' lang='lat' dir='ltr'><em>a</em></span> <span class='ocrx_word' id='word_1_138' title='bbox 842 1327 1008 1366; x_wconf 85' lang='lat' dir='ltr'><em>stabulis</em></span> <span class='ocrx_word' id='word_1_139' title='bbox 1043 1334 1083 1366; x_wconf 86' lang='lat' dir='ltr'><em>et</em></span> <span class='ocrx_word' id='word_1_140' title='bbox 1122 1327 1375 1381; x_wconf 83' lang='lat' dir='ltr'><em>praesepibus</em></span> <span class='ocrx_word' id='word_1_141' title='bbox 1408 1333 1448 1364; x_wconf 90' lang='lat' dir='ltr'><em>et</em></span> <span class='ocrx_word' id='word_1_142' title='bbox 1487 1325 1682 1377; x_wconf 79' lang='lat' dir='ltr'><em>vinculis,</em></span> <span class='ocrx_word' id='word_1_143' title='bbox 1714 1326 1757 1363; x_wconf 89' lang='lat' dir='ltr'><em>in</em></span> 
     </span>
     <span class='ocr_line' id='line_1_23' title="bbox 322 1376 1760 1437; baseline -0.002 -16"><span class='ocrx_word' id='word_1_144' title='bbox 322 1384 470 1437; x_wconf 88' lang='lat' dir='ltr'><em>quibus</em></span> <span class='ocrx_word' id='word_1_145' title='bbox 509 1385 702 1423; x_wconf 85' lang='lat' dir='ltr'><em>hactenus</em></span> <span class='ocrx_word' id='word_1_146' title='bbox 740 1389 946 1421; x_wconf 77' lang='lat' dir='ltr'><em>steterant.</em></span> <span class='ocrx_word' id='word_1_147' title='bbox 1015 1383 1154 1436; x_wconf 73' lang='lat' dir='ltr'><em>Itaque</em></span> <span class='ocrx_word' id='word_1_148' title='bbox 1195 1389 1314 1420; x_wconf 89' lang='lat' dir='ltr'><em>erunt</em></span> <span class='ocrx_word' id='word_1_149' title='bbox 1347 1376 1399 1420; x_wconf 77' lang='grc' dir='ltr'><em>τὰ</em></span> <span class='ocrx_word' id='word_1_150' title='bbox 1445 1378 1760 1429; x_wconf 72' lang='grc' dir='ltr'><strong><em>α’ποὸιαλύσιμα</em></strong></span> 
     </span>
     <span class='ocr_line' id='line_1_24' title="bbox 322 1434 1762 1493; baseline -0.003 -16"><span class='ocrx_word' id='word_1_151' title='bbox 322 1441 620 1493; x_wconf 81' lang='lat' dir='ltr'><em>praeparatoria</em></span> <span class='ocrx_word' id='word_1_152' title='bbox 633 1438 684 1477; x_wconf 90' lang='lat' dir='ltr'><em>ad</em></span> <span class='ocrx_word' id='word_1_153' title='bbox 702 1437 990 1477; x_wconf 80' lang='lat' dir='ltr'><em>absolutionem</em></span> <span class='ocrx_word' id='word_1_154' title='bbox 1007 1452 1200 1491; x_wconf 89' lang='lat' dir='ltr'><em>equorum</em></span> <span class='ocrx_word' id='word_1_155' title='bbox 1216 1444 1255 1475; x_wconf 88' lang='lat' dir='ltr'><em>et</em></span> <span class='ocrx_word' id='word_1_156' title='bbox 1281 1449 1473 1474; x_wconf 87' lang='lat' dir='ltr'><em>curruum</em></span> <span class='ocrx_word' id='word_1_157' title='bbox 1489 1449 1512 1474; x_wconf 86' lang='lat' dir='ltr'><em>a</em></span> <span class='ocrx_word' id='word_1_158' title='bbox 1524 1434 1762 1476; x_wconf 86' lang='lat' dir='ltr'><em>carceribus.</em></span> 
     </span>
    </p>

    <p class='ocr_par' dir='ltr' id='par_1_15' title="bbox 324 1488 1774 1766">
     <span class='ocr_line' id='line_1_25' title="bbox 435 1488 1774 1548; baseline -0.003 -15"><span class='ocrx_word' id='word_1_159' title='bbox 435 1495 490 1533; x_wconf 91' lang='lat' dir='ltr'><em>D.</em></span> <span class='ocrx_word' id='word_1_160' title='bbox 513 1494 586 1534; x_wconf 88' lang='lat' dir='ltr'><em>ult.</em></span> <span class='ocrx_word' id='word_1_161' title='bbox 608 1492 726 1548; x_wconf 80' lang='lat'>[305‚</span> <span class='ocrx_word' id='word_1_162' title='bbox 767 1491 831 1545; x_wconf 74' lang='grc'><em>4.]</em></span> <span class='ocrx_word' id='word_1_163' title='bbox 861 1493 944 1531; x_wconf 79' lang='grc' dir='ltr'><em>τῶν</em></span> <span class='ocrx_word' id='word_1_164' title='bbox 973 1488 1129 1545; x_wconf 73' lang='grc' dir='ltr'><strong><em>δήμων.</em></strong></span> <span class='ocrx_word' id='word_1_165' title='bbox 1185 1492 1414 1531; x_wconf 83' lang='lat' dir='ltr'><em>Obscurum</em></span> <span class='ocrx_word' id='word_1_166' title='bbox 1443 1497 1500 1529; x_wconf 86' lang='lat' dir='ltr'><em>est</em></span> <span class='ocrx_word' id='word_1_167' title='bbox 1519 1521 1529 1538; x_wconf 84' lang='lat'><strong>‚</strong></span> <span class='ocrx_word' id='word_1_168' title='bbox 1560 1494 1679 1544; x_wconf 85' lang='lat' dir='ltr'><em>quam&#39;</em></span> <span class='ocrx_word' id='word_1_169' title='bbox 1707 1491 1774 1529; x_wconf 85' lang='lat' dir='ltr'><em>si-.</em></span> 
     </span>
     <span class='ocr_line' id='line_1_26' title="bbox 326 1547 1764 1603; baseline -0.004 -15"><span class='ocrx_word' id='word_1_170' title='bbox 326 1550 621 1603; x_wconf 81' lang='lat' dir='ltr'><em>gnificationem</em></span> <span class='ocrx_word' id='word_1_171' title='bbox 661 1549 726 1587; x_wconf 84' lang='lat' dir='ltr'><em>hic</em></span> <span class='ocrx_word' id='word_1_172' title='bbox 773 1547 921 1586; x_wconf 86' lang='lat' dir='ltr'><em>habeat</em></span> <span class='ocrx_word' id='word_1_173' title='bbox 957 1563 1035 1586; x_wconf 78' lang='lat' dir='ltr'><em>vox</em></span> <span class='ocrx_word' id='word_1_174' title='bbox 1077 1547 1225 1599; x_wconf 77' lang='grc' dir='ltr'><em>δῆμοι,</em></span> <span class='ocrx_word' id='word_1_175' title='bbox 1262 1553 1424 1585; x_wconf 87' lang='lat' dir='ltr'><em>notetne</em></span> <span class='ocrx_word' id='word_1_176' title='bbox 1453 1547 1684 1597; x_wconf 69' lang='lat' dir='ltr'><em>factiones,</em></span> <span class='ocrx_word' id='word_1_177' title='bbox 1711 1558 1764 1583; x_wconf 87' lang='lat' dir='ltr'><em>an</em></span> 
     </span>
     <span class='ocr_line' id='line_1_27' title="bbox 324 1601 1766 1658; baseline -0.003 -16"><span class='ocrx_word' id='word_1_178' title='bbox 324 1605 496 1658; x_wconf 81' lang='lat' dir='ltr'><em>gradus,</em></span> <span class='ocrx_word' id='word_1_179' title='bbox 525 1607 568 1643; x_wconf 88' lang='lat' dir='ltr'><em>in</em></span> <span class='ocrx_word' id='word_1_180' title='bbox 598 1604 744 1658; x_wconf 90' lang='lat' dir='ltr'><em>quibus</em></span> <span class='ocrx_word' id='word_1_181' title='bbox 773 1603 962 1642; x_wconf 83' lang='lat' dir='ltr'><em>factiones</em></span> <span class='ocrx_word' id='word_1_182' title='bbox 982 1603 1140 1642; x_wconf 77' lang='lat' dir='ltr'><em>stabant</em></span> <span class='ocrx_word' id='word_1_183' title='bbox 1159 1633 1169 1653; x_wconf 87' lang='lat'>‚</span> <span class='ocrx_word' id='word_1_184' title='bbox 1199 1601 1262 1641; x_wconf 88' lang='lat' dir='ltr'><em>vel</em></span> <span class='ocrx_word' id='word_1_185' title='bbox 1291 1602 1424 1656; x_wconf 84' lang='lat' dir='ltr'><em>potius</em></span> <span class='ocrx_word' id='word_1_186' title='bbox 1451 1602 1660 1639; x_wconf 85' lang='lat' dir='ltr'><em>stationem</em></span> <span class='ocrx_word' id='word_1_187' title='bbox 1696 1613 1766 1638; x_wconf 90' lang='lat' dir='ltr'><em>su-</em></span> 
     </span>
     <span class='ocr_line' id='line_1_28' title="bbox 327 1655 1762 1713; baseline -0.004 -15"><span class='ocrx_word' id='word_1_188' title='bbox 327 1674 400 1713; x_wconf 92' lang='lat' dir='ltr'><em>per</em></span> <span class='ocrx_word' id='word_1_189' title='bbox 430 1659 619 1712; x_wconf 86' lang='lat' dir='ltr'><em>gradibus</em></span> <span class='ocrx_word' id='word_1_190' title='bbox 653 1659 873 1699; x_wconf 84' lang='lat' dir='ltr'><em>editiorem.</em></span> <span class='ocrx_word' id='word_1_191' title='bbox 928 1658 1025 1697; x_wconf 89' lang='lat' dir='ltr'><em>Vid.</em></span> <span class='ocrx_word' id='word_1_192' title='bbox 1067 1658 1237 1697; x_wconf 88' lang='lat' dir='ltr'><em>Cedren.</em></span> <span class='ocrx_word' id='word_1_193' title='bbox 1280 1672 1324 1711; x_wconf 90' lang='lat' dir='ltr'><em>p.</em></span> <span class='ocrx_word' id='word_1_194' title='bbox 1347 1656 1443 1696; x_wconf 77' lang='lat'><em>631.</em></span> <span class='ocrx_word' id='word_1_195' title='bbox 1474 1663 1514 1695; x_wconf 88' lang='lat' dir='ltr'><em>et</em></span> <span class='ocrx_word' id='word_1_196' title='bbox 1549 1655 1605 1694; x_wconf 85' lang='lat' dir='ltr'><em>ibi</em></span> <span class='ocrx_word' id='word_1_197' title='bbox 1635 1655 1762 1693; x_wconf 75' lang='lat' dir='ltr'><em>Goar-</em></span> 
     </span>
     <span class='ocr_line' id='line_1_29' title="bbox 327 1715 923 1766; baseline -0.005 -12"><span class='ocrx_word' id='word_1_198' title='bbox 327 1715 518 1754; x_wconf 84' lang='lat' dir='ltr'><em>Praefero</em></span> <span class='ocrx_word' id='word_1_199' title='bbox 542 1722 678 1762; x_wconf 82' lang='lat' dir='ltr'><em>tamen</em></span> <span class='ocrx_word' id='word_1_200' title='bbox 709 1715 923 1766; x_wconf 85' lang='lat' dir='ltr'><em>posterius.</em></span> 
     </span>
    </p>

    <p class='ocr_par' dir='ltr' id='par_1_16' title="bbox 330 1763 1770 1934">
     <span class='ocr_line' id='line_1_30' title="bbox 419 1763 1770 1824; baseline -0.005 -16"><span class='ocrx_word' id='word_1_201' title='bbox 419 1769 508 1824; x_wconf 84' lang='lat'><em>178.</em></span> <span class='ocrx_word' id='word_1_202' title='bbox 528 1766 583 1809; x_wconf 59' lang='lat' dir='ltr'><em>A:</em></span> <span class='ocrx_word' id='word_1_203' title='bbox 609 1784 644 1808; x_wconf 92' lang='lat'><em>1.</em></span> <span class='ocrx_word' id='word_1_204' title='bbox 665 1767 778 1823; x_wconf 83' lang='lat'>[305,</span> <span class='ocrx_word' id='word_1_205' title='bbox 798 1767 856 1822; x_wconf 85' lang='lat'><em>5.]</em></span> <span class='ocrx_word' id='word_1_206' title='bbox 886 1763 958 1821; x_wconf 75' lang='grc' dir='ltr'><em>τὴν</em></span> <span class='ocrx_word' id='word_1_207' title='bbox 979 1764 1197 1822; x_wconf 72' lang='grc' dir='ltr'><em>ἀνατολήν.</em></span> <span class='ocrx_word' id='word_1_208' title='bbox 1252 1765 1477 1806; x_wconf 79' lang='lat' dir='ltr'><em>Adventum</em></span> <span class='ocrx_word' id='word_1_209' title='bbox 1502 1764 1567 1803; x_wconf 89' lang='lat' dir='ltr'><em>vel</em></span> <span class='ocrx_word' id='word_1_210' title='bbox 1602 1764 1770 1818; x_wconf 72' lang='lat' dir='ltr'><em>appari-</em></span> 
     </span>
     <span class='ocr_line' id='line_1_31' title="bbox 330 1819 1767 1879; baseline -0.004 -16"><span class='ocrx_word' id='word_1_211' title='bbox 330 1827 497 1874; x_wconf 80' lang='lat' dir='ltr'><em>tionem,</em></span> <span class='ocrx_word' id='word_1_212' title='bbox 530 1839 760 1879; x_wconf 88' lang='lat' dir='ltr'><em>processum</em></span> <span class='ocrx_word' id='word_1_213' title='bbox 786 1825 828 1863; x_wconf 90' lang='lat' dir='ltr'><em>in</em></span> <span class='ocrx_word' id='word_1_214' title='bbox 857 1831 1128 1876; x_wconf 83' lang='lat' dir='ltr'><em>conspectum.</em></span> <span class='ocrx_word' id='word_1_215' title='bbox 1185 1822 1280 1860; x_wconf 87' lang='lat' dir='ltr'><em>Vid.</em></span> <span class='ocrx_word' id='word_1_216' title='bbox 1313 1821 1419 1860; x_wconf 83' lang='lat' dir='ltr'><em>dicta</em></span> <span class='ocrx_word' id='word_1_217' title='bbox 1447 1819 1497 1858; x_wconf 87' lang='lat' dir='ltr'><em>ad</em></span> <span class='ocrx_word' id='word_1_218' title='bbox 1523 1834 1565 1872; x_wconf 85' lang='lat' dir='ltr'><em>p.</em></span> <span class='ocrx_word' id='word_1_219' title='bbox 1595 1819 1682 1859; x_wconf 77' lang='lat'><em>163.</em></span> <span class='ocrx_word' id='word_1_220' title='bbox 1717 1819 1767 1857; x_wconf 88' lang='lat' dir='ltr'><em>C.</em></span> 
     </span>
     <span class='ocr_line' id='line_1_32' title="bbox 332 1872 1574 1934; baseline -0.006 -15"><span class='ocrx_word' id='word_1_221' title='bbox 332 1880 375 1920; x_wconf 82' lang='grc'><em>5.</em></span> <span class='ocrx_word' id='word_1_222' title='bbox 398 1879 459 1918; x_wconf 91' lang='lat' dir='ltr'><em>Cl.</em></span> <span class='ocrx_word' id='word_1_223' title='bbox 487 1882 687 1934; x_wconf 86' lang='lat' dir='ltr'><em>Interpres</em></span> <span class='ocrx_word' id='word_1_224' title='bbox 715 1882 771 1918; x_wconf 87' lang='lat' dir='ltr'><em>ita</em></span> <span class='ocrx_word' id='word_1_225' title='bbox 800 1878 1002 1928; x_wconf 83' lang='lat' dir='ltr'><em>reddidit,</em></span> <span class='ocrx_word' id='word_1_226' title='bbox 1034 1893 1080 1916; x_wconf 85' lang='lat' dir='ltr'><em>ac</em></span> <span class='ocrx_word' id='word_1_227' title='bbox 1109 1880 1142 1916; x_wconf 89' lang='lat' dir='ltr'><em>si</em></span> <span class='ocrx_word' id='word_1_228' title='bbox 1174 1872 1337 1928; x_wconf 81' lang='grc' dir='ltr'><strong><em>ἐντολὴν</em></strong></span> <span class='ocrx_word' id='word_1_229' title='bbox 1359 1874 1574 1913; x_wconf 84' lang='lat' dir='ltr'><em>maluisset.</em></span> 
     </span>
    </p>

    <p class='ocr_par' dir='ltr' id='par_1_17' title="bbox 323 1929 1786 2752">
     <span class='ocr_line' id='line_1_33' title="bbox 444 1929 1767 1989; baseline -0.006 -14"><span class='ocrx_word' id='word_1_230' title='bbox 444 1935 497 1975; x_wconf 92' lang='lat' dir='ltr'><em>A.</em></span> <span class='ocrx_word' id='word_1_231' title='bbox 514 1934 681 1989; x_wconf 81' lang='lat'><em>5.[305‚</em></span> <span class='ocrx_word' id='word_1_232' title='bbox 704 1934 767 1988; x_wconf 87' lang='lat'><em>7.]</em></span> <span class='ocrx_word' id='word_1_233' title='bbox 798 1929 1091 1987; x_wconf 79' lang='grc' dir='ltr'><em>φλαμούλλων.</em></span> <span class='ocrx_word' id='word_1_234' title='bbox 1124 1934 1187 1971; x_wconf 89' lang='lat' dir='ltr'><em>De</em></span> <span class='ocrx_word' id='word_1_235' title='bbox 1199 1929 1421 1981; x_wconf 81' lang='lat' dir='ltr'><em>ssammqu,</em></span> <span class='ocrx_word' id='word_1_236' title='bbox 1449 1929 1583 1969; x_wconf 88' lang='lat' dir='ltr'><em>vexilli</em></span> <span class='ocrx_word' id='word_1_237' title='bbox 1610 1943 1767 1983; x_wconf 82' lang='lat' dir='ltr'><em>genere,</em></span> 
     </span>
     <span class='ocr_line' id='line_1_34' title="bbox 332 1983 1768 2044; baseline -0.004 -16"><span class='ocrx_word' id='word_1_238' title='bbox 332 2003 373 2028; x_wconf 87' lang='lat' dir='ltr'><em>v.</em></span> <span class='ocrx_word' id='word_1_239' title='bbox 397 1990 465 2028; x_wconf 91' lang='lat' dir='ltr'><em>Du</em></span> <span class='ocrx_word' id='word_1_240' title='bbox 478 1991 610 2044; x_wconf 85' lang='lat' dir='ltr'><em>Gange</em></span> <span class='ocrx_word' id='word_1_241' title='bbox 625 1990 951 2042; x_wconf 88' lang='lat' dir='ltr'><em>Gloss.utroque.</em></span> <span class='ocrx_word' id='word_1_242' title='bbox 990 1989 1104 2038; x_wconf 85' lang='lat' dir='ltr'><em>Quae</em></span> <span class='ocrx_word' id='word_1_243' title='bbox 1118 1987 1271 2026; x_wconf 89' lang='lat' dir='ltr'><em>Goarus</em></span> <span class='ocrx_word' id='word_1_244' title='bbox 1282 1985 1331 2024; x_wconf 92' lang='lat' dir='ltr'><em>ad</em></span> <span class='ocrx_word' id='word_1_245' title='bbox 1353 1985 1496 2024; x_wconf 89' lang='lat' dir='ltr'><em>Codin.</em></span> <span class='ocrx_word' id='word_1_246' title='bbox 1517 2000 1556 2038; x_wconf 87' lang='lat' dir='ltr'><em>p.</em></span> <span class='ocrx_word' id='word_1_247' title='bbox 1578 1984 1645 2036; x_wconf 79' lang='lat'><em>69.</em></span> <span class='ocrx_word' id='word_1_248' title='bbox 1669 1999 1713 2023; x_wconf 92' lang='lat' dir='ltr'><em>n.</em></span> <span class='ocrx_word' id='word_1_249' title='bbox 1727 1983 1768 2023; x_wconf 87' lang='lat'><em>5.</em></span> 
     </span>
     <span class='ocr_line' id='line_1_35' title="bbox 335 2038 1773 2097; baseline -0.004 -15"><span class='ocrx_word' id='word_1_250' title='bbox 335 2044 386 2083; x_wconf 89' lang='lat' dir='ltr'><em>de</em></span> <span class='ocrx_word' id='word_1_251' title='bbox 417 2043 611 2084; x_wconf 87' lang='lat' dir='ltr'><em>ssammuli</em></span> <span class='ocrx_word' id='word_1_252' title='bbox 645 2045 773 2084; x_wconf 90' lang='lat' dir='ltr'><em>forma</em></span> <span class='ocrx_word' id='word_1_253' title='bbox 804 2045 1010 2097; x_wconf 76' lang='lat' dir='ltr'><em>disputat,</em></span> <span class='ocrx_word' id='word_1_254' title='bbox 1051 2056 1122 2082; x_wconf 88' lang='lat' dir='ltr'><em>suo</em></span> <span class='ocrx_word' id='word_1_255' title='bbox 1165 2041 1252 2081; x_wconf 89' lang='lat' dir='ltr'><em>loco</em></span> <span class='ocrx_word' id='word_1_256' title='bbox 1294 2038 1534 2093; x_wconf 84' lang='lat' dir='ltr'><em>relinquam.</em></span> <span class='ocrx_word' id='word_1_257' title='bbox 1600 2039 1773 2079; x_wconf 67' lang='lat' dir='ltr'><em>Videtur</em></span> 
     </span>
     <span class='ocr_line' id='line_1_36' title="bbox 335 2094 1773 2153; baseline -0.004 -15"><span class='ocrx_word' id='word_1_258' title='bbox 335 2106 470 2138; x_wconf 81' lang='lat' dir='ltr'><em>tamen</em></span> <span class='ocrx_word' id='word_1_259' title='bbox 496 2103 559 2140; x_wconf 88' lang='lat' dir='ltr'><em>vir</em></span> <span class='ocrx_word' id='word_1_260' title='bbox 582 2100 722 2139; x_wconf 88' lang='lat' dir='ltr'><em>doctus</em></span> <span class='ocrx_word' id='word_1_261' title='bbox 747 2100 822 2138; x_wconf 91' lang='lat' dir='ltr'><em>sibi</em></span> <span class='ocrx_word' id='word_1_262' title='bbox 852 2112 989 2153; x_wconf 86' lang='lat' dir='ltr'><em>passus</em></span> <span class='ocrx_word' id='word_1_263' title='bbox 1011 2098 1163 2150; x_wconf 90' lang='lat' dir='ltr'><em>imponi</em></span> <span class='ocrx_word' id='word_1_264' title='bbox 1187 2112 1211 2136; x_wconf 89' lang='lat' dir='ltr'><em>a</em></span> <span class='ocrx_word' id='word_1_265' title='bbox 1241 2110 1337 2135; x_wconf 91' lang='lat' dir='ltr'><em>sono</em></span> <span class='ocrx_word' id='word_1_266' title='bbox 1373 2097 1479 2135; x_wconf 88' lang='lat' dir='ltr'><em>vocis</em></span> <span class='ocrx_word' id='word_1_267' title='bbox 1515 2109 1606 2134; x_wconf 84' lang='lat' dir='ltr'><em>eum</em></span> <span class='ocrx_word' id='word_1_268' title='bbox 1630 2094 1773 2133; x_wconf 82' lang='lat' dir='ltr'><em>Latina</em></span> 
     </span>
     <span class='ocr_line' id='line_1_37' title="bbox 324 2149 1773 2209; baseline -0.006 -15"><span class='ocrx_word' id='word_1_269' title='bbox 324 2153 540 2209; x_wconf 84' lang='lat' dir='ltr'><em>flammula</em></span> <span class='ocrx_word' id='word_1_270' title='bbox 571 2156 831 2194; x_wconf 88' lang='lat' dir='ltr'><em>conveniente</em></span> <span class='ocrx_word' id='word_1_271' title='bbox 849 2185 860 2201; x_wconf 77' lang='lat'>‚</span> <span class='ocrx_word' id='word_1_272' title='bbox 906 2160 954 2191; x_wconf 82' lang='lat' dir='ltr'><em>ut</em></span> <span class='ocrx_word' id='word_1_273' title='bbox 988 2153 1166 2192; x_wconf 87' lang='lat' dir='ltr'><em>crederet</em></span> <span class='ocrx_word' id='word_1_274' title='bbox 1220 2153 1310 2206; x_wconf 82' lang='lat' dir='ltr'><em>eius¹</em></span> <span class='ocrx_word' id='word_1_275' title='bbox 1344 2151 1514 2189; x_wconf 87' lang='lat' dir='ltr'><em>formam</em></span> <span class='ocrx_word' id='word_1_276' title='bbox 1551 2149 1603 2189; x_wconf 90' lang='lat' dir='ltr'><em>ad</em></span> <span class='ocrx_word' id='word_1_277' title='bbox 1648 2150 1773 2187; x_wconf 86' lang='lat' dir='ltr'><em>instar</em></span> 
     </span>
     <span class='ocr_line' id='line_1_38' title="bbox 338 2205 1775 2263; baseline -0.003 -16"><span class='ocrx_word' id='word_1_278' title='bbox 338 2209 512 2262; x_wconf 84' lang='lat' dir='ltr'><em>lingulae</em></span> <span class='ocrx_word' id='word_1_279' title='bbox 551 2211 687 2263; x_wconf 83' lang='lat' dir='ltr'><em>igneae</em></span> <span class='ocrx_word' id='word_1_280' title='bbox 726 2217 796 2248; x_wconf 89' lang='lat' dir='ltr'><em>aut</em></span> <span class='ocrx_word' id='word_1_281' title='bbox 830 2208 1012 2247; x_wconf 87' lang='lat' dir='ltr'><em>flammae</em></span> <span class='ocrx_word' id='word_1_282' title='bbox 1040 2208 1173 2246; x_wconf 87' lang='lat' dir='ltr'><em>fuisse.</em></span> <span class='ocrx_word' id='word_1_283' title='bbox 1223 2206 1414 2246; x_wconf 85' lang='lat' dir='ltr'><em>Eiusdem</em></span> <span class='ocrx_word' id='word_1_284' title='bbox 1437 2205 1653 2244; x_wconf 82' lang='lat' dir='ltr'><em>sententiae</em></span> <span class='ocrx_word' id='word_1_285' title='bbox 1674 2217 1775 2256; x_wconf 90' lang='lat' dir='ltr'><em>quo-</em></span> 
     </span>
     <span class='ocr_line' id='line_1_39' title="bbox 337 2259 1772 2316; baseline -0.004 -14"><span class='ocrx_word' id='word_1_286' title='bbox 337 2279 417 2316; x_wconf 88' lang='lat' dir='ltr'><em>que</em></span> <span class='ocrx_word' id='word_1_287' title='bbox 441 2266 515 2304; x_wconf 89' lang='lat' dir='ltr'><em>fuit</em></span> <span class='ocrx_word' id='word_1_288' title='bbox 533 2266 618 2303; x_wconf 90' lang='lat' dir='ltr'><em>DC.</em></span> <span class='ocrx_word' id='word_1_289' title='bbox 648 2265 698 2303; x_wconf 88' lang='lat' dir='ltr'><em>ad</em></span> <span class='ocrx_word' id='word_1_290' title='bbox 717 2264 898 2303; x_wconf 82' lang='lat' dir='ltr'><em>Ioinville</em></span> <span class='ocrx_word' id='word_1_291' title='bbox 921 2279 963 2316; x_wconf 89' lang='lat' dir='ltr'><em>p.</em></span> <span class='ocrx_word' id='word_1_292' title='bbox 989 2264 1080 2312; x_wconf 65' lang='lat'><em>245.</em></span> <span class='ocrx_word' id='word_1_293' title='bbox 1103 2277 1243 2301; x_wconf 86' lang='lat' dir='ltr'><em>vocem</em></span> <span class='ocrx_word' id='word_1_294' title='bbox 1264 2261 1482 2316; x_wconf 66' lang='lat' dir='ltr'><em>oriflamme</em></span> <span class='ocrx_word' id='word_1_295' title='bbox 1525 2259 1709 2299; x_wconf 84' lang='lat' dir='ltr'><em>derivans</em></span> <span class='ocrx_word' id='word_1_296' title='bbox 1748 2272 1772 2296; x_wconf 88' lang='lat' dir='ltr'><em>a</em></span> 
     </span>
     <span class='ocr_line' id='line_1_40' title="bbox 323 2312 1786 2372; baseline -0.004 -15"><span class='ocrx_word' id='word_1_297' title='bbox 323 2319 504 2372; x_wconf 69' lang='lat' dir='ltr'><em>flamma</em></span> <span class='ocrx_word' id='word_1_298' title='bbox 532 2334 678 2359; x_wconf 86' lang='lat' dir='ltr'><em>aurea:</em></span> <span class='ocrx_word' id='word_1_299' title='bbox 726 2321 762 2358; x_wconf 91' lang='lat' dir='ltr'><em>le</em></span> <span class='ocrx_word' id='word_1_300' title='bbox 797 2334 888 2357; x_wconf 86' lang='lat' dir='ltr'><em>nom</em></span> <span class='ocrx_word' id='word_1_301' title='bbox 915 2319 964 2357; x_wconf 84' lang='lat' dir='ltr'><em>cle</em></span> <span class='ocrx_word' id='word_1_302' title='bbox 985 2317 1230 2356; x_wconf 84' lang='lat' dir='ltr'><em>ssammuluin</em></span> <span class='ocrx_word' id='word_1_303' title='bbox 1257 2331 1307 2356; x_wconf 89' lang='lat' dir='ltr'><em>ou</em></span> <span class='ocrx_word' id='word_1_304' title='bbox 1336 2315 1496 2355; x_wconf 86' lang='lat' dir='ltr'><em>flamma</em></span> <span class='ocrx_word' id='word_1_305' title='bbox 1534 2313 1626 2353; x_wconf 82' lang='lat' dir='ltr'><em>e&#39;toit</em></span> <span class='ocrx_word' id='word_1_306' title='bbox 1650 2312 1786 2352; x_wconf 80' lang='lat' dir='ltr'><em>donne&#39;</em></span> 
     </span>
     <span class='ocr_line' id='line_1_41' title="bbox 340 2368 1776 2429; baseline -0.003 -18"><span class='ocrx_word' id='word_1_307' title='bbox 340 2376 367 2411; x_wconf 83' lang='grc' dir='ltr'><em>ὰ</em></span> <span class='ocrx_word' id='word_1_308' title='bbox 395 2385 486 2413; x_wconf 85' lang='lat' dir='ltr'><em>cette</em></span> <span class='ocrx_word' id='word_1_309' title='bbox 514 2377 642 2429; x_wconf 69' lang='lat' dir='ltr'><em>espece</em></span> <span class='ocrx_word' id='word_1_310' title='bbox 683 2375 732 2413; x_wconf 86' lang='lat' dir='ltr'><em>de</em></span> <span class='ocrx_word' id='word_1_311' title='bbox 759 2375 942 2412; x_wconf 73' lang='lat' dir='ltr'><em>banniere</em></span> <span class='ocrx_word' id='word_1_312' title='bbox 958 2402 968 2421; x_wconf 83' lang='lat'>‚</span> <span class='ocrx_word' id='word_1_313' title='bbox 1000 2388 1125 2426; x_wconf 83' lang='lat' dir='ltr'><em>parce</em></span> <span class='ocrx_word' id='word_1_314' title='bbox 1152 2373 1291 2428; x_wconf 82' lang='lat' dir='ltr'><em>qu&#39;elle</em></span> <span class='ocrx_word' id='word_1_315' title='bbox 1322 2371 1413 2410; x_wconf 86' lang='lat' dir='ltr'><em>e&#39;toit</em></span> <span class='ocrx_word' id='word_1_316' title='bbox 1437 2369 1624 2423; x_wconf 61' lang='lat' dir='ltr'><em>de&#39;coupee</em></span> <span class='ocrx_word' id='word_1_317' title='bbox 1635 2382 1717 2422; x_wconf 85' lang='lat' dir='ltr'><em>par</em></span> <span class='ocrx_word' id='word_1_318' title='bbox 1739 2368 1776 2406; x_wconf 86' lang='lat' dir='ltr'><em>le</em></span> 
     </span>
     <span class='ocr_line' id='line_1_42' title="bbox 343 2422 1778 2481; baseline -0.003 -17"><span class='ocrx_word' id='word_1_319' title='bbox 343 2428 409 2466; x_wconf 83' lang='lat' dir='ltr'><em>bas</em></span> <span class='ocrx_word' id='word_1_320' title='bbox 427 2445 475 2468; x_wconf 85' lang='lat' dir='ltr'><em>en</em></span> <span class='ocrx_word' id='word_1_321' title='bbox 494 2432 633 2480; x_wconf 72' lang='lat' dir='ltr'><em>forme</em></span> <span class='ocrx_word' id='word_1_322' title='bbox 663 2430 711 2468; x_wconf 85' lang='lat' dir='ltr'><em>cle</em></span> <span class='ocrx_word' id='word_1_323' title='bbox 728 2428 902 2481; x_wconf 71' lang='lat' dir='ltr'><em>flamme.</em></span> <span class='ocrx_word' id='word_1_324' title='bbox 957 2429 1079 2466; x_wconf 83' lang='lat' dir='ltr'><em>Forte</em></span> <span class='ocrx_word' id='word_1_325' title='bbox 1103 2427 1195 2466; x_wconf 85' lang='lat' dir='ltr'><em>suit.</em></span> <span class='ocrx_word' id='word_1_326' title='bbox 1253 2426 1330 2465; x_wconf 91' lang='lat' dir='ltr'><em>Sed</em></span> <span class='ocrx_word' id='word_1_327' title='bbox 1354 2426 1444 2464; x_wconf 89' lang='lat' dir='ltr'><em>ideo</em></span> <span class='ocrx_word' id='word_1_328' title='bbox 1461 2431 1566 2463; x_wconf 88' lang='lat' dir='ltr'><em>certe</em></span> <span class='ocrx_word' id='word_1_329' title='bbox 1587 2437 1669 2462; x_wconf 89' lang='lat' dir='ltr'><em>non</em></span> <span class='ocrx_word' id='word_1_330' title='bbox 1699 2422 1778 2461; x_wconf 83' lang='lat' dir='ltr'><em>fuit</em></span> 
     </span>
     <span class='ocr_line' id='line_1_43' title="bbox 347 2476 1782 2539; baseline -0.003 -20"><span class='ocrx_word' id='word_1_331' title='bbox 347 2476 776 2539; x_wconf 71' lang='lat' dir='ltr'><em>dictumflamnzulunz,</em></span> <span class='ocrx_word' id='word_1_332' title='bbox 803 2484 911 2536; x_wconf 89' lang='lat' dir='ltr'><em>quod</em></span> <span class='ocrx_word' id='word_1_333' title='bbox 934 2482 1134 2521; x_wconf 84' lang='lat' dir='ltr'><em>flammam</em></span> <span class='ocrx_word' id='word_1_334' title='bbox 1164 2483 1408 2527; x_wconf 83' lang='lat' dir='ltr'><em>imitaretur,</em></span> <span class='ocrx_word' id='word_1_335' title='bbox 1451 2478 1518 2517; x_wconf 89' lang='lat' dir='ltr'><em>sed</em></span> <span class='ocrx_word' id='word_1_336' title='bbox 1553 2492 1575 2516; x_wconf 88' lang='lat' dir='ltr'><em>a</em></span> <span class='ocrx_word' id='word_1_337' title='bbox 1592 2478 1782 2533; x_wconf 80' lang='lat' dir='ltr'><em>flabello.</em></span> 
     </span>
     <span class='ocr_line' id='line_1_44' title="bbox 345 2534 1781 2591; baseline -0.003 -17"><span class='ocrx_word' id='word_1_338' title='bbox 345 2536 446 2576; x_wconf 84' lang='lat' dir='ltr'><em>Erat</em></span> <span class='ocrx_word' id='word_1_339' title='bbox 494 2553 637 2591; x_wconf 86' lang='lat' dir='ltr'><em>nempe</em></span> <span class='ocrx_word' id='word_1_340' title='bbox 670 2536 917 2591; x_wconf 75' lang='grc' dir='ltr'><em>φλάμουλον</em></span> <span class='ocrx_word' id='word_1_341' title='bbox 954 2538 1060 2576; x_wconf 86' lang='lat' dir='ltr'><em>lodix</em></span> <span class='ocrx_word' id='word_1_342' title='bbox 1106 2537 1171 2576; x_wconf 88' lang='lat' dir='ltr'><em>vel</em></span> <span class='ocrx_word' id='word_1_343' title='bbox 1207 2537 1340 2575; x_wconf 85' lang='lat' dir='ltr'><em>taenia</em></span> <span class='ocrx_word' id='word_1_344' title='bbox 1395 2534 1518 2573; x_wconf 86' lang='lat' dir='ltr'><em>lintea</em></span> <span class='ocrx_word' id='word_1_345' title='bbox 1582 2535 1781 2580; x_wconf 88' lang='lat' dir='ltr'><em>sericave,</em></span> 
     </span>
     <span class='ocr_line' id='line_1_45' title="bbox 343 2587 1782 2646; baseline -0.002 -17"><span class='ocrx_word' id='word_1_346' title='bbox 343 2590 467 2630; x_wconf 84' lang='lat' dir='ltr'><em>hastis</em></span> <span class='ocrx_word' id='word_1_347' title='bbox 504 2593 618 2632; x_wconf 84' lang='lat' dir='ltr'><em>affixa</em></span> <span class='ocrx_word' id='word_1_348' title='bbox 654 2601 693 2631; x_wconf 86' lang='lat' dir='ltr'><em>et</em></span> <span class='ocrx_word' id='word_1_349' title='bbox 726 2594 816 2632; x_wconf 88' lang='lat' dir='ltr'><em>inde</em></span> <span class='ocrx_word' id='word_1_350' title='bbox 854 2593 1108 2646; x_wconf 87' lang='lat' dir='ltr'><em>dependens,</em></span> <span class='ocrx_word' id='word_1_351' title='bbox 1153 2605 1255 2644; x_wconf 88' lang='lat' dir='ltr'><em>quae</em></span> <span class='ocrx_word' id='word_1_352' title='bbox 1316 2603 1413 2628; x_wconf 88' lang='lat' dir='ltr'><em>uum</em></span> <span class='ocrx_word' id='word_1_353' title='bbox 1445 2587 1715 2627; x_wconf 86' lang='lat' dir='ltr'><em>indesinenter</em></span> <span class='ocrx_word' id='word_1_354' title='bbox 1757 2601 1782 2626; x_wconf 87' lang='lat' dir='ltr'><em>a</em></span> 
     </span>
     <span class='ocr_line' id='line_1_46' title="bbox 345 2640 1784 2699; baseline -0.002 -16"><span class='ocrx_word' id='word_1_355' title='bbox 345 2647 473 2684; x_wconf 76' lang='lat' dir='ltr'><em>ventis</em></span> <span class='ocrx_word' id='word_1_356' title='bbox 497 2649 714 2699; x_wconf 82' lang='lat' dir='ltr'><em>agitaretur</em></span> <span class='ocrx_word' id='word_1_357' title='bbox 730 2678 751 2698; x_wconf 79' lang='grc'><em>,,</em></span> <span class='ocrx_word' id='word_1_358' title='bbox 777 2656 862 2687; x_wconf 85' lang='lat' dir='ltr'><em>erat</em></span> <span class='ocrx_word' id='word_1_359' title='bbox 886 2648 1009 2687; x_wconf 88' lang='lat' dir='ltr'><em>veluti</em></span> <span class='ocrx_word' id='word_1_360' title='bbox 1016 2647 1218 2698; x_wconf 79' lang='lat' dir='ltr'><em>flabellum</em></span> <span class='ocrx_word' id='word_1_361' title='bbox 1233 2674 1245 2694; x_wconf 94' lang='lat'><strong><em>,</em></strong></span> <span class='ocrx_word' id='word_1_362' title='bbox 1281 2642 1482 2696; x_wconf 77' lang='grc' dir='ltr'><em>ριπίδιον.</em></span> <span class='ocrx_word' id='word_1_363' title='bbox 1542 2643 1647 2682; x_wconf 90' lang='lat' dir='ltr'><em>Huic</em></span> <span class='ocrx_word' id='word_1_364' title='bbox 1676 2640 1784 2682; x_wconf 85' lang='lat' dir='ltr'><em>deri-</em></span> 
     </span>
     <span class='ocr_line' id='line_1_47' title="bbox 344 2697 1779 2752; baseline -0.002 -14"><span class='ocrx_word' id='word_1_365' title='bbox 344 2702 493 2740; x_wconf 76' lang='lat' dir='ltr'><em>vationi</em></span> <span class='ocrx_word' id='word_1_366' title='bbox 523 2704 719 2741; x_wconf 82' lang='lat' dir='ltr'><em>consentit</em></span> <span class='ocrx_word' id='word_1_367' title='bbox 739 2703 861 2742; x_wconf 88' lang='lat' dir='ltr'><em>codex</em></span> <span class='ocrx_word' id='word_1_368' title='bbox 897 2710 1031 2743; x_wconf 83' lang='lat' dir='ltr'><em>noster</em></span> <span class='ocrx_word' id='word_1_369' title='bbox 1056 2701 1380 2742; x_wconf 60' lang='lat' dir='ltr'><em>membranaceus</em></span> <span class='ocrx_word' id='word_1_370' title='bbox 1412 2698 1627 2752; x_wconf 85' lang='lat' dir='ltr'><em>Lipsiensis</em></span> <span class='ocrx_word' id='word_1_371' title='bbox 1645 2728 1657 2752; x_wconf 87' lang='lat'>‚</span> <span class='ocrx_word' id='word_1_372' title='bbox 1687 2697 1755 2751; x_wconf 88' lang='lat' dir='ltr'><em>qui</em></span> <span class='ocrx_word' id='word_1_373' title='bbox 1765 2725 1779 2747; x_wconf 89' lang='lat'><em>,</em></span> 
     </span>
    </p>
   </div>
  </div>
 </body>
</html>
