1884 3132
255 151 368 211 506
561 174 637 215 10.
681 173 786 217 1Ac.
827 175 1023 217 mnsxn
1064 175 1441 219 commum}

255 278 351 319 355.
397 279 438 317 in
485 276 556 318 illo
608 279 755 319 celebri
783 288 821 320 et
849 296 992 335 parum
1038 282 1322 336 interpretibus
1350 281 1552 323 intellecto
1579 282 1667 323 loeo
1689 313 1703 331 ‚

254 348 328 387 pro
359 342 535 386 quatuor
563 335 671 374 cadis
690 336 753 376 vel
773 337 955 390 cophinis
975 367 986 387 ‚
1018 352 1191 391 quorum
1219 338 1304 377 bini
1323 369 1334 386 ‚
1363 338 1477 378 velut
1508 339 1704 389 sarcinae,

255 403 376 442 super
405 390 570 440 singulis
598 393 767 430 iumenti
808 391 1000 431 lateribus
1029 401 1247 447 gestentur.
1307 394 1375 433 Du
1404 394 1539 448 Gange
1569 393 1704 433 Gloss.

255 446 329 484 Gr.
352 459 392 498 p.
418 446 510 500 575.
531 446 664 486 locum
693 447 808 486 illum
837 455 945 487 recte
981 449 1055 488 fuit
1096 451 1383 502 interpretatus
1400 479 1411 501 ,
1444 457 1484 490 et
1510 448 1580 488 ille
1607 447 1710 488 mihi

255 502 311 539 sic
341 503 644 541 constituendus
674 504 866 543 videtur:
898 504 943 543 ἐκ
971 506 1122 558 πολλῆς
1151 499 1226 543 οὖν
1253 501 1536 558 περιστάσεως
1562 500 1708 543 {nevo-

255 551 341 608 ἤθη
373 553 451 595 dvo}
485 556 559 595 δύο
589 553 704 606 ζώων
732 560 1090 610 σαγματουμένων
1118 558 1199 599 dm)
1241 557 1580 613 τετρακανθήλου
1631 573 1708 598 σα-

255 609 375 658 νίδας
416 611 618 652 ἐπιτίθειν
652 613 725 653 καί
762 609 897 661 οὕτως
931 613 1125 668 ἐκφέρειν
1165 611 1262 663 τούς
1307 611 1509 670 νεκρούς,
1550 623 1707 668 urgente

257 668 380 719 igilur
406 669 631 708 calamitate
669 672 934 722 excogitatum
952 673 1045 720 Jin'c
1085 672 1156 710 Izoc
1188 672 1404 726 expediens
1417 703 1429 722 ‚
1459 680 1503 710 ut
1529 670 1622 710 bina
1645 671 1709 709 iu-

255 732 390 762 menta
403 754 412 772 ‚
440 733 602 762 onerata
626 726 781 778 singula
811 727 974 778 singulis
1003 727 1206 781 quadrigis
1237 728 1410 767 corbium
1442 723 1710 782 [vacuorum]

256 780 571 832 coniugarencur,
600 788 638 818 ct
657 795 773 836 supet·
795 782 884 820 illos
914 790 1068 821 octonos
1094 784 1225 822 corbes
1256 792 1442 822 extensae
1469 787 1715 837 ponerentur

257 835 367 873 latae
401 836 557 874 tabulae
598 836 666 875 vel
705 851 865 885 asset-es,
902 851 1020 891 super
1056 839 1192 893 quihus
1226 839 1432 878 cadavera
1461 838 1711 891 ffrrentur.

258 889 320 929 Ut
358 891 482 944 igitur
516 891 582 929 hic
625 889 703 930 loci
733 888 1068 945 τετρακοένθηλον
1105 900 1165 932 est
1201 894 1398 947 quadriga
1432 893 1614 933 corbium
1642 890 1710 931 vel

260 945 483 997 cadorum,
513 947 570 985 ita
598 947 641 985 in
678 954 817 986 nostro
847 947 937 986 loco
985 953 1054 1001 qui
1092 942 1371 1002 ἑξακάνθηλον
1412 963 1497 989 esse
1535 952 1710 1001 nequeat

257 1003 399 1055 sexiga
430 1003 490 1052 (ut
516 1004 572 1040 ita
601 1001 746 1053 dicam)
774 1003 988 1052 cadorum,
1020 1018 1102 1042 non
1131 1005 1265 1043 video.

371 1058 416 1096 Β.
440 1057 483 1097 8.
506 1056 625 1112 [462,
660 1059 743 1110 2o.]
788 1057 1003 1110 κεὸραιάς.
1063 1059 1235 1098 Reddidi
1261 1059 1469 1112 goch-onio.
1527 1060 1620 1110 Quo
1646 1071 1715 1097 me

260 1111 420 1151 induxit
458 1113 603 1153 Matth.
640 1113 855 1152 silvaticus
874 1143 885 1160 ‚
933 1115 1047 1153 cuius
1077 1114 1177 1154 haec
1205 1114 1330 1154 verba
1356 1117 1452 1153 citat
1478 1114 1549 1152 Du
1577 1115 1713 1167 Gange

259 1167 327 1207 Gl.
356 1168 444 1212 Lat.
482 1183 524 1207 v.
558 1168 726 1208 Ceclria:
758 1169 892 1207 hidria
902 1198 919 1217 ,
962 1170 1009 1208 id
1044 1179 1100 1209 est
1125 1171 1301 1210 alkitmn
1314 1185 1330 1218 ,·
1369 1170 1507 1209 cedria
1522 1201 1534 1219 ,
1584 1170 1631 1208 id
1658 1177 1715 1208 est

257 1226 410 1276 gzmzmi
446 1225 572 1263 cedri.
631 1225 672 1263 Si
711 1224 864 1263 Kidria
887 1225 994 1264 idem
1025 1233 1100 1275 est,
1130 1233 1251 1280 atque
1278 1225 1454 1264 allsitran
1471 1256 1482 1274 ‚
1533 1225 1713 1278 profecto

259 1279 368 1318 idem
398 1294 561 1334 qnoque
590 1286 649 1319 est
687 1292 779 1318 cum
807 1279 1018 1332 godroniO.
1073 1281 1179 1321 Nam
1201 1282 1440 1335 godronium
1469 1287 1509 1320 et
1537 1281 1713 1319 alkitran

260 1347 368 1387 idem
392 1354 487 1386 sunt
514 1354 554 1386 et
582 1361 626 1386 re
653 1353 694 1386 et
722 1361 837 1386 sono.
895 1336 1025 1402 &ld-2²3
1044 1349 1154 1387 varie
1169 1349 1470 1401 pronuntiatur,
1491 1347 1612 1387 modo
1630 1356 1714 1387 cac-

259 1411 369 1453 tran,
382 1402 505 1442 modo
530 1411 727 1451 calcar-an,
743 1402 864 1442 modo
883 1403 1031 1442 kittrau
1045 1434 1056 1453 7
1075 1403 1196 1443 modo
1209 1412 1378 1443 cotiran.
1404 1403 1539 1457 Ipsum
1552 1416 1714 1458 quoque

260 1461 313 1524 03
328 1500 339 1518 ‚
370 1484 424 1508 an
439 1499 451 1520 ‚
481 1483 593 1508 mera
621 1469 854 1508 terminatio
874 1477 932 1508 est
958 1476 999 1508 et
1027 1470 1292 1509 accessorium
1312 1469 1425 1523 quid.
1465 1459 1544 1528 553
1563 1500 1574 1521 ‚
1603 1469 1712 1518 kidr,

261 1550 358 1590 ergo
389 1543 429 1575 et
457 1525 588 1591 obl-23
608 1566 618 1583 ‚
651 1536 810 1575 kitlzran
824 1566 834 1583 ‚
866 1535 970 1575 idem
1000 1543 1121 1586 sunt3
1152 1535 1272 1576 ambo
1298 1537 1445 1575 stillam
1474 1535 1717 1589 significant,

263 1600 420 1645 guttam
447 1591 713 1631 exstillantem
737 1621 748 1642 ,
778 1598 818 1631 et
844 1591 940 1630 hinc
968 1591 1130 1644 pluviae
1159 1606 1320 1646 quoque
1348 1606 1561 1630 commune
1591 1599 1650 1630 est
1676 1599 1718 1631 et

264 1649 375 1686 omni
406 1649 463 1686 rei
494 1647 668 1701 liquidae
696 1647 878 1686 stillanti.
934 1648 1072 1700 Ipsum
1103 1662 1175 1688 aes
1198 1642 1454 1687 fusum'kitlzr
1477 1645 1720 1700 appellatur.

262 1703 343 1742 Sed
371 1704 413 1742 in
445 1705 575 1756 specie
602 1704 659 1742 sic
684 1702 888 1757 appellant
916 1702 1071 1742 Arabes
1091 1702 1325 1756 gummi'vel
1355 1703 1557 1741 viscidum
1582 1701 1718 1755 liquo-

263 1773 350 1798 rem
393 1773 438 1797 ex
482 1759 693 1798 arboribus
732 1759 919 1798 coniferis
949 1759 1133 1798 resinosis
1152 1788 1163 1809 ‚
1204 1761 1326 1813 pinu,
1357 1757 1477 1797 cedro
1505 1765 1544 1796 et
1569 1757 1723 1796 talibus

268 1822 493 1854 excoctum.
556 1814 661 1853 Hinc
692 1821 814 1866 sunt,
843 1816 911 1867 qui
933 1813 1064 1852 kim-an
1091 1815 1221 1868 picem
1249 1815 1580 1867 interpretantur.
1637 1813 1719 1852 Sed

265 1882 403 1934 potins
434 1888 493 1920 est
519 1880 772 1934 godronium.
831 1880 938 1919 Nam
965 1878 1062 1936 εμὲ)
1093 1909 1104 1929 ,
1159 1881 1260 1932 zefe,
1311 1893 1385 1932 pro
1418 1881 1510 1934 pice
1558 1879 1714 1918 dicunt.

265 1937 356 1975 Pro<
381 1937 512 1975 resina
545 1936 697 1989 liquida
725 1935 791 1975 vel
819 1934 1019 1974 bitumine
1047 1936 1178 1988 posuit
1211 1935 1421 1988 Eugippus
1449 1936 1491 1973 in
1520 1934 1723 1974 distantiis

265 1990 451 2030 locorum
478 1999 610 2030 terrae
637 1998 797 2030 sanctae
821 2006 860 2044 p.
887 1991 974 2030 105.
1006 1991 1318 2044 Symmictorum
1359 1991 1506 2029 Leonis
1547 1989 1715 2029 Allatii:

265 2048 430 2086 multum
464 2048 522 2086 ihi
539 2046 602 2102 [in
638 2047 742 2086 mari
758 2045 955 2099 vmortuo]
985 2055 1041 2084 est
1072 2046 1281 2094 aluminis,
1329 2046 1567 2100 multumque
1605 2054 1718 2084 cata-

266 2104 389 2141 ranni
422 2102 632 2158 [delendus
661 2103 871 2141 asteriscus
887 2131 900 2153 ‚
930 2101 1041 2140 locus
1068 2102 1175 2139 enim
1204 2101 1357 2153 integer
1385 2099 1490 2154 est}‚
1528 2101 1636 2156 quod
1665 2100 1720 2138 ab

266 2159 406 2197 incolis
431 2160 625 2213 reperitur
657 2167 695 2196 et
731 2158 883 2198 colitur.
937 2157 991 2195 V.
1025 2157 1091 2194 Du
1131 2156 1269 2210 Gange
1293 2169 1335 2195 v.
1365 2156 1582 2211 Alquitran
1601 2183 1613 2205 ‚
1642 2154 1717 2193 ubi

267 2214 364 2252 citat
391 2214 500 2253 hunc
526 2213 660 2252 locum
676 2226 699 2251 c
725 2214 850 2251 veteri
881 2212 1019 2251 charta
1050 2212 1292 2264 Hispanica:
1332 2226 1403 2250 nec:
1425 2213 1546 2250 etium
1572 2211 1717 2265 aliquis

260 2278 392 2322 posset
414 2270 622 2309 excmhere
638 2268 689 2306 de
713 2277 819 2306 terra
836 2277 968 2307 nostra
992 2281 1053 2306 res
1068 2268 1287 2322 prohibitas
1299 2297 1309 2314 ‚
1329 2268 1476 2306 scilicet
1486 2274 1718 2321 pegmata,

292 2325 396 2362 Peclz
410 2354 421 2374 ,
455 2322 626 2378 piccms}
654 2337 806 2378 cepam,
840 2323 912 2378 [id
932 2330 990 2362 est
1018 2322 1161 2362 sebum
1176 2320 1206 2375 ‚]
1235 2324 1536 2376 alquatranum‚
1556 2321 1719 2372 ficstam

294 2379 453 2429 Pfhscen
469 2409 479 2427 ‚
501 2380 613 2433 tigna
626 2408 638 2427 ,
671 2379 878 2418 materiam
895 2378 1095 2418 struendis
1113 2376 1319 2430 navibus‚]
1348 2378 1537 2416 canabum
1553 2375 1710 2438 ’filum-

270 2433 408 2473 Facile
437 2434 516 2472 iam
547 2433 753 2473 conciliari
782 2448 875 2473 cum
903 2435 1100 2473 sententia
1128 2440 1266 2472 nostra
1294 2438 1506 2485 poterunt,
1543 2444 1576 2469 sl
1613 2444 1722 2483 quae

269 2497 484 2528 occurrant
512 2490 561 2527 de
595 2489 728 2528 cedria
754 2489 807 2528 ab
834 2489 1065 2529 auctoribus
1094 2489 1322 2543 praedicata
1342 2517 1354 2540 ‚
1379 2499 1482 2542 quae
1508 2487 1551 2524 in
1569 2485 1716 2539 godro-

269 2544 383 2581 nium
416 2545 615 2596 quadrare
642 2558 724 2583 non
750 2544 980 2584 videantur.

371 2599 423 2651 B.
437 2614 478 2651 9.
494 2598 614 2652 [ᾅδῃ
626 2598 716 2653 20]
730 2598 970 2650 περιοὸιῶν.
999 2600 1108 2650 Quia
1124 2598 1370 2638 medicorum
1381 2603 1439 2635 est
1451 2609 1589 2649 aegros
1607 2609 1716 2644 suos,

271 2659 316 2690 nt
328 2653 382 2690 ait
401 2653 566 2703 Seneca,
589 2653 871 2706 perambulare
889 2669 958 2694 seu
974 2655 1025 2694 ab
1053 2669 1135 2694 uno
1151 2654 1202 2692 ad
1219 2653 1388 2691 alterum
1406 2651 1570 2701 vadere,
1595 2658 1634 2690 et
1649 2665 1718 2690 or·-

271 2706 362 2744 bem
390 2709 627 2747 visitationis
649 2709 776 2757 obire,
805 2717 1014 2763 propterea
1030 2709 1237 2748 medicatio
1253 2706 1359 2745 dicta
1372 2706 1448 2745 fuit
1466 2708 1580 2746 novis
1592 2706 1718 2745 Grae-

274 2763 330 2801 cis
349 2760 538 2815 περιοδία
566 2770 604 2801 et
640 2764 791 2803 mederi
821 2760 1078 2817 περιοδεύων
1103 2771 1142 2803 ct
1162 2762 1306 2807 medici
1333 2757 1622 2814 περιοδευῐαι’;
1653 2760 1719 2802 vel
