1826 3126
218 207 292 248 An
333 203 629 247 consum.
668 203 863 244 ponpa.
906 203 978 242 DE
1020 201 1199 243 celum.
1238 201 1337 242 mn.
1377 204 1410 242 1.
1462 184 1535 239 63

102 308 221 362 uum]
276 307 323 348 ἐκ
362 299 644 359 διαστήματός
676 317 787 350 τινος
811 304 888 342 τοῦ
922 302 1145 354 βασιλικοῦ
1184 299 1341 356 θρόνου
1370 303 1431 350 εἰς
1455 318 1535 356 μη-

101 363 261 410 νοειδὲς
284 362 430 415 σχῆμα
456 356 631 407 ἑαντούς
656 355 801 398 nuffar
826 353 1177 410 καταστήσαντες,
1207 355 1280 397 καὶ
1303 352 1391 398 οἷον
1414 357 1537 411 ἐναγ-

98 405 371 469 καλισάμενοι
405 412 476 456 τόν
516 410 829 467 αὐτοκράτορα,
876 413 1003 466 θνμῷ
1041 408 1392 465 στρατηγούμενοι
1428 409 1538 454 ποίν-

99 486 168 520 τες
183 496 245 504 --
265 467 360 512 ὅσον
391 469 439 510 δὲ
470 468 662 521 συγγενὲς
686 469 730 516 ἐξ
754 463 930 518 αἵματός
962 480 1008 506 τε
1037 467 1111 505 καί
1137 466 1380 518 ἀγχιστείας
1405 465 1536 523 τούτῳ

100 527 338 581 προσῆκον,
377 519 392 534 ’
415 525 499 576 χοῦ
522 524 598 563 τοῦ
628 523 849 573 βασιλικοῦ
874 516 1031 574 θρόνου
1052 520 1122 573 ἐφ’
1147 517 1325 573 ἑκάτερα
1354 522 1541 563 ἵσταντο.

98 577 288 631 δεξιόθεν
316 579 365 620 δὲ
394 577 468 618 καί
498 577 542 627 ἐξ
566 574 794 627 εὐωνύμων
821 575 952 629 ἕτεροι
982 574 1236 617 καθίσταντο
1266 575 1537 618 ὑπασπισταί.

98 635 124 676 ὅ
153 635 202 676 δὲ
228 630 428 688 βασιλεῦς
446 630 628 686 φοβερὸς
647 631 719 672 ἐπὶ
743 628 885 670 θώκου
901 626 1173 684 προῦκαθῆτο
1186 662 1199 681 ,
1238 630 1292 670 ου’
1308 633 1536 682 βασιλικῶς

95 689 346 740 ἐσταλμένος
373 687 531 740 μᾶλλον
560 683 589 740 ἢ
611 686 925 739 στρατιωτικῶς.
982 686 1262 741 [Gerebantur
1297 689 1404 726 enim
1435 687 1535 727 haec

97 747 143 785 in
161 742 342 797 castris]
363 766 384 773 -
403 766 424 773 -
445 739 563 796 φωνὴ
588 741 635 782 δέ
661 755 723 788 τις
743 741 843 792 παρ’
870 738 1038 787 ου’δενὸς
1059 736 1296 793 έξηκοιὶετο,
1324 741 1417 781 ἄλλ’
1439 742 1536 782 α’τε-

30 816 35 820 ·
93 800 164 846 vs«,-
186 795 291 852 πρὸς
311 795 387 838 τὸν
409 793 664 864 ἐφεστηκότα
681 798 733 851 τῇ
752 793 861 851 πύλῃ
894 797 967 848 τῆς
992 796 1142 848 σκηνῆς
1170 795 1404 850 [ostiarium
1421 827 1433 846 ,
1464 805 1534 836 aut

94 852 390 908 silentiarium]
427 849 696 898 απονεύοντες
722 850 965 903 ἐπτοημένοι
1005 847 1257 915 εἱστήκεσαν.
1280 875 1335 882 --
1354 850 1487 908 τούτῳ
1511 850 1535 891 ὅ

92 905 293 962 βασιλεὺς
312 907 574 959 ε’·νατενίσας,
601 907 751 948 δοῦναι
780 912 868 953 τοῖς
890 903 1047 953 ἔξωθεν
1071 920 1147 956 την
1175 903 1337 946 εἴσοδον
1362 904 1432 946 διὰ
1455 908 1534 947 τοῦ

92 962 329 1015 βλέμματος
362 962 571 1027 ἐνέφηνεν.
629 957 651 1000 ὃ
678 961 725 1001 δὲ
765 961 1027 1013 παραχρῆμα
1053 961 1129 1009 τῆς
1163 956 1330 1000 εἰσόδου
1369 959 1533 1008 τούτοις

93 1021 360 1072 παραχωρεῖ.
413 1030 452 1057 οι
480 1017 527 1057 δὲ
543 1014 689 1070 καίπερ
714 1012 923 1067 δεδιότες,
952 1015 1045 1055 ἀλλ’
1068 1013 1183 1066 ὅμως
1213 1012 1435 1071 εἰσῄεσαν,
1465 1013 1532 1057 κά-

94 1086 156 1112 τω
190 1072 462 1126 τετραμμένοι
495 1085 542 1111 τε
569 1069 647 1119 τὰς
684 1064 822 1122 ὄψεις,
870 1071 944 1111 καί
981 1071 1136 1124 βραδεῖ
1159 1067 1260 1109 πόδι’
1285 1070 1530 1123 στείχοντες.

93 1123 203 1167 κατὰ
230 1127 401 1179 στίχους
429 1127 476 1167 δὲ
496 1123 573 1179 τὴν
589 1122 738 1166 στάσιν
761 1122 960 1178 λαχόντες
986 1120 1267 1177 ἐκαραδόκουν
1291 1123 1337 1166 τὸ
1364 1127 1530 1179 μέλλον,

92 1178 267 1229 ἕκαστος
290 1178 440 1228 δεδιώς
453 1213 466 1232 ,
502 1180 561 1229 ὥς
579 1178 651 1221 τὸν
675 1179 774 1234 περὶ
794 1181 938 1233 ψυχῆς
954 1180 1142 1220 λοίσθιον
1169 1175 1327 1233 δρόμον
1347 1179 1529 1234 δραμού-

91 1249 231 1286 μενος.
283 1231 419 1277 Finita
453 1239 632 1276 oratione
659 1238 915 1290 Imperatoris
932 1266 944 1286 ,
983 1235 1057 1276 ἐπὶ
1079 1229 1230 1275 τούτου
1261 1237 1397 1289 θροῦς
1425 1231 1528 1292 ᾖρτο

93 1287 246 1341 πολὺς,
281 1292 368 1331 τῶν
395 1292 472 1337 μὲν
495 1287 775 1332 ἐπαινούντων
808 1291 881 1331 τὸν
911 1289 1088 1342 βασιλέα
1124 1287 1197 1329 καὶ
1220 1287 1528 1341 θαυμαζόντων

91 1343 166 1397 τῆς
187 1343 446 1395 ἀνεξικακίας
480 1344 556 1386 καί
579 1342 808 1402 πρᾳότητος
838 1354 877 1385 et
905 1346 1074 1400 reliqua.
1131 1346 1202 1385 Ait
1231 1346 1349 1385 Anna
1376 1347 1527 1400 primos

95 1399 148 1438 ad
177 1403 419 1454 praetorium
438 1403 646 1441 accessisse
673 1416 791 1441 mane
815 1402 999 1455 antiquos
1018 1401 1202 1456 custodes
1219 1409 1258 1441 et
1283 1409 1526 1455 protectores

91 1468 298 1494 sacrorum
316 1470 557 1509 corporum,
586 1471 760 1510 quorum
786 1457 852 1495 alii
876 1471 986 1496 enses
1007 1471 1029 1496 e
1057 1458 1165 1496 zonis
1191 1457 1431 1510 pendentes,
1457 1458 1527 1496 alii

87 1510 279 1549 manibus
310 1510 443 1551 hastas
456 1541 469 1562 ,
509 1511 575 1550 alii
608 1526 745 1564 graves
773 1511 878 1550 ferro
904 1520 942 1550 et
971 1512 1073 1551 latos
1101 1526 1236 1561 enses,
1276 1526 1345 1550 seu
1370 1526 1527 1551 secures

90 1576 214 1616 super
249 1565 426 1604 humeris
460 1567 727 1619 gestaverint3
767 1581 914 1619 eosque
953 1568 994 1604 in
1034 1566 1314 1606 semilunarem
1354 1566 1525 1606 formam

91 1618 302 1658 adstitisse.
359 1620 490 1673 Prope
518 1621 710 1659 thronum
735 1623 888 1674 regium
921 1623 1072 1660 stetisse
1110 1622 1300 1674 sanguine
1330 1628 1370 1659 et
1396 1621 1525 1660 affini-

89 1689 172 1722 tate
189 1684 353 1724 domino
368 1686 547 1736 iunctos3
574 1700 677 1738 pone
699 1687 985 1739 Imperatorem
1015 1679 1103 1742 Ml)
1138 1679 1230 1741 ‘5¹¹⁹
1261 1702 1378 1743 super
1398 1690 1526 1742 capite

88 1739 172 1777 eim
193 1746 241 1778 ut
259 1739 413 1779 Arabes
437 1740 682 1793 loquuntur,
711 1741 906 1780 adstitisse
930 1742 1066 1781 dextra
1092 1744 1329 1795 sinistraque
1354 1744 1524 1796 armige-

89 1805 158 1832 ros
174 1823 188 1844 ,
226 1794 369 1848 procul
397 1795 520 1834 dubio
550 1796 757 1848 spadones.
817 1797 962 1835 Coram
999 1797 1090 1836 velo
1122 1805 1270 1836 stantes
1294 1811 1376 1836 non
1405 1812 1521 1837 ausos

87 1845 210 1887 fuisse
240 1850 414 1900 hiscere,
454 1851 523 1889 sed
562 1852 777 1904 respexisse
804 1866 941 1891 omnes
972 1852 1024 1890 ad
1061 1853 1289 1903 ostiarium,
1330 1853 1523 1906 ingressui

85 1905 282 1954 praetorii
315 1906 552 1958 appositum.
613 1906 731 1945 Hunc
765 1914 925 1959 accepta
956 1909 1213 1946 annutatione
1238 1908 1492 1960 Imperatoris
1506 1938 1519 1958 ,

87 1971 170 2010 qua
195 1958 449 1999 intellexisset
466 1974 648 2013 proceres
669 1962 988 2001 intromittendos
1017 1977 1124 2012 esse,
1153 1976 1219 2001 eos
1246 1963 1518 2001 intromisisse.

83 2011 176 2051 *Hos
211 2013 329 2052 tardo
362 2015 489 2068 gradu
517 2017 710 2069 ingressos
746 2017 943 2056 adstitisse
982 2018 1089 2056 iuxta
1122 2019 1268 2066 series,
1313 2025 1352 2057 et
1384 2017 1520 2057 audita

81 2065 217 2106 ‘Alexii
244 2070 424 2108 oratione
452 2070 688 2110 acclamasse
706 2071 832 2110 multo
848 2086 940 2110 cum
959 2075 1124 2126 strepitu
1147 2079 1186 2110 et
1212 2071 1407 2112 laudasse.

197 2121 301 2177 C.9.
322 2123 413 2178 [10,
437 2124 495 2178 1.]
539 2123 611 2164 διὰ
643 2125 716 2177 τῆς
746 2124 898 2172 οἰκείας
921 2127 1117 2178 χλανίδος
1144 2122 1264 2168 νεύει.
1319 2128 1424 2178 Quia
1449 2142 1518 2167 co-

85 2190 174 2214 ram
198 2177 440 2231 Imperatore
463 2181 598 2219 omnia
625 2181 835 2231 decenter,
864 2181 1099 2235 tranquille,
1136 2196 1227 2220 cum
1252 2184 1518 2222 venerationis

77 2231 260 2284 ‘quadam
295 2234 579 2286 significatione
616 2243 655 2275 et
689 2237 892 2276 maiestate
928 2237 1125 2276 debebant
1156 2238 1246 2290 agi,
1283 2237 1444 2276 silenter
1478 2246 1519 2277 et

80 2286 170 2339 'ipse
201 2294 304 2326 nutu
332 2289 578 2341 significabat
609 2291 706 2343 quid
725 2299 859 2330 actum
884 2292 1006 2331 vellet
1021 2322 1033 2343 ,
1074 2296 1113 2331 et
1133 2294 1344 2345 praepositi
1367 2292 1518 2347 aliique

83 2339 322 2395 plerumque
354 2351 455 2382 nutu
483 2352 523 2383 et
553 2360 695 2384 manns
729 2346 1027 2399 gesticulatione
1041 2376 1052 2396 ,
1101 2354 1140 2385 et
1170 2348 1212 2385 in
1242 2347 1330 2386 aliis
1356 2362 1517 2403 quoque

81 2395 241 2435 tunicae
281 2400 538 2438 concussione
565 2402 759 2454 imperata
790 2402 1096 2440 subinnuebant,
1154 2401 1247 2456 *[T
1248 2416 1323 2456 oga
1358 2405 1515 2457 signum

82 2447 234 2490 dabant
254 2459 428 2502 νάει-ως
450 2454 533 2493 vid.
551 2455 829 2510 Drakenborg.
842 2457 893 2495 ad
905 2457 1061 2495 Livium
1081 2457 1199 2496 Tom.
1219 2457 1294 2497 111.
1314 2472 1357 2512 p,
1370 2458 1513 2515 906.]*

82 2502 150 2548 Ad
169 2506 282 2550 varia
311 2507 588 2561 significanda,
629 2513 830 2564 variisque
860 2512 1103 2565 temporibus
1127 2519 1167 2551 et
1183 2512 1279 2552 locis
1309 2516 1513 2552 concutie-

80 2556 205 2609 bant,
231 2559 469 2602 levabantve
490 2572 643 2605 veteres
662 2573 812 2605 vestem
826 2597 836 2614 ,
866 2566 962 2605 olim
991 2567 1152 2620 quidem
1179 2568 1223 2607 in
1237 2567 1401 2607 theatris
1414 2598 1427 2619 ,
1459 2570 1514 2607 si-

78 2613 294 2669 gnificandi
328 2615 477 2673 favoris
506 2633 599 2674 ergo
612 2651 624 2668 ‚
674 2621 818 2660 deinde
850 2622 893 2659 in
932 2621 1022 2660 aula
1055 2622 1270 2676 Byzantina
1298 2625 1512 2676 praepositi

79 2666 217 2718 palatii
242 2677 311 2709 aut
335 2673 435 2711 sacri
463 2674 662 2725 cubiculi,
704 2677 736 2714 si
767 2686 846 2729 qua
872 2676 923 2714 de
952 2690 997 2715 re
1021 2677 1304 2730 Imperatorem
1327 2678 1510 2718 admoni-

79 2726 168 2759 tum
195 2723 344 2764 vellent
358 2756 370 2775 ,
413 2729 507 2780 quia
533 2730 605 2782 ipsi
642 2744 741 2770 voce
766 2733 962 2783 imperare
993 2745 1068 2784 pro
1096 2733 1292 2772 indecenti
1323 2740 1363 2772 et
1388 2735 1511 2772 maie-

80 2779 220 2818 statem
245 2778 427 2821 laedente
459 2782 705 2839 habebatur3
732 2785 774 2824 in
799 2785 962 2826 ecclesia
995 2786 1175 2841 diaconi,
1217 2787 1378 2845 quando
1402 2787 1510 2830 clara
