1884 3132
222 152 298 195 An
335 152 632 196 consrm.
673 152 871 195 ponpa.
915 153 986 193 DE
1032 151 1214 194 emm.
1248 149 1344 190 Lm.
1386 150 1419 189 1.
1462 126 1574 196 425

145 258 348 312 reputanti
376 271 510 297 secum
540 257 666 297 videri
688 257 811 311 possit
848 255 1069 296 dibitisium
1089 255 1196 294 idern
1219 261 1340 308 atque
1351 259 1578 307 granatzam

147 325 173 351 a
201 312 357 352 Codino
396 313 544 353 dictam
581 319 620 352 et
664 314 719 352 sic
751 311 989 364 descriptam
1029 325 1117 364 cap.
1141 311 1240 349 Vll.
1272 309 1390 349 Offic.
1417 323 1460 348 n.
1482 309 1576 348 35.:

147 362 215 406 ἔτι
258 367 333 406 καί
368 364 449 406 α’πό
493 367 570 419 τῆς
610 361 845 417 Ἀσσυρίων
871 365 1088 415 βασιλείας
1114 365 1298 416 κατῆλθε
1329 360 1376 403 τὸ
1411 358 1580 417 φόρεμα

154 420 282 472 μέχρι
310 422 384 461 καὶ
408 421 485 462 νῦν
511 420 595 461 τῶν
620 419 826 473 βασιλέων
852 420 893 459 Γ
918 415 1072 468 ανάτζα
1097 417 1338 471 λεγόμενον,
1379 413 1479 469 ὅπερ
1501 430 1581 470 φο-

148 479 221 528 ρεῖ
243 471 267 514 ὅ
293 473 490 527 βασιλεῦς
527 469 623 515 ἄνευ
654 471 804 526 ζώνης,
848 487 869 513 ο
938 471 1179 524 κρεμά,ιιενα
1207 470 1258 513 τά
1285 474 1459 523 μανίκια
1487 470 1579 525 διή-

149 542 272 570 κουσι
292 530 420 584 μέχρι
446 530 528 571 τῶν
555 526 845 583 ἀστραγάλων.
883 527 906 570 ὃ
934 525 985 580 δὴ
1017 526 1183 582 φόρεμα
1211 528 1284 567 καί
1307 529 1389 567 τῶν
1417 523 1578 580 α’ρχόν-

148 597 235 624 των
260 584 426 625 ἕκαστοι
451 582 621 637 ἔχουσιν
648 581 871 631 ἐπ’ᾰδείας
899 588 1068 638 φορεῖν,
1097 580 1204 635 πλὴν
1223 582 1468 633 ἐζωσμένον,
1497 580 1579 621 τῶν

149 637 351 689 parmam
376 638 700 692 ἐμπεπηγμένων
737 631 866 678 ὄντων
896 637 1001 690 πρὸς
1028 635 1106 690 τήν
1134 634 1263 691 ζώνην
1291 632 1479 676 ὄπισθεν.
1510 633 1584 675 καὶ

149 689 177 731 ὃ
202 693 282 743 μὲν
309 691 332 735 ὅ
355 691 554 745 βασιλεῦς
580 697 729 748 φορεῖ,
757 696 942 733 καλεῖται
968 694 1007 733 Γ
1005 691 1214 746 ρανάτζα,
1243 690 1290 731 τὸ
1322 691 1367 732 δὲ
1394 692 1475 731 τῶν
1503 690 1580 743 ἆρ-

146 744 307 799 χόντων
332 749 572 799 λαπατζᾶς,
601 744 712 794 ὅπως
740 748 803 797 δὲ,
832 743 988 801 ἄδηλόν
1015 747 1140 787 ἐστιν.
1195 749 1236 787 Si
1259 748 1366 787 idem
1390 748 1465 786 suit
1486 761 1579 800 gra-

148 809 266 842 uatza
293 810 333 843 et
359 803 578 843 dibitisium
597 834 609 854 ‚
636 812 816 844 tenemus
862 805 946 844 eius
974 804 1171 842 formam:
1210 803 1286 842 fuit
1321 805 1458 842 tunica
1485 816 1581 841 cum

147 855 279 910 longis
299 858 351 897 ad
376 859 478 898 talos
511 873 638 913 usque
673 859 986 912 dependentibus
1012 859 1177 897 manicis
1194 889 1205 906 ‚
1237 858 1403 912 qualem·
1429 865 1581 896 vestem

148 912 374 966 Imperator
393 914 555 967 quidem
578 914 765 964 solutam,
799 914 838 953 id
869 921 928 954 est
954 913 1113 968 cingulo
1130 928 1211 952 non
1243 914 1488 963 adstrictam,
1512 927 1580 966 ge-

147 967 290 1021 rebat,
315 970 484 1008 manicis
518 969 642 1008 libere
677 970 910 1022 promissis;
953 983 1138 1022 proceres
1172 977 1306 1008 autem
1337 983 1425 1008 eam
1467 982 1581 1021 gere-

82 1035 93 1039 *
149 1021 250 1062 bant
288 1023 446 1077 cingulo
477 1024 528 1063 ad
565 1039 709 1078 corpus
749 1024 981 1063 adstrictam
999 1055 1010 1071 ‚
1044 1025 1208 1063 manicis
1242 1026 1349 1063 intra
1376 1022 1582 1077 cingulum

150 1077 312 1118 abditis.
369 1079 545 1118 Herilem
577 1087 725 1119 vestem
753 1088 939 1132 granatza
967 1080 1074 1130 dici,
1115 1081 1171 1118 ait
1197 1079 1373 1118 Codinus
1395 1109 1407 1130 ,
1439 1093 1580 1132 proce-
1595 1078 1658 1113 Ed·
1676 1078 1795 1123 Ῐ-ι-134

147 1146 241 1172 rum
276 1133 388 1173 illam
421 1133 630 1188 lapatzam.
687 1134 808 1173 Unde
849 1135 918 1183 id,
964 1149 1007 1174 se
1032 1136 1248 1188 ignorare3
1279 1141 1431 1173 vestem
1451 1135 1579 1187 ipsam

151 1201 200 1226 ex
242 1187 408 1243 Assyria
447 1191 616 1229 venisse.
675 1189 721 1228 Id
751 1191 882 1242 ipsum
910 1205 1070 1244 quoque
1106 1190 1250 1244 probat
1277 1204 1353 1228 vox
1387 1190 1547 1245 lapatza
1564 1221 1576 1238 ‚

206 1267 252 1292 ae
272 1255 446 1295 Arabica
469 1262 542 1294 est.
586 1245 706 1306 υνῳ,
727 1257 831 1295 lebas
846 1257 888 1295 in
900 1270 1042 1310 genere
1052 1257 1250 1303 amictum,
1274 1251 1440 1304 ἱμάτιον
1453 1263 1580 1296 notat.

154 1329 157 1333 ·
194 1321 306 1347 erum
330 1312 521 1362 gat-nucia
552 1318 610 1349 est
632 1312 897 1361 Germanica3
926 1311 1009 1350 vid.
1035 1312 1103 1351 Du
1122 1312 1255 1363 Cange
1282 1311 1325 1349 h.
1354 1325 1397 1349 v.
1428 1313 1579 1351 Mirum

148 1363 329 1416 profecto
352 1366 462 1404 vocis
487 1366 746 1405 Germanicae
776 1373 814 1405 et
839 1366 1035 1405 Arabicae
1068 1367 1109 1405 in
1140 1367 1281 1405 eodem
1308 1367 1453 1404 vestitu
1481 1381 1580 1405 con-

149 1417 319 1469 iugium.
374 1419 504 1472 Ipsam
523 1428 671 1459 vestem
689 1420 904 1459 Arabicam
930 1435 1039 1470 esse,
1071 1428 1140 1459 aut
1168 1423 1299 1473 potius
1329 1421 1578 1473 orientalem,

151 1470 322 1512 dubium
346 1487 429 1513 non
451 1481 523 1513 est.
556 1476 732 1514 Manieas
752 1475 888 1528 longas
911 1475 1072 1514 trahere
1090 1476 1269 1514 Arabum
1299 1483 1356 1514 est
1381 1478 1578 1527 omnium,

152 1525 400 1567 Chalifarum
421 1529 517 1568 olim
547 1537 633 1569 erat
664 1531 827 1568 manicis
858 1530 1000 1583 viginti
1038 1530 1154 1569 ulnas
1185 1530 1311 1584 longis
1339 1531 1577 1583 appendere.

150 1579 255 1620 Nam
286 1597 425 1623 revera
452 1598 532 1624 non
550 1585 759 1632 hominum
787 1583 885 1623 tales
909 1587 1086 1623 manicae
1101 1615 1112 1635 ,
1143 1585 1211 1624 sed
1230 1587 1475 1623 manicarum
1504 1586 1580 1625 ho-

148 1635 282 1676 mines
319 1645 414 1678 sunt
447 1640 697 1693 appendices.
737 1640 799 1678 De
843 1639 971 1693 longis
1011 1639 1089 1678 illis
1126 1638 1372 1679 Chalifarum
1413 1642 1581 1680 manicis

152 1688 264 1731 locus
283 1695 358 1732 erit
377 1694 428 1733 ad
447 1694 690 1734 Abulfedam
715 1694 871 1747 agendi.
928 1696 1101 1733 Graecos
1127 1695 1389 1747 Imperatores
1412 1696 1451 1734 in
1470 1697 1581 1734 tuni-

153 1745 210 1786 cis
237 1747 442 1801 insigniter
460 1751 665 1788 manicatis
691 1751 951 1802 processisse,
979 1750 1100 1788 fidem
1127 1750 1221 1788 facit
1249 1751 1378 1803 imago
1403 1751 1581 1803 Impera-

152 1801 263 1840 tricis
289 1803 472 1844 CPtanae
511 1805 618 1858 apud
667 1805 958 1843 Rhamnusium
988 1805 1038 1843 de
1066 1804 1170 1843 bello
1194 1806 1350 1844 Veneto
1387 1806 1450 1844 ed.
1484 1807 1581 1844 Gaf-

154 1854 309 1906 farelli,
333 1858 416 1897 tab.
455 1874 511 1909 2.,
539 1859 612 1898 ubi
638 1860 816 1898 manicae
841 1874 1056 1913 perparum
1076 1875 1099 1898 a
1120 1859 1205 1899 solo
1226 1860 1386 1899 absunt.
1427 1861 1469 1898 Si
1487 1875 1581 1913 ergo

155 1908 378 1952 dibitisium
423 1922 463 1953 et
507 1922 693 1967 granatza
726 1928 809 1954 non
863 1915 1121 1968 discrepuerit
1139 1944 1150 1963 ‚
1187 1929 1269 1954 non
1321 1915 1583 1968 improbabile

157 1971 259 2004 esset
282 1969 381 2007 vesti
404 1968 455 2007 ab
484 1969 684 2008 Arabibus
712 1977 895 2022 acceptae
920 1972 1092 2008 nominis
1120 1970 1271 2009 natales
1290 1970 1342 2008 ab
1378 1970 1583 2010 Arabibus

107 2032 114 2037 ·
156 2033 317 2073 quoque
344 2037 550 2063 arcessere.
608 2025 711 2063 Sane
735 2026 767 2063 si
809 2023 1050 2075 δίβιτζίσιον
1081 2025 1322 2064 scriberetur
1347 2025 1445 2063 haec
1475 2039 1578 2073 vox,

156 2076 276 2113 unica
295 2075 426 2118 littera
445 2079 591 2128 addita,
611 2093 691 2118 non
715 2079 942 2117 dubitarem
968 2094 1055 2118 eam
1068 2079 1281 2119 Arabicam
1304 2082 1579 2133 pronuntiare.

158 2131 302 2207 gli-3¹2,
335 2141 540 2193 Dibessch,
582 2145 781 2199 appellant
802 2145 954 2184 Arabes
981 2153 1130 2185 vestem
1159 2144 1364 2200 splendide
1398 2160 1496 2184 auro
1516 2147 1582 2199 pi-

157 2203 277 2234 ctam.
346 2197 680 2252 Quandoquidem
724 2214 822 2239 vero
860 2200 1058 2239 lubricum
1089 2201 1166 2239 hoe
1200 2207 1284 2250 est,
1319 2200 1440 2239 satius
1481 2204 1558 2240 erit
1567 2231 1582 2251 ,

158 2249 286 2289 donec
307 2252 544 2304 exploratius
567 2255 663 2308 quid
690 2262 848 2308 praesto
869 2256 943 2306 sit,
967 2255 1207 2295 vocabulum
1238 2261 1417 2293 nostrum
1448 2269 1472 2293 a
1502 2257 1581 2294 La-

157 2305 244 2344 tino
263 2305 376 2345 dives
400 2307 581 2347 derivare
598 2339 610 2359 ,
633 2316 678 2348 ut
701 2310 914 2348 dibitisium
938 2311 989 2348 sit
1019 2312 1140 2349 vestis
1165 2310 1297 2349 divitis
1320 2311 1447 2362 operis
1461 2339 1473 2359 ,
1503 2310 1581 2350 hoc

159 2366 220 2399 est
245 2362 416 2413 pretiosa
434 2393 444 2411 ‚
485 2362 594 2402 dives
627 2377 742 2402 auro.
798 2364 907 2403 Num
943 2372 1076 2404 autem
1110 2366 1230 2403 vestis
1265 2378 1386 2415 genus
1430 2365 1582 2404 Latinis

159 2415 409 2467 sequioribus
433 2416 690 2465 celebratum,
716 2418 919 2472 diapistin,
947 2433 1038 2458 cum
1057 2418 1230 2458 dibitisio
1250 2425 1385 2457 nostro
1405 2426 1474 2457 aut
1488 2433 1580 2459 cum

161 2468 308 2508 Suidae
354 2469 541 2521 διαβίκια
583 2472 752 2512 conferri
795 2472 935 2512 debeat
963 2504 973 2519 ‚
1023 2474 1196 2512 viderint
1244 2487 1309 2512 me
1367 2473 1576 2514 doctiores.

162 2521 279 2562 Certe
320 2523 507 2576 διαβίκια
566 2533 716 2566 vestem
751 2534 863 2566 notat
900 2527 1042 2566 coloris
1092 2527 1284 2580 galbinei,
1309 2530 1394 2582 'qui
1435 2530 1581 2568 viciam

165 2577 408 2630 aemuletur3
436 2587 475 2619 et
501 2582 710 2634 scriptores
738 2582 856 2619 medii
877 2584 963 2620 aevi
988 2590 1136 2621 vestem
1156 2583 1341 2635 diapistin
1366 2583 1580 2624 subviridis

166 2631 285 2670 misse
308 2633 450 2673 coloris
476 2637 587 2674 aiunt
605 2666 616 2686 ,
634 2638 701 2689 qui
726 2636 902 2688 proxime
916 2651 940 2675 a
965 2636 1146 2690 galbineo
1165 2638 1289 2676 abest.
1347 2638 1465 2692 Hugo
1482 2638 1580 2678 Fal-

168 2685 314 2726 candus
337 2688 440 2728 Hist.
473 2690 594 2729 Sicul.
614 2705 625 2728 z
656 2691 759 2729 Heic
783 2691 969 2744 diapistin
998 2692 1105 2730 color
1130 2693 1336 2731 subvth'dis
1356 2695 1579 2733 intzoentium

167 2740 292 2778 mdo-5
321 2752 430 2794 grato
466 2744 663 2784 blanditur
692 2746 872 2799 adspectu
881 2761 896 2794 ,·
946 2760 986 2784 v.
1014 2746 1081 2785 Du
1117 2747 1248 2800 Gange
1283 2762 1324 2787 v.
1357 2747 1577 2802 Diapiscus.
