1884 3132
203 169 278 212 An
316 168 615 213 consum.
639 170 838 224 ponpa.
877 171 950 212 DE
994 170 1177 212 cmm.
1215 171 1313 210 Lm.
1353 170 1407 210 n.
1456 148 1568 206 885

124 272 262 312 Medio
284 278 407 322 aevo,
443 280 491 313 ut
516 275 661 314 Graeci
686 271 950 324 α’λλαξίματα
963 303 974 320 ,
1007 276 1218 313 mutatoria
1254 271 1320 314 vel
1353 274 1568 328 paratoria

125 327 383 381 appellabant
422 337 622 368 senatores
638 359 649 375 ‚
692 331 747 367 sic
774 329 909 367 Latini
936 343 1096 382 quoque
1123 329 1283 371 eosdem
1311 327 1569 381 appellabant

118 385 320 437 pama‘cos
345 385 572 423 ethomines
598 384 649 423 de
659 385 856 438 plu-atico.
902 383 949 422 ln
972 384 1111 423 charta
1137 383 1246 436 apud
1276 384 1344 422 Du
1369 383 1567 435 cangium

125 445 411 491 comparantur
434 440 606 478 homines
625 439 676 477 de
689 440 872 492 pat-atico
892 439 1108 478 hominibus
1124 439 1176 477 de
1199 453 1340 492 genere
1362 439 1534 477 militari
1551 453 1564 489 3

124 492 209 532 vid.
240 506 281 534 v.
306 492 520 547 Paragistm
538 502 578 533 et
607 493 788 533 Paratici
804 523 816 543 ‚
845 493 917 531 ubi
950 492 1063 533 velut
1089 493 1263 547 collegae
1293 499 1567 533 memorantur

122 547 368 598 credcnderit'
379 578 392 597 ,
437 545 475 588 oi
514 547 695 588 manvei
707 578 718 590 ,
757 549 929 587 consules
956 550 1218 600 viciniarum,
1262 545 1301 588 οὶ
1337 543 1568 601 γειτονιάρ-

120 614 198 652 χαι
212 631 228 652 ‚
253 604 432 655 paratici
446 632 458 653 ‚
485 600 539 643 τὰ
569 601 856 652 α’λλαξιζιιατα,
884 610 925 641 et
950 604 1108 646 imlices.

232 656 287 695 D.
310 670 350 699 2.
372 656 489 712 [759‚
511 657 593 711 21.]
612 657 656 697 ἐν
684 659 736 712 τῇ
762 656 900 706 α’ψίδι.
929 659 1156 709 Quamnam
1183 657 1360 710 apsidem
1385 671 1456 696 seu
1483 657 1565 697 for-

123 710 255 750 uicem
283 712 500 766 intelligat,
530 712 721 767 palatiine
761 726 813 750 an
857 713 900 751 S.
917 713 1090 765 Sophiae
1117 726 1315 766 pronaum
1337 714 1444 764 (nam
1463 714 1566 753 atria

122 765 391 819 templorum,
439 775 486 806 ut
530 767 734 820 apsidam,
781 767 899 806 etiam
940 762 1100 817 ἇψίδας
1141 766 1332 821 appellari
1367 781 1392 806 a
1440 769 1558 807 novis

123 821 289 860 Graecis
322 828 491 861 testatur
533 823 613 862 Th.
652 821 801 862 Smith.
834 823 876 860 in
903 823 1032 875 Epist.
1073 823 1125 862 de
1171 822 1336 861 ecclesia
1380 822 1562 874 Graeca),

123 879 187 914 an'
211 875 384 930 denique
423 877 585 917 Milium
643 876 709 918 vel
749 877 912 931 aliquod
937 877 1048 917 aliud
1074 877 1283 932 publicum
1311 876 1562 926 aedificium,

120 929 212 983 quis
237 930 411 972 dixerit?

230 985 283 1026 D.
300 985 344 1038 4.
367 985 479 1041 [760‚
501 985 566 1041 2.]
594 986 668 1039 τῆς
692 982 948 1040 τυροφάγου.
1003 987 1069 1027 Sic
1095 986 1317 1040 appellatur
1343 985 1414 1027 illa
1440 988 1562 1041 septi-

122 1052 268 1087 mana,
302 1055 406 1096 quae
450 1043 701 1081 Dominicam
737 1042 998 1096 Carnisprivii
1042 1043 1158 1082 nobi⁵
1199 1043 1564 1096 Quinquagesimae

121 1095 325 1147 sequitur,
360 1110 439 1150 qua
459 1104 545 1136 tota
566 1127 578 1148 ,
615 1111 749 1151 neque
769 1097 876 1136 ultra
893 1127 906 1149 ‚
947 1111 1062 1137 caseo
1099 1105 1139 1137 et
1172 1099 1261 1137 ovis
1291 1098 1398 1137 vesci
1438 1097 1531 1137 licet
1549 1113 1567 1150 3·

121 1149 292 1189 vid.‘l)u
309 1151 443 1204 Gange
477 1152 520 1190 h.
539 1167 582 1191 v.

200 1203 296 1256 440.
311 1207 364 1249 Δ.
383 1221 422 1260 7.
442 1205 559 1260 [760‚
584 1205 671 1260 14]
702 1202 940 1258 ἆναλογίου.
1000 1207 1246 1261 Analogium
1274 1215 1334 1247 est
1359 1207 1563 1261 pulpitum

119 1259 334 1312 portatile,
363 1262 428 1300 cui
460 1263 680 1313 imponitur
707 1260 828 1310 liber,
858 1275 881 1300 e
922 1276 1004 1315 quo
1042 1263 1193 1316 aliquid
1221 1264 1445 1311 recitatur,
1482 1263 1562 1306 vid.

122 1314 192 1353 Du
219 1315 354 1368 Gange
364 1314 496 1354 Gloss.
521 1324 695 1369 utroque
722 1314 766 1353 h.
790 1329 831 1354 v.
891 1317 1103 1355 Caeterum
1132 1319 1381 1356 consuevisse
1411 1318 1448 1355 in
1470 1332 1562 1356 coe-

121 1369 185 1408 nis
209 1369 478 1423 imperialibus
510 1384 533 1410 e
559 1385 672 1410 sacro
695 1369 832 1408 codice
854 1378 895 1409 et
932 1371 1018 1410 aliis
1043 1373 1200 1424 pietatis
1228 1371 1341 1411 libris
1364 1373 1562 1425 quaedam

122 1423 304 1472 recitari,
333 1431 497 1477 apparet
535 1438 558 1463 e
593 1426 727 1464 Leone
755 1425 1025 1464 Grammatico
1053 1441 1093 1478 p.
1124 1426 1216 1465 505.
1252 1426 1306 1465 A.
1332 1440 1386 1478 1.,
1408 1427 1557 1478 Script.

120 1485 213 1531 post
238 1479 476 1532 Theophan.
506 1494 547 1532 p.
564 1480 658 1534 259.
679 1480 729 1519 C.
746 1507 758 1526 ‚
804 1480 876 1518 ubi
903 1495 1026 1533 paene
1053 1480 1192 1519 eadem
1230 1481 1379 1531 verba,
1417 1489 1456 1519 et
1483 1482 1561 1533 Sy-

120 1546 263 1572 meone
276 1534 455 1587 Magistr.
482 1534 631 1574 Annal.
657 1548 696 1587 p.
710 1532 872 1583 488.D.
888 1549 900 1572 ε
940 1527 991 1586 ἦν
1020 1533 1065 1574 δὲ
1092 1532 1168 1573 καί
1187 1547 1250 1580 τις
1275 1536 1358 1573 τῶν
1397 1533 1560 1574 παίδων

120 1583 413 1639 ἀναγινώσκων
441 1589 486 1629 ἐν
510 1588 561 1642 τῇ
588 1588 771 1643 τραπέζῃ
797 1586 942 1628 αὐτοῦ.
1009 1589 1278 1641 Luitprandus
1305 1591 1346 1627 in
1374 1589 1560 1642 Legatio-

120 1656 175 1682 ne
199 1657 240 1696 p.
258 1642 355 1695 483.
384 1643 435 1686 A.
461 1651 613 1690 narrat,
642 1657 684 1682 se
711 1657 734 1680 a
762 1643 986 1695 Nicephoro
1012 1644 1147 1682 Pboca
1177 1658 1298 1682 coena
1326 1652 1555 1695 exceptum,

120 1699 164 1736 in
190 1713 268 1752 qua
281 1727 294 1748 ‚
330 1699 439 1753 quod
459 1701 571 1753 prius
606 1713 684 1736 non
698 1698 859 1750 ficerat
872 1728 883 1744 ,
925 1712 1019 1737 voce
1053 1699 1198 1736 Latina
1239 1699 1359 1737 Beati
1394 1698 1559 1738 Ioannis

124 1752 394 1803 Chty‘sostomi
421 1754 626 1791 homiliam
661 1755 703 1790 in
754 1752 1035 1806 Apostolorum
1078 1753 1237 1792 Actibus
1279 1754 1404 1805 legere
1436 1755 1559 1793 iussit.

122 1806 324 1846 Observat
335 1809 592 1854 Mmatorius,
622 1806 720 1846 alios
745 1807 898 1845 codices
925 1807 1071 1845 habere
1099 1822 1173 1860 pro
1202 1808 1455 1846 vei-hts‘voce
1472 1809 1556 1847 La-

121 1862 234 1910 tina,
259 1876 329 1901 vos
351 1863 524 1912 celatus,
557 1876 579 1901 e
619 1876 699 1915 quo
728 1863 810 1914 ipse
853 1862 968 1899 faciat
992 1876 1090 1900 voce
1112 1863 1230 1901 eluta.
1284 1862 1377 1901 Non
1406 1862 1556 1915 impro-

121 1914 267 1956 babilis
287 1931 333 1956 ea
351 1918 578 1956 coniectura
598 1931 611 1967 ;
640 1923 745 1955 certe
763 1915 904 1955 melius
923 1931 1003 1954 non
1021 1918 1216 1955 succurrit
1246 1931 1352 1956 nunc
1370 1947 1382 1965 ‚
1411 1932 1556 1970 quam-

121 1970 182 2008 vis
219 1974 348 2010 visum
393 1972 607 2024 aliquando
646 1973 765 2010 suerit
786 2001 798 2023 ‚
843 1972 883 2010 in
908 1985 978 2009 vos
1006 1972 1148 2010 velam
1184 1971 1304 2010 latere
1354 1973 1554 2013 Graecum

123 2023 296 2078 aliquem
323 2029 592 2066 accusativum
622 2023 721 2072 τοὺς
761 2055 772 2066 .
793 2057 805 2069 .
826 2053 837 2064 .
861 2054 871 2065 .
910 2026 1081 2074 λατους;
1126 2026 1195 2065 sed
1243 2041 1363 2078 quem
1406 2026 1554 2067 frustra

122 2094 285 2132 quaero.
342 2083 387 2120 In
417 2081 510 2119 aula
537 2083 717 2120 Romana
743 2081 847 2119 idem
888 2094 974 2118 mos
1003 2082 1107 2119 inter
1134 2081 1410 2133 prandendum
1439 2096 1553 2133 prac-

121 2133 278 2187 legendi
305 2135 523 2178 obtinebat.
583 2138 627 2174 ln
655 2135 795 2174 ordine
819 2136 1026 2183 Romano,
1056 2135 1125 2173 ubi
1146 2138 1375 2174 convivium
1401 2136 1551 2175 descri-

120 2188 255 2242 bitur,
304 2205 384 2243 quo
422 2191 532 2244 Papa
568 2190 795 2229 cardinales
828 2190 891 2228 die
930 2189 1126 2242 paschatis
1162 2191 1404 2243 excipiebat,
1447 2193 1552 2230 inter

122 2243 201 2282 alia
250 2244 347 2283 haec
393 2245 600 2298 leguntur:
650 2246 708 2284 ad
755 2245 962 2283 dimidium
999 2247 1219 2283 convivium
1254 2260 1310 2284 ex
1339 2256 1549 2299 praecepto

122 2299 393 2338 archidiaconi
427 2303 549 2353 surgit
587 2301 749 2355 quidam
771 2300 956 2338 diaconus
983 2308 1018 2337 et
1045 2300 1137 2352 legit
1171 2300 1386 2338 lectionem.
1442 2301 1548 2340 Can-

120 2361 222 2391 tores
247 2362 382 2392 autem
406 2369 462 2393 ex
482 2363 689 2408 praecepto
714 2354 872 2393 domini
889 2354 1083 2407 pontffi'cis
1113 2363 1271 2393 cantant
1295 2356 1548 2408 sequentiam,

119 2421 223 2461 quae
247 2409 299 2446 sit
322 2411 551 2447 conveniens
593 2409 763 2464 paschae
776 2438 787 2455 ‚
829 2408 1035 2448 modulatis
1068 2410 1225 2460 organis
1239 2438 1251 2457 ‚
1288 2423 1409 2463 eaque
1426 2410 1548 2462 finita

121 2471 212 2500 eunt
263 2471 303 2500 et
333 2463 553 2502 osculantur
573 2463 692 2517 pedes
715 2462 910 2518 pontficz's
922 2492 934 2511 ‚
981 2464 1051 2516 qui
1084 2463 1155 2501 dat
1190 2465 1245 2502 eis
1271 2478 1434 2516 coppam
1457 2466 1547 2517 ple-

121 2530 215 2554 nam
256 2519 438 2571 potione,
484 2527 520 2556 et
564 2519 758 2570 acczpz'tmt
798 2531 825 2556 a
873 2517 1077 2555 sacellario
1130 2531 1250 2556 unum
1289 2519 1544 2568 Byzantium.

121 2570 391 2611 ceremoniale
404 2572 614 2625 Augustini
632 2571 795 2612 Pau-icii
819 2572 894 2611 Ill.
928 2571 960 2624 S
982 2572 1105 2610 11.dc
1138 2573 1299 2611 lectione
1333 2575 1547 2626 scripturae

123 2625 165 2664 in
191 2640 344 2666 mensa:
390 2642 475 2665 cum
508 2628 685 2681 primum
725 2626 950 2664 convivium
979 2627 1206 2679 incipietur,
1247 2629 1288 2666 in
1333 2628 1418 2666 loco
1452 2643 1544 2668 con-

123 2681 295 2720 venienti
338 2691 512 2735 ponatur
541 2682 736 2735 pulpitum
752 2709 764 2729 ‚
806 2689 844 2719 et
892 2680 1144 2719 subdiaconus
1185 2683 1269 2719 sive
1323 2683 1544 2736 capellanus

125 2733 264 2793 Papae
292 2737 449 2792 aliquid
465 2737 515 2777 de
536 2750 656 2777 sacra
678 2737 868 2790 scapua-a
893 2736 1129 2790 legatusque
1158 2736 1332 2793 infinem
1355 2739 1546 2778 convivii.
