1884 3132
187 195 262 238 An
301 195 595 239 consum.
634 195 828 239 PORPH.
868 199 939 238 DE
978 197 1159 240 caium.
1199 199 1296 239 Lm.
1336 201 1368 240 1.
1428 180 1538 236 355

223 299 271 340 C.
290 313 330 339 α.
347 299 460 351 [380,
482 313 497 339 1
510 298 565 354 1.]
585 298 846 352 ἒμετρίασας.
902 302 1079 341 Humilis
1098 302 1224 353 sculi-ti
1266 301 1329 341 vel
1358 304 1542 342 lamu’lia-

114 355 167 394 sti
191 364 242 394 te.
296 354 362 393 Sic
398 351 614 406 μετριότης
647 369 722 407 pro
761 356 976 396 humilitate
1015 364 1210 410 usurpant
1245 359 1342 396 novi
1369 359 1538 409 Graeci;

115 409 198 450 vid.
227 409 294 447 Du
313 408 447 462 Cange
474 423 515 448 v.
543 406 798 462 Μετριότης.

227 463 276 502 C.
297 463 338 515 4.
358 463 468 518 [380,
492 461 568 516 15]
598 462 859 516 προεκλίθης.
917 466 964 503 Id
992 474 1050 505 est
1078 466 1329 518 προέκυπτες
1345 466 1410 506 vel
1439 481 1541 521 προ-

113 516 335 569 εκυλώθης
348 547 361 568 ,
383 518 571 571 prodiisti
582 547 592 565 ‚
623 520 832 566 emersisti,
858 522 1092 574 procidisti,
1118 523 1347 575 provolutus
1374 537 1429 561 es·

222 573 275 611 D.
302 587 333 611 1.
355 571 471 626 [380,
492 571 580 626 2o.]
612 567 734 612 οἶνον.
793 575 898 613 Haec
927 583 985 613 est
1013 575 1113 614 bene
1143 576 1292 614 Graeca
1333 583 1372 615 et
1408 576 1541 617 ubivis

114 626 235 666 obvia
263 627 410 677 dictio,
440 641 477 666 e.
509 641 544 665 c.
575 622 690 678 ὕδωρ
716 627 1039 677 μετασκευάζειν
1068 625 1174 668 οἶνον
1205 645 1279 683 pro
1319 629 1376 676 εἰς
1414 626 1538 671 οἶνον.

115 681 499 734 Subintelligendum
520 689 578 721 est
597 680 655 728 εἰς
673 683 714 720 in
734 682 879 722 talibus
893 714 903 730 ‚
934 685 1046 736 quasi
1068 685 1175 723 dicas
1194 699 1204 723 :
1236 700 1381 738 aquam
1408 692 1540 725 trans-

113 738 269 788 paravit
296 738 435 776 vinum
451 765 462 785 ‚
493 750 538 776 ex
566 751 669 790 aqua
700 736 807 776 aliud
835 739 955 792 quid,
989 747 1104 778 antea
1131 754 1213 779 non
1242 742 1436 792 existens,
1463 755 1540 780 no·

113 803 237 843 vum,
263 805 406 844 nempe
431 792 587 841 vinum,
617 791 721 831 fecit.

194 859 285 886 222.
304 845 358 884 A.
377 846 415 884 3.
434 846 547 898 [381‚
568 845 627 900 3.]
670 845 728 893 εἰς
755 842 801 885 td
841 846 1057 899 λεγόμενον
1109 848 1150 888 Γ
1147 845 1326 888 οτθικὸν.
1380 848 1541 903 *[Luit-

109 900 287 954 prandus
314 899 435 939 habet
463 901 615 954 aliquid
643 901 693 940 de
720 900 815 941 ludo
843 903 1012 942 Gothico
1041 905 1081 942 in
1118 905 1346 957 Legatione.
1400 907 1539 944 Mura-

113 962 193 994 tor.
220 954 318 994 Ant.
346 955 471 994 Italic.
494 956 588 996 diss.
618 970 710 1010 29.:
739 957 848 996 Ludi
861 959 1030 997 Romani
1056 960 1270 998 continuati
1297 968 1385 998 sunt
1411 973 1438 998 a
1456 961 1539 999 Go-

113 1010 210 1058 this,
237 1019 299 1049 »ιιε
322 1020 488 1064 apparet
521 1026 576 1050 esc
613 1011 799 1050 Ennodio
832 1022 872 1051 et
916 1014 1146 1052 Cassiodoro
1161 1044 1171 1062 ‚
1192 1015 1436 1068 ficerunlqtoe
1472 1024 1541 1054 auc

92 1063 203 1120 fhta
222 1066 379 1119 proelia
396 1094 407 1113 ‚
445 1075 514 1104 aut
538 1067 725 1105 circensia
752 1076 791 1105 et
813 1069 1155 1122 amphitheattuh'a
1182 1070 1412 1123 spectacula.
1470 1069 1538 1108 Sic

109 1119 249 1172 ligneis
269 1120 497 1174 pugnabant
523 1123 635 1160 scutis
669 1130 837 1176 tempore
848 1124 1024 1175 Agnelli,
1053 1125 1200 1162 armati
1224 1138 1372 1178 qnoque
1400 1124 1538 1176 ligneis

110 1172 269 1227 galeis-J
327 1176 456 1214 Locus
485 1176 720 1229 Luitprandi
750 1177 848 1215 mihi
878 1192 958 1216 non
989 1179 1176 1217 occurrit.
1232 1179 1446 1227 Quomodo
1474 1178 1540 1217 lu-

113 1227 186 1267 dos
213 1228 403 1268 Gothicos
431 1230 708 1284 descripserint
725 1232 983 1271 Cassiodorus
1011 1241 1051 1272 et
1076 1233 1307 1280 Ennodius,
1337 1247 1463 1286 quum
1482 1234 1538 1273 illi

111 1290 293 1323 auctores
309 1284 360 1322 ad
381 1299 542 1323 manum
560 1300 639 1324 non
667 1286 771 1336 sint,
800 1301 880 1326 non
908 1288 1026 1335 novi,
1059 1295 1098 1326 et
1124 1301 1222 1326 num
1249 1288 1417 1340 proinde
1444 1303 1538 1327 cum

111 1336 188 1376 illis
214 1337 317 1376 ludis
345 1338 545 1390 Gothicis,
574 1341 623 1379 de
650 1341 794 1393 quibus
820 1342 967 1381 Noster
995 1345 1100 1395 egit,
1139 1342 1310 1381 conferri
1352 1342 1538 1381 debeant.

111 1391 320 1441 Quantum
348 1407 371 1431 e
397 1396 606 1433 Muratorii
634 1395 765 1434 verbis
792 1396 934 1449 colligo
953 1427 964 1446 ‚
992 1397 1155 1435 fuerunt
1182 1397 1239 1435 1lli
1261 1396 1421 1435 Gothici
1450 1397 1538 1435 ludi

110 1444 164 1484 ab
190 1446 278 1496 his,
319 1461 418 1500 quos
446 1449 584 1487 Noster
612 1457 791 1496 enarrat,
831 1451 1003 1489 multum
1044 1451 1207 1489 diversi.
1266 1450 1330 1489 Illi
1359 1453 1399 1489 in
1429 1453 1538 1489 circo

111 1497 350 1539 exhibebant
375 1502 609 1554 proeliantes
647 1506 767 1543 armis
795 1504 992 1544 ludicris:
1032 1505 1075 1543 hi
1113 1507 1154 1543 in
1193 1507 1302 1543 curia
1341 1507 1534 1553 canticis,

111 1553 318 1594 saltatione
338 1585 350 1605 ‚
378 1558 554 1607 musica,
599 1559 728 1597 mimis
755 1559 931 1598 ridiculis
957 1559 1290 1606 absolvebantur,
1321 1559 1422 1597 nihil
1450 1559 1538 1598 bel-

113 1607 212 1648 licae
240 1610 436 1663 imaginis.
492 1611 571 1650 Sed
597 1613 728 1664 potius
757 1613 854 1651 mihi
881 1614 1068 1652 videntur
1094 1628 1184 1652 cum
1214 1611 1292 1652 illis
1310 1613 1538 1653 Sarmaticis

111 1660 215 1703 ludis
245 1667 486 1717 convenire,
519 1681 620 1719 quos
637 1667 833 1720 Vopiscus
860 1670 901 1706 in
929 1668 1074 1706 Carino
1102 1675 1296 1707 memorat
1321 1682 1358 1706 c.
1383 1681 1445 1721 19.
1475 1669 1538 1707 in-

113 1725 178 1757 ter
209 1719 355 1759 multos
381 1720 478 1760 alios
506 1721 620 1760 ludos
640 1752 652 1772 ‚
694 1737 793 1775 quos
835 1737 959 1762 novos
998 1723 1150 1761 dedisse
1180 1722 1326 1775 populo
1355 1723 1537 1762 Romano

110 1773 323 1827 imperium
359 1775 494 1814 Carini
522 1783 562 1815 et
588 1777 850 1828 Numeriani,
893 1791 1018 1830 eoque
1043 1777 1300 1815 memorabile
1340 1791 1424 1815 esse
1464 1779 1534 1816 ait.

114 1828 234 1867 Mitto
260 1828 413 1882 reliqua
447 1845 529 1869 non
569 1830 742 1883 illepida.
802 1833 916 1882 Quae
952 1833 1120 1870 maxime
1157 1831 1208 1869 ad
1246 1845 1331 1869 rem
1359 1839 1536 1870 nostram

112 1881 288 1934 faciunt,
316 1885 439 1923 verba
467 1885 565 1923 haec
593 1892 710 1924 sunt:
752 1887 898 1925 Mimos
928 1887 1097 1941 undique
1123 1886 1346 1927 advocavit.
1401 1886 1536 1923 Exhi-

113 1935 196 1974 buit
228 1945 267 1975 et
303 1938 437 1977 ludum
462 1939 726 1978 Sarmaticum
741 1969 753 1987 ,
800 1954 876 1994 quo
904 1942 1051 1979 dulcius
1078 1941 1180 1979 nihil
1215 1949 1284 1978 est.
1342 1939 1539 1979 Exhibuit

116 1990 341 2045 Qrclopem.
397 1994 483 2032 Non
510 1994 673 2047 quidem
701 1994 817 2033 claris
844 1995 975 2033 verbis
1012 1995 1191 2047 exposuit
1222 1993 1420 2045 Vopiscus
1448 1993 1534 2034 ludi

111 2044 318 2084 Sarmatici
345 2048 552 2087 rationem.
607 2050 713 2099 Quia
740 2056 873 2087 tamen
901 2049 1035 2087 omnia
1057 2078 1068 2099 ‚
1097 2062 1199 2100 quae
1229 2055 1344 2086 antea
1370 2062 1533 2087 enarra-

109 2098 170 2137 vit
197 2107 236 2138 et
262 2100 442 2155 deinceps
468 2104 647 2141 nominat
675 2103 861 2142 ludoru'm
888 2117 1032 2156 genera
1051 2132 1062 2152 ‚
1094 2104 1251 2141 mimica
1289 2110 1327 2141 et
1363 2103 1531 2142 ridicula

110 2160 233 2204 sunt,
271 2155 394 2203 nihil,
440 2158 545 2209 quod
579 2158 761 2196 bellicam
803 2158 1119 2196 exercitationem
1147 2157 1296 2209 sapiat,
1336 2164 1398 2204 et,
1425 2157 1532 2210 quod

110 2215 232 2260 caput
260 2210 346 2258 rei,
390 2209 504 2250 ludos
533 2211 720 2250 Gothicos
758 2227 849 2251 cum
878 2212 1052 2265 Cyclope
1080 2212 1231 2264 iungit,
1264 2225 1382 2263 quem
1407 2225 1534 2263 paene

110 2261 220 2301 idem
246 2261 443 2303 ludicrum
471 2279 552 2304 esse
579 2280 670 2304 cum
698 2266 800 2304 ludis
838 2267 1016 2305 Gothicis
1046 2267 1191 2304 Nostro
1219 2265 1359 2314 dictis,
1397 2273 1436 2304 et
1471 2267 1533 2306 his

110 2315 264 2356 dedisse
292 2319 484 2371 originem
511 2321 689 2373 protinus
722 2321 1034 2359 demonstrabo:
1075 2319 1263 2358 credibile
1297 2326 1378 2368 est,
1415 2319 1530 2360 ludos
1545 2325 1733 2362 Ed.1..112

109 2369 351 2411 Sarmaticos
378 2374 548 2426 Vopisco
589 2382 628 2412 et
666 2375 854 2414 Gothicos
884 2376 1025 2414 Nostro
1053 2375 1178 2413 dictos
1212 2373 1369 2412 eosdem
1397 2374 1529 2426 fuisse,

108 2437 259 2479 eosque
289 2428 330 2465 id
357 2441 501 2467 nomen
528 2429 690 2481 adeptos
718 2444 798 2468 non
824 2430 914 2468 ideo
931 2460 942 2478 ,
974 2429 1082 2481 quod
1101 2443 1123 2467 a
1143 2429 1332 2467 Sarmatis
1360 2436 1428 2467 aut
1446 2431 1530 2468 Go-

109 2478 190 2518 this
217 2494 352 2520 recens
381 2483 524 2535 reperti
553 2490 591 2521 et
621 2485 661 2521 in
684 2483 819 2522 orbem
863 2485 1086 2522 Romanum
1122 2483 1335 2521 introducti
1379 2491 1526 2524 essent:

114 2545 207 2572 nam
232 2535 462 2575 iamdudum
491 2545 604 2576 antea
619 2567 629 2583 ‚
664 2545 769 2576 certe
797 2539 903 2590 apud
923 2539 1092 2576 Graecos
1114 2567 1125 2587 ‚
1155 2537 1220 2576 vel
1246 2539 1528 2589 antiquissimis

110 2590 351 2641 temporibus
378 2592 419 2629 in
447 2606 522 2632 usu
550 2600 662 2630 erant
712 2599 751 2630 et
778 2600 931 2645 satyrae
959 2593 1133 2630 Graecae
1175 2593 1366 2644 originem
1408 2593 1528 2632 dede-

115 2649 234 2682 runt=
276 2645 344 2683 sed
371 2647 479 2697 quod
526 2647 567 2685 in
595 2646 672 2684 illis
702 2646 903 2685 Sarmatae
930 2654 998 2684 aut
1026 2646 1146 2685 Gothi
1197 2654 1266 2685 aut
1304 2647 1422 2684 eiiam
1450 2649 1526 2686 Ba-

114 2697 226 2748 rangi
264 2699 326 2738 vel
352 2701 521 2750 Franci,
568 2715 703 2739 omnes
729 2701 901 2740 eiusdem
929 2701 1100 2740 nationis
1126 2701 1270 2739 diversi
1297 2701 1456 2753 populi,
1484 2705 1526 2741 in

117 2750 308 2801 gentilitio
334 2767 406 2793 suo
436 2757 605 2807 vestitu,
633 2763 702 2794 aut
730 2755 908 2795 homines
937 2756 1076 2801 Graeci
1106 2762 1145 2794 et
1163 2756 1331 2795 Romani
1359 2756 1410 2795 ad
1438 2771 1523 2794 mo-
