1884 3132
165 148 243 192 An
281 146 581 192 corisum.
606 147 803 190 Pomm.
833 147 906 188 nr.
940 146 1129 188 cmm·
1160 146 1261 187 Lm.
1301 146 1355 186 11.
1405 125 1541 199 669·

84 252 212 292 contis
245 265 456 305 suspensos
483 249 695 303 solebant3
728 263 770 290 v-
807 248 986 289 Garbelli
1006 247 1179 302 Epistol.
1220 247 1272 287 ad
1305 246 1519 301 Iosephum

81 305 348 346 Blanchinum
376 308 419 346 in
449 306 747 359 Prolegomenis
775 305 826 344 ad
863 304 1188 356 Evangeliarium
1205 303 1450 357 quadruplex
1474 317 1517 356 p.

82 360 127 400 6.
153 369 194 401 et
220 361 272 401 cl.
288 361 437 401 -Leich.
468 361 519 401 de
545 360 744 415 diptychis
763 375 805 412 p.
825 360 918 398 XL.
974 360 1079 398 Sane
1107 359 1157 398 de
1184 358 1310 398 nihilo
1332 372 1414 397 non
1433 364 1521 396 erat

81 415 182 456 haec
220 417 462 456 coniectura.
530 416 635 455 Nam
671 430 712 468 p.
748 413 844 465 542.
868 414 921 453 A.
951 414 1014 453 15.
1049 414 1196 453 dicitur
1239 412 1397 463 πτυχία
1437 413 1522 451 τῶν

82 465 332 522 εὐαγγελίων
359 485 422 510 res
453 473 558 510 inter
590 470 686 509 alias
722 470 914 522 pretiosas
938 468 1098 522 publice
1122 483 1256 507 coram
1291 467 1427 521 legatis
1445 468 1519 506 Sa-

83 527 276 565 racenicis
306 526 478 580 exposita
511 533 733 578 spectatum
767 524 898 563 fuisse.
958 524 1153 563 Thuanus
1180 537 1340 576 quoquc
1369 523 1519 561 descri-

82 579 182 619 bens
205 576 513 634 processionem,
527 595 607 634 qua
631 579 820 618 Pseudo·
834 579 1064 624 Demetrius
1079 578 1128 617 A.
1156 579 1271 619 1605.
1327 579 1521 616 Moscovi·

83 648 150 674 am
171 637 368 690 ingressus
394 643 453 674 est
476 636 696 688 Imperator
713 633 931 674 salutatus:
955 633 1148 688 proxima
1178 633 1386 671 seeundum
1401 634 1520 686 prin·

82 691 224 744 cipem,
257 691 327 741 ait,
354 690 552 730 incedebat
566 691 796 728 clericor-um
823 689 934 728 turha
951 704 1035 728 cum
1050 689 1213 727 vexillis
1232 688 1453 743 quadratis,
1476 689 1520 726 in

82 758 246 800 quorum
265 745 426 798 singultis·
458 759 633 800 appensa
676 753 769 783 erat·
797 753 866 782 aut
899 743 1005 782 Dim·
1043 744 1207 782 alicuius
1245 745 1375 795 imago
1392 771 1405 791 ,
1450 751 1521 780 aut

229 800 369 838 lienem
393 800 504 838 liber.
541 800 585 838 In
631 798 700 838 illo
726 798 813 838 loco
831 798 922 837 libri
951 798 1207 837 Mubacbiani
1223 827 1234 847 ‚
1265 811 1385 850 quem
1412 812 1452 850 p.
1475 796 1518 839 6.

81 852 230 901 horum
263 855 534 893 Commentar.
554 855 763 893 citavimus
777 884 788 904 ‚
813 853 986 892 vidimus
1015 853 1122 906 apud
1145 854 1298 892 Russos
1320 852 1521 906 praelatos

82 922 243 962 quoque
273 910 427 948 codices
455 908 767 963 Evangeliorum
794 909 834 947 in
861 908 1021 961 publica
1048 908 1296 961 processione
1336 907 1518 946 festiLu-

82 965 255 1003 minum.
310 963 476 1004 Accedit
501 963 594 1014 huc,
628 964 736 1017 quod
760 978 858 1002 aevo
884 963 1016 1002 medio
1043 963 1229 1002 Pontifici
1265 964 1449 1001 Romano
1475 963 1517 1000 in

82 1019 398 1072 processionibus
434 1018 604 1072 puhlicis
629 1018 843 1073 pugillares
867 1019 1190 1072 praeferrentur3
1220 1033 1262 1057 v.
1291 1019 1357 1056 Du
1382 1019 1531 1070 Gange·

82 1087 126 1112 v.
154 1074 375 1126 Pugillares
384 1103 397 1124 ‚
436 1089 537 1128 quos
585 1081 682 1127 puto
710 1074 865 1113 codices
898 1073 1187 1126 evangeliarius
1210 1073 1356 1122 fuisse,
1386 1086 1520 1125 neque

83 1126 194 1167 aliud
215 1130 435 1183 pugillum,
463 1143 584 1183 quam
629 1129 805 1169 codicem
825 1128 1020 1183 evangelii
1043 1159 1056 1181 ,
1086 1135 1352 1167 memoratum
1376 1127 1445 1167 illo
1475 1128 1518 1165 in

82 1181 194 1234 loco,
227 1198 347 1236 quem
374 1184 477 1222 idem
499 1199 539 1222 v.
567 1183 742 1237 Pugillus
770 1186 880 1223 citat.

195 1237 243 1277 In
270 1239 404 1278 multis
427 1253 587 1292 quoque
612 1240 786 1278 nummis
824 1239 1114 1291 Imperatorum
1152 1237 1407 1277 CPtanorum
1439 1236 1518 1276 du·-

81 1291 194 1331 bium
230 1293 356 1332 videri
396 1301 541 1346 queat,
581 1293 815 1332 labarumne
843 1308 894 1332 an
920 1294 1041 1332 codex
1075 1293 1268 1346 evangelii
1299 1293 1518 1345 quadratus

85 1360 109 1385 e
135 1353 253 1385 conto
274 1347 508 1400 dependeat.
567 1347 605 1386 A
641 1349 801 1387 Graecis
832 1349 1017 1387 Saraceni
1041 1362 1201 1401 quoque
1227 1349 1397 1385 mutuati
1422 1355 1517 1386 sunt

83 1415 237 1440 morem
273 1402 312 1440 al
338 1404 483 1440 Corani
506 1403 659 1442 codices
692 1417 714 1441 e
730 1404 857 1441 contis
885 1403 1150 1455 dependentes
1178 1404 1220 1440 iu
1246 1404 1331 1441 acie
1357 1416 1432 1454 pro
1446 1416 1516 1440 ve-

83 1454 187 1495 xillis
213 1457 458 1509 praeferendi
477 1487 487 1503 ‚
518 1471 598 1510 quo
617 1457 666 1496 de
693 1471 805 1496 more
828 1457 879 1495 ad
899 1457 1142 1496 Abulsedam
1165 1457 1269 1495 dico.
1298 1458 1437 1506 Quum
1453 1463 1516 1494 ta-

82 1525 175 1549 men
211 1513 328 1564 primi
366 1513 629 1564 Imperatores
666 1512 873 1565 Byzantini
915 1512 1089 1566 plurima
1132 1512 1276 1550 veteris
1311 1512 1519 1550 Roma-nae

84 1567 220 1606 curiae
239 1566 452 1619 imperialis
477 1569 658 1606 instituta
682 1568 898 1605 retinerent
915 1597 925 1614 ,
968 1580 1070 1619 quae
1100 1573 1232 1605 secuta
1264 1565 1418 1604 saecula
1446 1575 1518 1606 aut

83 1620 361 1660 additamentis
390 1621 680 1660 Christianismi
722 1629 940 1671 auxerunt,
990 1628 1060 1660 aut
1093 1622 1250 1674 ineptiis
1274 1622 1355 1660 suis
1381 1620 1519 1659 defor-

83 1683 271 1715 marunt:
310 1683 350 1715 et
375 1677 478 1715 inter
511 1676 655 1715 vexilla
687 1684 866 1715 veterum
907 1677 1199 1729 Imperatorum
1230 1676 1339 1729 signa
1364 1676 1518 1714 Fortu«

85 1738 162 1769 nae
185 1744 344 1784 quoque
368 1731 539 1780 suerint,
572 1733 643 1784 ipsi
671 1745 831 1784 quoque
854 1733 894 1769 in
933 1730 1126 1770 cubiculis
1145 1734 1225 1770 suis
1264 1745 1383 1769 aurea
1409 1731 1516 1770 For·

84 1789 206 1823 tunae
226 1786 435 1825 simulacra
452 1816 462 1833 ‚
494 1786 606 1825 velut
628 1787 841 1825 maiestatis
870 1793 909 1824 et
930 1786 1127 1824 felicitatis
1154 1787 1308 1838 imperii
1333 1786 1512 1838 pignora,

85 1838 279 1878 haberent
310 1848 348 1878 et
381 1841 581 1880 colerent:
619 1849 658 1880 et
687 1843 725 1880 in
754 1842 975 1894 primorum
1014 1842 1309 1893 Imperatorum
1330 1842 1518 1893 Byzanti-

87 1907 231 1932 norum
256 1898 431 1934 nummis
465 1895 568 1935 alata
596 1897 774 1935 Victoria
795 1896 979 1948 frequens
1016 1896 1306 1947 conspiciatur:
1343 1902 1382 1933 et
1410 1896 1514 1935 infra

86 1962 129 2002 p.
149 1947 244 1999 415.
266 1949 310 1992 C.
329 1949 369 2000 4.
402 1951 651 1990 Domesticus
678 1951 915 1990 scholarum
948 1952 1054 1989 inter
1077 1950 1261 1989 officiales
1283 1964 1375 1989 suos
1398 1950 1517 1989 habe-

85 2017 131 2041 re
143 2004 298 2042 dicatur
310 2003 640 2058 ειῖτυχιοφόρους
665 2014 704 2044 et
723 2002 1201 2058 onqnzpocpo'povffiquod
1221 2004 1362 2057 procul
1389 2005 1513 2044 dubio

87 2057 138 2096 ad
161 2058 419 2097 imitationem
449 2060 562 2098 aulae
582 2060 794 2112 imperialis
807 2060 953 2098 factum
966 2060 1065 2098 fuit:
1088 2063 1230 2113 (neque
1243 2062 1346 2098 enim
1377 2068 1515 2112 putan-

86 2111 200 2159 dum,
226 2113 486 2152 domesticum
528 2115 671 2154 vexilla
699 2123 738 2154 et
767 2114 1006 2154 vexilliferos
1031 2115 1232 2163 habuisse,
1273 2114 1419 2167 quibus
1435 2116 1515 2154 lm-

85 2175 247 2220 perator
284 2170 484 2222 careret:)
524 2170 630 2208 conf.
671 2185 713 2222 p.
746 2169 843 2221 427.
877 2170 960 2208 C.:
1010 2169 1145 2209 nullus
1194 2168 1334 2208 dubito
1374 2183 1515 2209 vocem

86 2221 241 2272 πτυχία
272 2231 310 2261 et
336 2220 509 2272 εὖτύχια
539 2224 603 2263 vel
632 2223 829 2275 εὔτυχεῖα
857 2238 940 2263 esse
974 2233 1200 2277 corruptam
1230 2231 1268 2263 et
1290 2224 1432 2263 vexilla
1459 2226 1516 2264 si-

88 2277 288 2329 gnificare,
311 2292 480 2330 quorum
512 2286 581 2317 aut
604 2281 728 2318 contis
744 2281 783 2316 in
817 2293 972 2317 summo
1007 2281 1305 2332 superimposita
1328 2286 1396 2318 aut
1414 2280 1514 2319 ban-

87 2330 148 2369 dis
170 2331 234 2369 vel
260 2332 402 2385 pannis
424 2334 570 2371 intexta
588 2341 717 2372 essent
747 2334 950 2372 Fortunae
970 2334 1034 2372 vel
1058 2335 1259 2373 Victoriae
1285 2333 1510 2381 simulacra,

86 2381 255 2436 νικάρια
273 2416 284 2434 ,
325 2388 551 2425 Uictoriolae
568 2417 578 2433 ‚
609 2395 654 2426 ut
680 2388 852 2441 appellat
879 2388 1083 2427 Cedrenus
1101 2403 1141 2441 p.
1167 2390 1260 2427 322.
1282 2389 1332 2427 A.
1358 2402 1411 2436 1.‚
1442 2389 1513 2429 ubi

89 2442 247 2491 exponit
259 2442 480 2490 CONOB.,
507 2441 708 2480 solennem
724 2457 979 2482 nummorum
1003 2444 1311 2496 Byzantinorum
1341 2443 1517 2483 subscri-

86 2495 261 2545 ptionem
279 2525 292 2546 ‚
321 2511 423 2549 quae
454 2496 551 2535 mihi
571 2497 729 2549 quidem
748 2498 906 2536 videtur
930 2498 1279 2552 Constantinopolis
1309 2499 1405 2537 olim
1424 2500 1514 2550 By-

89 2550 257 2588 zantium
287 2551 519 2604 significare.
587 2551 709 2590 Nullo
743 2558 923 2604 tempore
958 2552 1184 2604 Byzantinis
1204 2553 1362 2592 desiisse
1396 2567 1514 2593 usum

89 2602 288 2643 Victoriae
314 2607 354 2645 in
382 2607 504 2658 signis
530 2613 683 2646 constat
713 2620 734 2644 e
758 2606 846 2645 loco
864 2604 1005 2645 Cod'ini
1031 2606 1150 2646 offic.
1170 2608 1241 2651 VI.
1262 2622 1327 2646 20.
1359 2620 1401 2661 p.
1424 2622 1510 2662 79„

87 2656 160 2695 ubi
188 2669 379 2699 memorat
408 2661 624 2701 ssamullum
653 2661 993 2714 Archistrategum
1035 2661 1203 2701 dictum.
1260 2663 1336 2702 Hic
1364 2662 1513 2702 Archi-

88 2717 280 2766 strategus
304 2729 373 2755 seu
394 2715 571 2771 Angelus
598 2715 768 2756 Michael
799 2716 908 2756 aliud
927 2716 1027 2756 nihil
1058 2723 1144 2756 erat
1175 2731 1294 2772 quam
1315 2718 1508 2758 Victoria.
