1884 3132
280 127 412 195 [2562
555 144 630 186 ιο.
675 143 780 186 1AC.
822 146 1018 186 RmsKn
1060 144 1442 188 COMMENTARH

280 251 411 301 bant,
441 264 522 289 non
551 255 711 288 tantum
740 264 792 288 se
809 249 928 300 velle,
958 257 1005 288 ut
1032 250 1100 290 ille
1123 281 1135 301 .,
1165 265 1285 306 quem
1315 251 1370 290 sie
1398 250 1669 303 devoverent,
1694 254 1738 293 in

281 307 387 345 vivis
416 320 499 344 non
545 304 715 358 amplius
756 313 858 344 esset
886 335 897 356 ,
938 306 1007 344 sed
1046 309 1166 345 etiam
1207 313 1254 345 ut
1280 306 1345 346 vel
1376 321 1466 345 ossa
1483 307 1578 346 aeius
1605 309 1753 362 quiete*

281 375 361 399 non
382 361 582 409 fruantur,
597 361 667 399 sed
695 359 879 423 sepulmo
898 369 1111 427 egerantui
1131 369 1171 401 et
1197 369 1452 426 spargantur.
1485 362 1642 416 Colligo
1661 363 1740 402 hoc

283 431 310 455 e
329 416 417 455 loco
449 417 611 455 Nicetae
633 445 644 466 ‚
675 430 756 468 quo
798 411 842 454 τὸ
895 413 1131 466 άιαθέματι
1161 413 1500 468 καθυποβάλλειν
1521 419 1754 483 opponitur-

280 475 376 517 ταῖς
391 469 652 537 εὐφημίαις.
721 472 852 510 Locus
887 471 954 510 hic
983 479 1042 510 est
1073 487 1114 524 p.
1155 471 1243 512 125.
1272 472 1319 510 C.
1347 472 1411 510 ed.
1439 472 1563 512 Ven.:
1597 468 1753 526 ω’σπερ.

280 522 356 579 νἰρ
386 521 450 566 ἑνί
476 521 717 577 συνθήματι
746 524 981 577 κινηθέντες
1009 523 1083 566 τὸν
1110 526 1188 577 μὲν
1210 526 1386 577 βασιλέα
1415 523 1623 590 ευφήμοις
1648 526 1763 567 ἔδει)

283 581 443 630 §mano
473 584 634 634 φωναῖς
660 604 683 611 -
710 604 731 610 -
761 578 833 620 τὸν
862 581 908 620 δὲ
938 582 1286 633 πρωτοσέβαστον
1313 581 1386 621 καί
1413 578 1489 635 τὴν
1518 582 1761 623 δέσποιναν

282 635 558 686 καθυπέμαλ2
562 649 607 675 ον
646 633 913 676 ἀναθέιιατιε
957 637 1027 675 ubi
1058 637 1135 676 loci
1165 637 1406 676 describitur
1431 637 1574 677 seditio
1601 637 1746 688 similis

283 691 342 731 illi
363 723 373 739 ‚
406 707 509 745 quae
558 698 698 730 nostro
730 699 944 732 enai-raim
962 723 971 740 ,
1017 692 1188 746 ideoque
1217 707 1301 731 non
1330 693 1414 731 sine
1446 693 1580 732 fructu
1606 693 1755 732 confe«

282 748 428 786 rcnda.
490 748 645 796 Quodsi
690 754 825 785 tamen
850 749 939 800 quis
969 748 1183 787 anathema
1214 749 1269 787 sic
1297 749 1459 801 proprie
1487 748 1642 789 dictum
1669 762 1741 787 seu

283 803 464 841 bannum
504 803 814 841 ecclesiasticum
861 803 925 841 hic
955 804 1153 856 designari
1182 811 1347 856 urgeat,
1381 818 1462 842 non
1491 803 1736 857 repugnabo.

283 859 388 898 Mihi
416 865 628 911 propterea
657 860 785 896 visum
814 857 891 896 fuit
919 859 969 897 dc
997 873 1045 897 eo
1078 861 1242 912 cogitari
1271 873 1354 897 non
1383 866 1569 911 oportere
1589 888 1602 909 ,
1631 859 1740 912 quod

283 913 409 953 laicus
456 914 604 952 dicitur
645 913 920 965 Nicephorum
969 914 1213 953 anathemati
1258 914 1496 964 subiecisse,
1547 927 1650 967 quac
1678 929 1757 954 res¹

282 976 419 1008 tamen
450 969 487 1006 in
532 968 782 1021 patriarchae
821 971 1058 1008 auctoritate
1096 977 1197 1008 crat.
1266 969 1433 1008 Invenio
1458 977 1594 1008 tamen
1621 970 1742 1010 etiam

285 1026 394 1089 apud
421 1024 599 1064 Nicetam
626 1038 718 1076 pag.
755 1023 843 1077 196.
866 1022 919 1062 D.
953 1027 1011 1064 ¹3.
1059 1025 1123 1063 ed.
1155 1025 1334 1063 Venetae
1363 1024 1484 1063 laicos
1513 1038 1742 1063 excommu-

287 1082 464 1119 nicantes
483 1087 522 1117 ct
537 1079 810 1120 anathemati
802 1079 1006 1118 inimicum
1028 1094 1171 1132 agmen
1194 1079 1447 1118 subiicientcs
1486 1087 1570 1118 tam
1589 1079 1739 1128 valido,

284 1143 332 1174 ut
359 1136 599 1174 auctoritate
624 1134 885 1187 patriarchali
901 1149 1002 1188 opus
1029 1135 1148 1174 fuerit
1176 1135 1227 1173 ad
1255 1149 1322 1174 eos
1352 1135 1393 1173 in
1418 1135 1755 1174 communionem·

284 1205 425 1230 rursus
453 1190 702 1252 iecipiendos
723 1197 762 1228 ct
780 1191 1029 1241 expiandos.
1079 1191 1217 1230 Velba
1245 1191 1408 1229 Nicetae
1431 1197 1548 1228 sunt:
1580 1187 1690 1243 ὅρων
1720 1187 1755 1228 ἅ·

284 1244 488 1308 βασιλεὺς
532 1240 651 1298 αυτῶ
677 1257 972 1296 nonnusquam»
1010 1240 1058 1284 τὸ
1098 1245 1174 1299 τῆς
1201 1239 1361 1292 πό2εως
1402 1225 1643 1296 πλὴρωμα,
1674 1243 1748 1284 καί

284 1297 344 1353 μὴ
372 1296 498 1350 μόνον
529 1313 602 1338 ουκ
633 1296 887 1349 ἀνεχόμενον
910 1296 1149 1350 βασι2εύειν
1177 1299 1367 1353 Βοανᾶν,
1398 1298 1506 1339 α’λλιὶ
1536 1298 1607 1339 καί
1635 1300 1745 1350 μᾶλ-

285 1358 359 1395 λον
387 1354 625 1404 ιίιάθέματι
653 1351 978 1404 καθυηοβά22ον
1017 1355 1193 1405 ἐκεινον,
1238 1362 1278 1393 et
1305 1368 1346 1407 p·.
1375 1354 1470 1406 204.
1501 1354 1550 1394 C.
1577 1369 1751 1395 narrans

287 1411 338 1449 de
367 1410 586 1450 rebellibus
611 1409 663 1448 ab
693 1410 843 1448 Isaacio
874 1410 1042 1449 devictis
1071 1417 1110 1449 et
1137 1412 1179 1449 in
1209 1413 1391 1476 gratiam
1404 1424 1544 1449 rursus
1559 1411 1754 1476 receptis‚·

286 1463 488 1528 παοῄιει,
527 1466 582 1503 ait
599 1465 777 1531 [nempe
804 1465 1010 1519 Isaacius]‚
1038 1465 1275 1515 μεταμέλοι)
1319 1461 1391 1505 ἐπι
1430 1465 1482 1520 τῇ
1506 1462 1752 1531 παραβάσει

285 1521 369 1559 τῶν
412 1516 516 1572 πηὸς
557 1517 686 1559 αυτὸν
726 1518 1036 1570 ὀμωμοσιιένων
1086 1519 1403 1569 ενδείκνυσθαι,
1442 1534 1512 1559 και
1545 1519 1756 1586 ”dalmasc-

288 1572 550 1614 ὀπτανεσθαι
579 1575 637 1614 τῶ
666 1573 857 1640 μεγα2ω,
889 1590 957 1614 και
991 1575 1126 1627 ζητεῖν
1155 1575 1316 1615 ἐκεῖθεν
1344 1571 1464 1615 λύσιν
1489 1575 1566 1614 τοῦ
1593 1571 1753 1614 ἆναθέκ

287 1644 430 1696 ματος,
454 1623 588 1692 ᾧπερ
596 1615 751 1676 αὐτούς
779 1614 818 1670 οι
854 1631 930 1683 τῆς
969 1628 1047 1669 nd)
1051 1644 1128 1677 εως
1157 1626 1367 1684 οἷκήτοοες
1397 1629 1743 1681 καθυπέβαλλον,

290 1680 453 1725 ἄνωθεν
482 1685 658 1731 εστῶτες
685 1685 767 1724 ταῖν
793 1685 1109 1738 πυργοβαοέων.

401 1742 450 1781 C
486 1755 520 1779 1.
555 1739 671 1793 [432
703 1739 761 1795 7.]
793 1739 1117 1791 αποιιμ-ατῶσαι.
1173 1741 1371 1789 Dubium,
1400 1740 1751 1794 significetne-eae-

288 1811 469 1845 enecare,
506 1810 558 1834 an
613 1796 663 1834 de
701 1796 830 1835 medio
869 1797 1026 1844 tollere,
1058 1795 1137 1835 alio
1176 1804 1406 1850 asportare,
1437 1796 1509 1835 ubi
1537 1810 1560 1835 a
1588 1795 1753 1834 nemine·

289 1852 467 1904 amplius
497 1852 767 1904 conspiciatur
787 1881 798 1902 ,
841 1851 906 1890 vel
936 1854 1055 1891 etiam
1084 1866 1105 1890 e
1132 1852 1235 1891 vivis
1261 1851 1416 1891 tollere.
1473 1852 1535 1890 De
1564 1851 1641 1890 hoc
1668 1864 1755 1889 usu

290 1907 403 1945 verbi
434 1921 473 1949 v
503 1907 613 1946 lutei
616 1921 678 1960 pp
721 1906 772 1945 ad
805 1907 971 1946 Pctlon.
1017 1906 1119 1945 illud
1163 1908 1414 1962 apoculamus
1459 1905 1530 1946 vel
1563 1906 1746 1944 abocula·

289 1976 373 2000 mus
398 1977 480 2004 nos.
523 1962 693 2001 Modum
722 1962 959 2005 excaecandi
973 1963 1134 2001 Graecis
1152 1963 1344 2001 usitatum
1373 1962 1564 2001 describit
1590 1959 1751 2014 Agnel-

290 2016 355 2056 lus
382 2032 424 2070 p.
465 2016 551 2056 160.
586 2017 681 2056 fine.
1750 2047 1754 2049 -

403 2071 701 2127 C.11.[455,
747 2071 828 2126 14.]
858 2069 1092 2123 Ἀπάμβας.
1171 2071 1324 2110 Nomen
1351 2070 1426 2111 hoc
1455 2078 1514 2112 est
1541 2046 1745 2121 familiae,

290 2140 373 2166 non
402 2127 480 2166 vi1i
507 2129 733 2180 proprium.
791 2129 966 2167 Nomina
994 2127 1237 2167 familiarum
1266 2130 1347 2166 iam
1375 2127 1446 2166 diu
1473 2134 1572 2169 ante
1593 2139 1752 2165 nonum,

292 2183 526 2229 saecuium,
569 2182 720 2221 nedum
762 2181 831 2222 illo
863 2183 949 2235 ipso
978 2184 1019 2222 in
1056 2197 1132 2222 usu
1164 2183 1285 2221 fuisse
1313 2190 1455 2222 contla
1474 2182 1753 2221 Muratorium

292 2237 638 2276 demonstrabitur
676 2238 728 2276 ad
756 2252 797 2291 p.
831 2251 927 2277 222
957 2238 1002 2278 C.
1031 2252 1071 2276 2.
1129 2238 1204 2277 Est
1232 2244 1367 2276 autem
1389 2232 1610 2288 Ἀπὰμβας
1636 2235 1749 2274 idem

293 2293 405 2344 quod
428 2291 646 2341 Ἀπαμεᾶς
689 2300 728 2332 et
773 2293 851 2332 hoc
878 2307 951 2346 pro
986 2289 1297 2342 Ἀπαιιειανὸς,
1329 2307 1375 2332 ex
1405 2292 1505 2330 urbe
1534 2288 1750 2344 Bithyniae

293 2347 478 2399 Apamea
510 2347 718 2390 oiiundus
774 2347 891 2388 Talia
921 2349 1240 2401 frequentissima
1267 2348 1374 2402 apud
1401 2348 1576 2387 Graecos
1602 2358 1748 2383 occur-a

294 2411 404 2441 runt.
459 2404 534 2442 Est
571 2417 664 2456 ergo
711 2403 787 2442 hoc
827 2403 879 2442 de
915 2403 992 2442 illis
1030 2402 1276 2442 familiarum
1303 2402 1560 2449 nominibus,
1590 2413 1693 2452 quae
1720 2414 1749 2439 a

293 2460 424 2507 patria
454 2458 574 2510 primi
604 2457 822 2497 conditoris
852 2458 1025 2497 familiae
1040 2459 1222 2497 desumta
1252 2466 1362 2508 sunt,
1392 2455 1527 2510 qualia
1554 2454 1747 2507 frequen-

77 2509 144 2547 Ed.
163 2512 202 2549 1..
223 2515 284 2559 144
294 2513 447 2552 tissima
476 2514 636 2552 Batavis
659 2521 769 2552 sunt.
827 2514 1170 2552 Teiminationem
1208 2527 1308 2552 vero
1332 2513 1412 2562 βας
1441 2510 1545 2548 idem
1570 2523 1654 2548 esse
1682 2516 1747 2548 at-

297 2580 377 2628 que
404 2566 756 2615 &affidemonsuat
783 2582 859 2607 vox
888 2563 1115 2619 εκατόμβη,
1137 2582 1244 2620 quae
1259 2565 1361 2606 nihil
1389 2565 1500 2604 aliud
1520 2570 1592 2614 est,
1621 2578 1747 2617 quam

293 2616 523 2672 ἑκατομέα,
553 2625 728 2662 centuria
747 2653 758 2674 ,
805 2631 845 2662 et
870 2621 1071 2675 χι2ιόμβη
1089 2654 1099 2669 ,
1130 2624 1327 2670 millet-ia,
1358 2634 1462 2682 quae
1488 2619 1596 2659 idem
1622 2626 1746 2673 atque

281 2676 509 2726 χι2ιοιιέα,
555 2691 747 2716 numeius
786 2678 898 2717 mille
947 2679 1264 2717 individuoium.
1302 2670 1550 2726 ’Ἑκατόμβη
1581 2688 1663 2712 non
1690 2673 1745 2713 de

286 2730 481 2768 sacrificio
510 2739 696 2784 tantum,
732 2733 802 2771 sed
830 2733 880 2771 de
920 2734 1029 2772 omni
1062 2733 1242 2775 centuria
1280 2729 1533 2769 dicitur.1ta
1563 2723 1745 2778 ἑκατόμ-
