1884 3132
343 149 452 224 774
551 216 556 220 ,
609 167 683 210 10.
725 167 831 211 1Ac.
872 169 1066 211 REISKu
1107 168 1484 216 COMMENTARH

338 278 451 324 paret
479 286 523 310 ex
564 271 774 312 Athenaeo
815 287 856 326 p.
894 274 983 316 115.
1017 273 1068 313 E.
1096 273 1170 314 ult.
1236 274 1315 314 Sed
1351 274 1420 315 ille
1451 290 1547 316 usus
1589 279 1772 319 vocabuli

338 341 525 379 perrarus
554 334 615 366 est
657 334 697 366 et
740 328 894 367 decimo
923 329 1081 368 saeculo
1109 344 1149 382 p.
1173 328 1217 369 C.
1235 344 1274 370 n.
1304 330 1382 368 iam
1411 330 1564 371 dudum
1593 334 1774 376 desierat.

339 381 504 420 Possem
533 396 640 420 nunc
670 383 713 420 in
751 383 830 421 fine
865 383 986 422 huius
1016 386 1227 422 Mortuarii
1267 385 1413 424 multos
1458 386 1603 426 addere
1642 389 1775 441 Impe-

340 443 521 474 ratorum
571 437 748 476 tumulos
791 445 832 476 et
885 453 1024 477 eorum
1078 439 1166 477 loca
1218 439 1395 478 indicare
1414 469 1426 490 ‚
1489 456 1589 494 quos
1629 442 1776 482 Noster

339 493 559 544 praeteriit.
601 492 755 531 Verum
782 493 946 544 omitto,
975 495 1066 547 quia
1095 508 1314 547 perparum
1342 509 1388 533 ea
1416 495 1605 536 sedulitas
1632 499 1774 550 profu—

339 553 431 585 tura
461 554 575 585 esset.

449 602 497 639 B.
521 615 562 639 2.
593 598 709 656 [649‚
729 600 788 654 8.]
828 600 1140 656 εὖφημουμὲνη.
1195 603 1310 643 Ferri
1337 610 1468 657 potest
1495 612 1535 644 et
1575 604 1694 646 debet
1730 609 1774 648 in

339 657 468 696 ferreo
496 657 688 709 scriptore
715 657 837 695 dictio
864 672 1056 710 perquam
1084 658 1184 696 dura
1223 656 1412 711 εὐφημία
1446 657 1742 715 εὖφημουμένη
1758 693 1770 711 ,

341 712 524 764 quamvis
553 711 632 750 leni
665 715 887 751 mutatione
914 713 1050 765 refingi
1080 714 1203 765 possit
1244 711 1552 767 ἐκφωνουμένη.
1615 716 1663 754 In
1705 715 1774 770 ge-

339 767 466 805 nerali
493 766 623 805 indice
652 766 827 819 capitum
854 767 975 806 huius
1004 767 1095 805 libri
1136 765 1198 822 (v.
1231 782 1273 820 p.
1309 766 1428 823 295.)
1464 770 1520 808 sic
1548 772 1772 824 concipitm·

339 820 481 866 titulus
510 822 630 861 huius
659 822 823 874 capitis:
881 819 1086 874 Εὔφημία
1115 819 1197 860 ὑπὸ
1227 821 1310 860 τῶν
1337 822 1624 876 στρατοπέδων
1661 825 1775 877 νίκης

340 873 414 915 καί
437 873 662 930 θριάμβων
687 874 916 928 ἀγομένων.
972 877 1054 915 Pro
1082 875 1193 928 νίκης
1230 884 1315 916 erat
1349 879 1392 917 in
1430 879 1672 921 membranis
1713 894 1775 920 νι-

422 946 447 968 H

339 997 454 1038 napy,
483 986 592 1040 quod
620 999 701 1025 non
729 993 858 1039 potest
885 985 994 1025 aliud
1021 999 1142 1039 quam
1171 986 1413 1038 νικητηρίων
1437 1000 1534 1036 esse.

448 1042 496 1080 B.
519 1055 560 1095 9.
586 1040 704 1094 [649,
745 1040 831 1094 ιο.]
866 1037 981 1093 παρὰ
1024 1041 1103 1079 τοῦ
1141 1039 1434 1091 στρατοπέδου.
1497 1042 1617 1081 Index
1656 1044 1777 1084 modo

342 1093 471 1135 dictus
508 1097 648 1134 inserit
683 1095 831 1134 λοιποῦ
873 1103 966 1134 ante
1003 1102 1243 1149 postremam
1282 1109 1434 1134 vocem.
1501 1097 1675 1137 Perinde
1717 1107 1776 1138 est

341 1150 467 1202 adsit,
497 1150 560 1189 vel
588 1150 701 1190 absit.
754 1150 878 1189 Notat
905 1157 1038 1188 autem
1067 1151 1108 1188 in
1137 1164 1182 1188 ea
1211 1151 1406 1202 positione
1434 1165 1516 1190 non
1558 1152 1625 1201 id,
1666 1155 1774 1206 quod

341 1203 464 1254 solet,
499 1206 693 1259 reliqum,
733 1205 801 1243 sed
828 1207 966 1244 omnis.
1024 1201 1158 1257 Παρὰ
1196 1203 1270 1243 τοῦ
1307 1204 1456 1243 λοιποῦ
1493 1207 1772 1259 στρατοπέδου

339 1259 448 1299 idem
475 1267 535 1300 est
563 1267 682 1313 atque
707 1255 824 1313 παρὰ
850 1255 1003 1306 παντὸς
1028 1259 1103 1298 τοῦ
1131 1256 1432 1311 στρατοπέδου.
1487 1260 1553 1300 Sic
1580 1270 1775 1315 usurpant

340 1325 497 1365 Arabes
538 1339 699 1379 quoque
736 1339 856 1364 suum
876 1315 978 1381 531*
1009 1326 1201 1380 reliquus,
1245 1338 1319 1378 pro
1362 1332 1484 1377 totas,
1528 1326 1706 1380 exemplo
1746 1342 1773 1367 a

343 1380 508 1420 Graecis
533 1387 684 1420 sumto.

424 1435 518 1490 375.
549 1435 605 1474 D.
624 1449 716 1488 pen.
744 1432 860 1488 [650,
886 1432 967 1488 13.]
994 1434 1225 1486 βασιλείαν.
1291 1434 1346 1474 Et
1372 1433 1527 1488 reliqua
1562 1437 1675 1476 uncis
1712 1437 1775 1476 in-

340 1490 452 1530 clusa
478 1505 502 1530 e
526 1489 782 1545 sequentibus
809 1489 975 1539 addidi;
1005 1490 1249 1530 membranis
1277 1491 1384 1529 enim
1412 1489 1589 1529 deerant.

426 1545 520 1597 576.
540 1545 590 1588 A.
617 1558 650 1586 1.
672 1543 789 1600 [650‚
818 1543 902 1598 ι4.]
930 1540 1122 1597 Σάρὸων.
1178 1546 1288 1599 Ergo
1315 1546 1437 1583 etiam
1460 1545 1502 1583 in
1527 1545 1619 1584 aula
1642 1545 1774 1585 CPta-

338 1614 391 1639 na
434 1600 635 1654 peculiare
675 1612 818 1652 corpus
862 1600 1136 1639 excubitorum
1178 1600 1244 1639 vel
1285 1606 1556 1653 protectorum
1597 1599 1661 1638 vel
1702 1615 1774 1653 ap-

338 1655 562 1709 paritorum
611 1661 651 1693 et
690 1667 903 1693 cursorum
953 1653 1174 1694 aulicorum
1220 1654 1270 1694 de
1316 1661 1433 1707 gente
1468 1654 1594 1693 Sarda
1641 1657 1774 1694 conle-

344 1718 455 1749 ctum
484 1709 734 1758 habebatur,
774 1716 821 1747 ut
864 1708 942 1748 hoc
997 1725 1043 1749 ex
1093 1709 1181 1748 loco
1232 1710 1478 1762 intellig-itur.
1561 1710 1775 1749 Pontifices

340 1765 511 1804 Romani
554 1772 661 1803 certe
695 1764 776 1802 iam
813 1771 954 1803 octavo
997 1764 1154 1804 saeculo
1192 1764 1338 1803 Sardos
1375 1763 1576 1803 habebant
1601 1765 1776 1816 corporis

340 1821 524 1859 custodes
564 1827 604 1858 et
646 1818 869 1868 ministros,
906 1825 952 1858 ut
977 1832 1023 1859 ex
1051 1819 1260 1858 Anastasio
1289 1825 1473 1870 constat3
1510 1819 1772 1872 quemadmo-

341 1875 438 1913 dum
480 1875 611 1913 adhuc
661 1874 782 1912 hodie
828 1873 994 1914 habent.
1074 1874 1211 1913 Verba
1256 1873 1550 1913 Bibliothecarii
1595 1881 1689 1912 sunt
1732 1875 1774 1912 in

342 1930 379 1967 N
385 1930 509 1968 icolao
537 1930 600 1969 L:
638 1929 745 1983 quod
771 1930 888 1968 etiam
918 1942 997 1983 per
1028 1929 1252 1969 domesticos
1277 1942 1363 1968 suos
1391 1929 1440 1967 de
1463 1942 1600 1982 genere
1626 1927 1775 1968 Sardos

342 1999 368 2022 α
394 1986 518 2023 novit.

366 1999 395 2038 g
451 2039 505 2079 A.
535 2039 575 2078 3.
613 2037 730 2093 [65o‚
763 2035 848 2091 15.]
901 2033 1082 2090 Χριστὸς
1126 2037 1251 2092 νικᾷ,
1311 2034 1500 2090 Χριστὸς
1544 2036 1775 2087 βασιλευει.

343 2093 452 2133 Haec
469 2101 527 2132 est
545 2092 614 2133 illa
634 2092 805 2133 formula
825 2091 867 2131 in
894 2094 1069 2131 nummis
1097 2099 1136 2130 et
1163 2093 1401 2146 imaginibus
1428 2105 1567 2145 regum
1594 2091 1773 2131 Franco-

342 2162 432 2188 rum
462 2162 690 2198 occurrens,
721 2148 892 2188 Christus
918 2148 1055 2198 vincit,
1085 2146 1257 2186 Christus
1281 2156 1432 2200 regnat,
1464 2148 1634 2185 Christus
1659 2147 1776 2200 impe-

344 2212 422 2242 rat.
481 2203 601 2254 Quod
632 2202 764 2242 Latini
791 2215 864 2254 per
893 2201 1002 2252 duo,
1042 2211 1179 2253 regnac
1211 2209 1250 2240 et
1289 2204 1459 2256 imperat
1497 2200 1774 2254 explicabant,

343 2258 386 2296 id
418 2265 666 2296 contractum
692 2259 731 2296 in
760 2256 881 2295 breve
917 2255 1133 2306 βασιλεύει
1163 2257 1306 2295 Graeci
1343 2256 1608 2309 praestabant.
1672 2255 1775 2293 For-

340 2312 492 2351 mulam
517 2310 687 2364 Ἰησοῦς
715 2307 900 2363 Χριστὸς
930 2310 1021 2364 νικᾷ
1047 2311 1231 2349 monachi
1260 2312 1503 2350 Graecorum
1531 2311 1574 2348 in
1607 2309 1676 2348 illa
1713 2310 1774 2347 sui

343 2367 572 2407 camelaucii
611 2366 828 2419 appendice
853 2395 864 2412 ‚
905 2378 1026 2417 quam
1078 2362 1325 2417 περιστερὰν
1357 2363 1630 2419 appellabant,
1680 2363 1774 2403 item
1805 2366 1809 2367 ⁷

343 2421 527 2460 nonnulli
556 2423 599 2460 in
627 2422 709 2460 suis
737 2419 1010 2471 scapularibus
1037 2419 1225 2458 intextam
1254 2427 1422 2474 gerunt,
1451 2426 1552 2458 teste
1577 2419 1637 2458 La
1655 2416 1772 2456 Croix

344 2476 439 2515 Etat
467 2477 622 2528 pressent
652 2476 700 2514 de
728 2474 886 2528 l'Eglise
915 2474 1096 2527 Grccque
1125 2489 1164 2527 p.
1180 2474 1249 2514 86.

451 2533 498 2568 C.
521 2530 562 2571 5.
591 2530 707 2579 [651‚
736 2530 818 2577 15.]
846 2528 1086 2567 θεολέστου.
1144 2529 1345 2567 Videntur
1372 2526 1527 2566 Arabes
1558 2539 1583 2564 a
1610 2525 1774 2565 Graecis

345 2598 495 2624 morem
516 2586 756 2632 assumsisse,
790 2582 970 2633 urbium,
997 2583 1142 2636 quibus
1162 2583 1311 2630 favent,
1342 2583 1502 2620 uomina
1531 2580 1644 2617 bonis
1671 2582 1776 2619 votis

344 2640 631 2692 prosequendi,
672 2646 810 2677 contra
837 2651 932 2676 vero
960 2651 1058 2690 quas
1085 2637 1176 2676 odio
1203 2637 1373 2686 habent,
1402 2647 1536 2673 earum
1561 2635 1776 2673 memoriae

346 2692 449 2731 male
494 2694 771 2747 iinprecandi‚
818 2705 944 2746 eoque
986 2693 1162 2732 animum
1212 2705 1327 2731 suum
1377 2689 1635 2742 significandi.
1709 2690 1777 2729 sie
