1884 3132
304 135 416 210 274
570 150 643 194 ιο.
687 151 793 194 1AC.
839 151 1036 194 nnisxu
1085 151 1464 197 COMMENTAnn

296 256 412 293 tionis
445 253 581 293 fuisse.
643 247 698 292 .Τὸ
727 253 934 305 προσῆκον
973 247 1196 303 ἀπονέμειν
1241 253 1369 306 σέβας
1415 253 1538 294 habet
1567 254 1737 297 Cedren.

296 307 542 415 p.64{}9.AC.
571 308 728 361 penult.
760 309 872 347 Idem
898 309 1023 361 σέβας
1053 323 1127 362 pro
1148 309 1226 348 fide
1245 317 1365 364 atquc
1393 310 1584 364 religione
1606 314 1740 365 posuit

297 378 336 417 p.
383 378 406 402 o
440 393 448 401 .
513 392 524 402 .
558 377 592 403 1.

760 428 803 450 00

408 464 454 503 Β.
475 465 514 503 5.
537 462 628 519 [241
649 495 660 515 ‚
681 463 739 518 2.]
760 479 818 505 νν.
877 463 923 501 Id
951 471 1011 502 est
1042 465 1294 516 νομίσματα.
1351 466 1441 504 Mos
1470 463 1538 504 ille
1578 466 1656 505 fuit
1689 465 1742 505 li-

298 519 448 567 brarii,
490 527 536 557 ut
569 519 743 573 plurales
780 533 967 558 numeros
1002 534 1074 571 per
1114 520 1348 573 compendia
1385 520 1560 560 scribens
1592 521 1743 560 litteras

304 577 552 628 geminaret3
581 583 626 613 ut
662 588 757 613 κοκο
784 582 876 612 sunt
911 576 1099 622 comites,
1134 577 1181 614 λλ
1205 583 1298 613 sunt
1319 574 1457 628 λίτραι
1474 604 1485 626 ,
1511 575 1581 614 ubi
1615 590 1744 615 unum

298 643 344 668 κο
370 630 506 668 suisset
535 626 661 682 κόμης
688 637 726 668 et
753 643 879 667 unum
906 630 929 667 λ
956 644 1038 668 una
1058 629 1174 668 libra.
1234 630 1478 669 Nomismata
1502 638 1635 670 autem
1651 638 1745 674 sunt

298 686 452 723 nummi
480 686 617 732 aurei,
663 699 835 737 quorum
874 698 959 722 100.
992 685 1107 723 initio
1152 692 1190 724 et
1213 687 1356 724 secutis
1392 686 1638 738 temporibus
1671 700 1738 741 72.

297 740 578 778 tantummodo
618 739 762 778 libram
806 741 894 778 auri
920 739 1167 788 efficiebant,
1208 748 1248 779 et
1268 740 1424 794 singula
1450 741 1636 781 duodena
1665 741 1742 780 mi-

299 793 454 833 liaresia
487 794 762 833 continebant.
1728 795 1733 799 “

410 850 458 888 Β.
482 850 519 888 5.
544 849 660 903 [241,
682 849 740 903 4.]
770 846 1043 898 μεταδίδωσι.
1101 850 1159 887 Μ.
1189 849 1406 901 μεταὸίδι,
1437 850 1514 890 hoc
1538 857 1597 890 est
1611 864 1744 902 μετα-

301 900 422 943 δι’ὃει.
479 905 715 957 Saepissime
745 905 890 943 Noster
910 903 1040 942 δι’ὸέιν
1055 918 1130 956 pro
1153 900 1316 944 διδόναι
1341 913 1522 959 usurpat.

411 960 458 997 Β.
478 958 518 998 8.
543 958 740 1013 [24ι,7.]
790 956 1091 1011 ὄιαμερίζεται.
1155 959 1256 998 Vult
1296 960 1449 1000 dicere:
1500 968 1584 1000 tota
1623 961 1745 1001 turba

298 1013 609 1052 silentiariorum
641 1021 944 1066 ceterorumque
984 1012 1213 1052 officialium
1231 1044 1242 1064 ‚
1286 1017 1355 1068 qui
1395 1030 1531 1055 reeens
1569 1016 1744 1056 honora·-

298 1075 387 1107 tum
408 1068 645 1122 obsequiare
671 1077 710 1107 et
738 1083 829 1107 cum
857 1083 1002 1121 pompa
1019 1069 1183 1107 domum
1210 1069 1406 1110 deducere
1432 1071 1580 1110 debent
1597 1101 1609 1123 ‚
1646 1078 1743 1110 tunc
1799 1114 1802 1117 Δ

301 1138 386 1162 sese
422 1124 589 1172 dividit,
617 1124 661 1162 hi
685 1139 726 1163 se
754 1124 849 1162 huic
882 1124 1073 1177 patricio,
1106 1123 1174 1163 alii
1211 1126 1411 1176 secundo,
1449 1125 1517 1164 alii
1558 1127 1677 1165 tertio
1705 1133 1746 1166 et

302 1180 359 1217 sic
392 1193 513 1232 porro
548 1186 783 1233 aggregant,
814 1177 865 1217 et'
899 1193 991 1216 eum
1031 1178 1278 1231 obsequiant.
1301 1174 1586 1234 ’,Αμφότεροι,
1621 1188 1668 1220 ut
1698 1182 1742 1221 in

301 1234 634 1286 praecedentibus
667 1235 745 1272 iam
785 1232 993 1286 aliquoties
1023 1233 1289 1284 offendimus,
1330 1250 1460 1274 omnes
1491 1242 1624 1284 notat,
1658 1250 1742 1276 non

301 1289 430 1327 ambo.
487 1291 698 1342 Quotquot
731 1289 894 1328 demum
933 1288 1083 1327 fuerint
1115 1290 1294 1343 patricii,
1338 1285 1584 1343 ἀμφότεροι,
1623 1290 1743 1331 simul

300 1357 454 1382 omnes.

414 1398 459 1436 C.
486 1397 525 1438 5.
549 1397 667 1452 [24¹⁹
696 1396 772 1451 15.]
796 1395 951 1452 ἀριστᾷ
976 1397 1063 1448 μετῗ
1093 1398 1242 1438 αὐτοῦ.
1297 1399 1359 1437 De
1379 1400 1572 1439 conviviis
1593 1401 1743 1440 amico-

302 1467 393 1491 rum
406 1468 497 1492 cum
518 1467 654 1492 recens
682 1461 813 1492 creato
846 1467 1087 1506 quocunque
1130 1456 1365 1507 magistratu
1407 1454 1570 1506 dieb-sui
1597 1455 1743 1507 officii,

302 1522 372 1546 seu
402 1512 473 1556 eo,
509 1523 589 1561 quo
617 1510 791 1562 primum
820 1516 1029 1562 promotus
1057 1509 1160 1562 fuit,
1198 1523 1239 1549 v.
1274 1508 1412 1548 Vales.
1451 1509 1503 1549 ad
1538 1509 1746 1551 Ammian-

303 1563 485 1602 Marcell.
516 1579 558 1616 p.
591 1562 658 1615 84.
691 1565 737 1602 Β.
771 1570 810 1602 et
836 1563 941 1603 infra
969 1579 1010 1617 p.
1041 1563 1136 1615 412.
1168 1564 1223 1603 A.
1253 1563 1295 1604 8.

414 1619 460 1656 C.
484 1617 771 1672 8.[241‚18.]
812 1615 888 1669 τήν
928 1614 1261 1672 ὀωδεκαήμερον.
1320 1619 1452 1659 Nihilo
1496 1619 1586 1674 plus
1637 1619 1745 1660 edito

309 1673 366 1715 M.
394 1673 459 1712 hic
487 1673 564 1712 loci
591 1673 755 1712 habent.
811 1673 1077 1712 Nihilominus
1105 1682 1257 1713 certum
1285 1682 1344 1714 est
1388 1674 1539 1728 aliquid
1584 1673 1743 1727 deesse,

304 1741 339 1766 e.
371 1742 406 1766 e.
439 1724 571 1779 ἀλλά,
600 1728 665 1767 vel
695 1727 734 1768 εἰ
757 1724 817 1780 μὴ
848 1726 974 1778 μόνον
996 1759 1007 1780 ‚
1037 1729 1101 1768 vel
1130 1723 1231 1768 ὅταν
1260 1728 1305 1768 δὲ
1333 1725 1445 1771 κατὰ.
1501 1730 1563 1768 Ut
1592 1729 1745 1769 duode-

306 1784 384 1821 cim
414 1790 529 1822 erant
557 1783 640 1822 dies
664 1798 686 1822 a
715 1783 814 1822 festo
843 1785 1071 1824 Nativitatis
1092 1784 1237 1823 Christi
1265 1798 1390 1837 usque
1418 1784 1469 1822 ad
1496 1784 1639 1823 festum
1659 1786 1742 1824 Lu-

305 1838 462 1876 minum
510 1853 579 1877 seu
623 1838 932 1891 Theophaniae,
975 1839 1122 1892 quibus
1147 1846 1231 1878 tota
1259 1841 1370 1878 curia
1398 1838 1540 1878 hilaria
1568 1839 1710 1892 agebat
1727 1869 1742 1892 ,

304 1893 360 1932 ita
390 1908 550 1946 quoque
578 1894 897 1933 convivabantur
913 1896 954 1932 in
984 1894 1075 1933 aula
1101 1909 1173 1948 per
1195 1891 1241 1932 τὸ
1271 1889 1511 1946 ἑξαήμερον,
1541 1908 1606 1933 sex
1630 1894 1740 1945 dies,

304 1949 375 2001 qui
407 1949 551 1987 festum
579 1949 786 1988 Paschatis
815 1956 854 1988 et
881 1956 1063 1989 octavam
1091 1951 1133 1988 in
1162 1948 1262 1988 albis
1291 1948 1601 1988 intercedebant.

416 2004 462 2042 C.
495 2018 550 2046 ιο.
573 2002 690 2057 [24ι,
713 2005 800 2056 2o.]
834 2004 1026 2058 κυριακῇ.
1053 2003 1138 2042 καί.
1191 2005 1250 2042 Μ.
1271 2004 1335 2042 hic
1363 2004 1557 2042 minorem
1586 2011 1743 2044 tantum

309 2056 608 2097 distinctionem
635 2066 858 2098 monstrant
897 2066 935 2097 et
963 2059 1133 2111 iungunt
1165 2059 1368 2111 sequentia
1395 2059 1737 2111 praecedentibus.

395 2113 484 2164 142.
518 2113 569 2152 Α.
594 2128 652 2152 10.
680 2113 777 2165 [242
803 2144 814 2164 ,
856 2112 941 2166 ι5.]
982 2112 1296 2164 παρακυπτικοῦ
1334 2112 1500 2167 φιάλης.
1557 2115 1648 2164 Quo
1677 2114 1743 2153 die

306 2167 531 2221 Imperator
559 2169 600 2207 in
639 2168 773 2221 phiala
803 2182 885 2207 sese
913 2175 1105 2207 monstrat
1133 2167 1290 2220 populis
1309 2168 1566 2221 pyri-hicham
1593 2167 1741 2208 saltan-

307 2223 413 2263 tibus
443 2230 483 2262 et
511 2231 598 2262 acta
626 2223 951 2262 acclamantibus.
1008 2223 1080 2261 Est
1121 2230 1254 2261 autem
1282 2224 1417 2276 phiala
1443 2223 1603 2276 proprie
1630 2222 1741 2263 lacus

307 2290 572 2327 marmoreus,
603 2293 747 2331 aquam
767 2293 810 2316 ex
829 2279 1133 2331 superimposito
1159 2278 1324 2330 siphone
1342 2277 1609 2331 prosilientem
1637 2279 1740 2316 exci-
1803 2277 1806 2280 ’

307 2332 442 2384 piens,
472 2332 599 2386 qualis
629 2340 713 2372 erat
740 2334 782 2371 in
809 2333 1058 2381 Triconeho‚
1089 2333 1198 2386 quod
1227 2334 1472 2386 Theophilus
1504 2333 1602 2385 Imp.
1629 2339 1737 2371 stru-

308 2395 443 2438 xerat,
475 2396 514 2426 et
541 2389 726 2441 deinceps
755 2387 823 2427 illa
850 2390 933 2441 ipsa
963 2403 1080 2435 area,
1124 2389 1164 2425 in
1194 2403 1271 2442 qua
1301 2389 1477 2427 exstabat
1504 2386 1571 2425 ille
1597 2386 1706 2426 lacus
1725 2416 1738 2438 ,
1798 2384 1800 2387 ⁸

308 2441 417 2479 circa
459 2456 577 2494 quem
617 2444 804 2482 factiones
840 2445 950 2482 statis
977 2442 1224 2496 temporibus
1255 2443 1531 2491 desultabant,
1561 2441 1739 2494 Impera-

308 2500 395 2532 tore
424 2510 446 2534 e
474 2497 645 2537 fenestra
675 2505 951 2551 prospectante
969 2529 979 2545 ‚
1019 2498 1127 2551 quod
1158 2505 1216 2536 est
1242 2493 1489 2551 προκύπτειν
1527 2503 1566 2534 et
1600 2510 1740 2548 παρα-

307 2543 487 2593 κύπτειν,
545 2552 604 2590 lta
631 2552 775 2592 dicitur
803 2553 974 2592 Michae'l
989 2552 1224 2605 Calaphates
1251 2546 1468 2604 προκύψας
1494 2549 1539 2589 ἐκ
1567 2551 1644 2589 τοῦ
1661 2565 1738 2590 κα-

306 2601 510 2651 θίσματος
531 2604 778 2660 δημηγορεῖν
790 2639 802 2657 ,
832 2608 1017 2647 deorsum
1034 2608 1276 2662 prospiciens
1296 2620 1318 2645 e
1337 2606 1513 2644 fenestris
1532 2603 1596 2643 vel
1616 2607 1737 2648 etiam

306 2669 329 2694 e
358 2659 565 2698 moeniano
590 2661 800 2700 tribunalis
827 2662 1042 2712 Circensis,
1072 2662 1271 2700 Cathisma
1298 2661 1392 2700 dicti
1410 2688 1422 2709 ,
1462 2659 1513 2698 ad
1541 2659 1735 2713 populum

296 2720 530 2766 perorasse,
560 2715 666 2768 apud
695 2716 866 2757 Cedren.
896 2731 937 2771 p.
979 2717 1074 2771 75¹·
1109 2717 1157 2756 Β.
1186 2716 1278 2756 fine.
1336 2714 1454 2754 conf.
1486 2729 1528 2769 p.
1560 2715 1654 2771 761.
1683 2714 1731 2754 B.
