1884 3132
249 124 325 166 AD
367 124 663 167 CONSTANT.
703 125 902 165 PORPH.
942 123 1013 164 DE
1058 121 1240 163 CERIM.
1282 122 1383 163 Lm.
1423 123 1456 161 1.
1502 119 1613 175 299

175 228 295 280 dutus
322 228 455 268 colore
471 260 483 280 ‚
513 244 605 269 cum
636 229 764 268 victor
792 229 931 267 exisset
948 257 960 277 ‚
1004 233 1216 266 coronatus
1246 233 1326 276 est,
1355 224 1608 264 acclamanti-

175 283 251 323 bus
275 283 542 325 factionibus:
587 286 679 323 bene
687 285 899 338 faustaque
926 284 1069 321 venisti
1091 290 1151 320 etc
1183 311 1194 330 ‚
1229 281 1365 327 καλῶς
1397 273 1524 332 ἦλθες
1555 277 1606 320 α’·-

172 332 377 390 σύγκρητε
396 351 672 392 φακτιοναριε.
701 353 743 391 p.
769 339 858 391 519.
882 338 1070 390 Symeon.
1096 336 1265 389 Logoth.
1294 351 1331 389 p.
1350 335 1443 387 452.

283 394 531 446 Theophilus
562 395 659 446 Imp.
695 393 841 446 gradus
874 407 919 431 ac
954 391 1139 430 subsellia
1164 390 1434 442 (α’ναβάθρας)
1467 390 1605 429 factio-

172 461 271 486 num
295 451 435 499 struit3
456 449 631 503 phialam
659 462 842 500 quoque,
877 450 917 486 in
944 461 1021 501 qua
1033 445 1355 496 Σαξιμοδὲξιμον
1378 446 1436 484 fit.
1457 445 1609 498 p.424.

171 503 321 543 Annal.
345 505 534 558 Symeon.
555 503 725 556 Logoth.

283 559 455 612 Elegans
487 559 690 611 inscriptio
713 557 820 610 apud
841 558 1035 598 Murator.
1065 556 1115 595 de
1145 556 1377 595 factionario
1410 557 1587 595 circensi.

282 615 329 653 In
341 615 486 653 theatri
505 615 610 654 circo
632 614 733 666 Imp.
755 611 1026 651 consalutatus
1059 611 1238 650 Basilius.
1265 625 1308 663 p.
1339 612 1434 665 397.
1458 612 1604 665 Script.

170 677 261 724 post
281 669 462 722 Theoph.
1463 703 1465 705 .

279 724 525 778 Triumphus
549 723 686 762 Cons't.
707 723 767 762 M.
795 723 836 760 in
867 723 972 760 circo
1000 720 1049 760 de
1070 722 1288 761 Saracenis.
1318 736 1358 774 p.
1381 720 1475 762 283.

281 780 502 833 Imperator
523 793 615 817 cum
636 786 776 818 senatu
799 776 982 830 epulatur
1008 778 1047 815 in
1073 778 1193 816 circo.
1228 792 1268 830 p.
1291 777 1385 829 295.

271 831 332 874 ‘H
348 831 551 888 σφενδόνη
578 831 602 886 ἦ
622 829 727 872 κατὰ
746 829 818 872 τὸν
840 826 1104 883 ἱππόδρομον.
1163 832 1278 871 Conf.
1307 832 1445 870 Const.
1463 847 1506 886 p.
1536 832 1605 886 76.

279 891 528 929 Venetorum
566 887 803 928 demarchus
854 901 978 940 prope
1013 887 1275 926 domesticum
1328 887 1605 927 excubitorum

169 945 321 994 stabat,
351 945 543 984 Prasinae
568 946 675 982 iuxta
704 942 929 982 scholarum
956 941 1244 993 domesticum,
1280 942 1444 981 Contin.
1464 943 1603 983 Const.

167 1017 209 1055 p.
235 999 336 1050 88.;
364 1001 403 1038 in
433 1013 553 1038 aureo
574 999 817 1053 gemmisque
841 998 1027 1036 distincto
1054 998 1215 1037 sedebat
1242 997 1356 1047 solio,
1390 1012 1462 1036 nec
1491 999 1604 1051 prius

168 1055 354 1109 surgebat
369 1084 380 1106 ‚
407 1062 453 1093 ut
475 1054 588 1094 libris
609 1053 752 1093 bellica
779 1054 942 1106 ipsaque
961 1052 1176 1092 domestica
1197 1054 1490 1107 Imperatorum
1507 1068 1603 1093 con-

166 1110 386 1151 tinentibus
411 1116 603 1149 statutum
628 1116 700 1148 est.

269 1162 329 1204 ‘H
347 1161 460 1218 φυγὴ
491 1162 595 1216 πρὸς
624 1160 695 1204 τὸν
716 1160 971 1214 ἱππόδρομον
1005 1158 1112 1202 κατὰ
1137 1159 1189 1203 τὰ
1220 1159 1492 1215 α’σηκρὴτεια,
1532 1163 1606 1203 καί

163 1217 243 1275 γὰρ
263 1220 394 1261 ἐκεῖσε
415 1217 512 1258 τόδε
525 1214 572 1258 τὸ
583 1217 666 1259 τῶν
688 1212 935 1271 ἇσηκρηταῖν
961 1216 1126 1272 ὑπῆρχε
1149 1213 1420 1270 καταγώγιον.
1442 1219 1604 1258 Contin.

166 1277 305 1316 Const.
328 1276 378 1314 L.
414 1275 486 1313 IV.
523 1289 566 1326 p.
595 1274 683 1314 106.

272 1332 334 1369 De
364 1329 604 1368 factionibus
619 1336 792 1382 quatuor
816 1327 941 1367 locus.
967 1343 1008 1380 p.
1048 1329 1138 1367 123.

276 1385 462 1423 Proxime
500 1384 735 1423 orientalem
774 1391 920 1421 metam
953 1384 996 1421 in
1027 1384 1156 1433 circo3
1188 1375 1383 1436 (ἄγχιστα
1408 1385 1484 1424 τοῦ
1526 1386 1606 1426 τῶν

169 1436 385 1492 τετρώρων
412 1433 518 1491 ἑῴου
546 1438 811 1489 καμπτῆρος,
844 1434 886 1483 ὃς
913 1436 1155 1490 ἐπεκέκλητο
1182 1438 1255 1476 τοῦ
1279 1436 1471 1477 Ῥουσιόυ
1487 1471 1499 1489 ,
1530 1439 1608 1493 ἁρ-

162 1491 390 1547 ματελάται
420 1487 568 1545 ἄνδρες
606 1489 926 1544 ἄνεστήλωντο).
993 1493 1152 1531 Nicetae
1203 1493 1422 1532 Choniatae
1455 1495 1598 1549 stagm.

167 1551 218 1589 de
239 1549 420 1588 Latinor.
441 1548 586 1601 dirept.
614 1562 657 1600 p.
682 1547 780 1597 415.
815 1546 939 1585 Fabr.
963 1548 1016 1585 V.
1044 1548 1115 1590 Vl,

273 1605 335 1642 De
370 1603 518 1642 throno
561 1603 852 1655 Imperatorum
874 1631 885 1649 ‚
920 1616 966 1641 ex
992 1616 1074 1655 quo
1105 1602 1220 1642 ludos
1244 1603 1476 1656 spectabant
1492 1635 1504 1656 ,
1534 1606 1603 1645 Du

166 1661 344 1713 Cangius·
360 1659 411 1696 ad
435 1658 640 1697 Bondelm.
669 1671 712 1709 p.
745 1655 834 1696 183.
858 1670 922 1709 29.

274 1713 426 1753 Phalae
447 1714 488 1752 in
523 1714 630 1752 circo
656 1712 846 1750 dicuntur
866 1712 1077 1752 divisiones
1110 1715 1214 1752 inter
1247 1716 1430 1768 euripum
1453 1723 1493 1755 et
1515 1731 1601 1756 me-

162 1779 248 1818 tas,
280 1768 388 1822 quod
415 1769 471 1808 ibi
491 1769 726 1808 constructis
752 1767 803 1806 ad
834 1774 993 1820 tempus
1038 1768 1218 1807 turribus
1247 1769 1310 1808 his
1343 1769 1431 1809 telis
1467 1786 1602 1826 pugna

166 1825 230 1865 edi
255 1824 422 1863 solebat.
451 1825 612 1863 Servius
633 1823 737 1862 Aen.
758 1822 830 1860 IX.
854 1837 892 1861 v.
923 1822 1016 1876 705.

279 1874 415 1918 ‹Da'zw
440 1876 487 1918 τὸ
507 1875 672 1930 λευκὸν,
704 1877 749 1925 ἐξ
777 1870 826 1917 οὗ
854 1877 926 1916 καί
949 1874 1001 1917 τὰ
1033 1874 1239 1931 φαλάρια.
1265 1879 1453 1919 Eustath.
1474 1879 1595 1935 p.87.

164 1937 216 1975 T.
241 1935 274 1973 1.
295 1935 338 1972 in
362 1933 482 1972 Hom.

276 1989 324 2027 In
341 1995 511 2028 statuam
537 1989 760 2040 Iustiniani,
790 2003 893 2042 quae
916 1987 992 2027 suit
1009 1989 1051 2026 in
1070 1986 1350 2040 hippodromo,
1377 1998 1598 2043 equestrem

165 2047 292 2098 epigr.
315 2057 355 2082 v.
378 2044 505 2083 Band.
529 2059 571 2096 p.
592 2044 680 2084 138.
706 2060 751 2084 ex
774 2044 973 2082 manubiis
996 2042 1183 2096 Assyriis.

275 2098 489 2151 Porphyrii
508 2100 697 2138 Prasinae
727 2108 766 2139 et
796 2100 973 2138 Venetae
996 2098 1176 2136 factionis
1198 2099 1359 2138 victoris
1375 2101 1486 2153 equis
1507 2114 1600 2140 mu-

165 2155 258 2192 tatis
283 2154 431 2191 mentio
452 2154 497 2192 fit
517 2168 577 2206 ap.
598 2155 724 2193 Band.
754 2170 797 2208 p.
827 2153 916 2193 166.

276 2208 443 2246 Prasina
465 2208 583 2247 factio
601 2217 720 2248 cantu
738 2211 930 2248 victorem
954 2208 1127 2247 celebrat
1152 2223 1189 2260 p.
1211 2207 1301 2258 160.

276 2262 485 2301 Colossum
521 2264 764 2313 structilem,
805 2266 874 2317 qui
921 2270 1006 2302 erat
1040 2265 1082 2302 in
1130 2254 1394 2317 hippodromo
1430 2265 1543 2306 CSP.
1571 2281 1596 2306 a

167 2318 303 2358 Const.
324 2317 476 2370 Porph.
502 2325 656 2356 erectus
671 2348 682 2367 ‚
706 2321 813 2358 canit
836 2320 974 2372 Epigr.
1003 2333 1039 2371 p.
1066 2316 1153 2356 18¹.

277 2372 324 2410 In
363 2373 557 2411 encaeniis
585 2373 694 2411 urbis
721 2381 849 2412 statua
880 2375 1084 2412 Fortunae
1113 2373 1164 2411 ad
1187 2372 1495 2426 hippodromum
1515 2375 1594 2414 dn-

167 2427 354 2474 cebatur‚
389 2441 431 2466 v.
459 2427 586 2465 Band.
607 2442 648 2479 p.
670 2429 763 2481 ²57·
781 2457 793 2476 ‚
826 2428 895 2467 ubi
916 2427 1111 2467 nonnulla
1131 2428 1181 2466 de
1209 2429 1406 2468 encaeniis
1429 2430 1558 2470 urbis.

172 2502 177 2508 ,
274 2482 335 2520 De
356 2482 419 2520 his
440 2482 676 2521 factionibus
705 2497 746 2521 v.
768 2497 809 2536 p.
833 2484 925 2522 501.
948 2483 1125 2522 Bandur.
1181 2483 1245 2522 De
1269 2497 1410 2523 eorum
1449 2485 1593 2524 colori-

166 2534 241 2575 bus
260 2551 304 2589 p.
326 2535 423 2587 664.

273 2588 446 2642 Δήμους
473 2587 546 2630 καί
570 2589 699 2637 λαούς
725 2592 1028 2632 Thessalonicae
1047 2595 1090 2632 in
1111 2593 1262 2633 circum
1281 2593 1471 2634 adductos
1494 2609 1591 2634 con-

167 2643 374 2683 fodiendos
413 2646 606 2684 militibus
639 2648 763 2686 tradit
794 2648 939 2701 Imper.
979 2647 1256 2697 Theodosius,
1296 2657 1335 2689 et
1367 2650 1593 2690 ceciderunt

166 2698 309 2738 25000.
333 2699 568 2754 Theophan.
590 2716 631 2755 p.
649 2702 716 2746 62.
