1884 3132
225 155 300 198 An
340 154 637 198 consum.
675 152 872 196 Pomm.
912 153 983 193 DE
1022 150 1204 194 cmm,
1235 132 1342 216 lun.
1382 153 1415 193 ι.
1471 131 1585 200 4ι3

147 251 308 300 ciebant
323 289 334 307 ‚
377 273 427 299 eo
452 259 532 298 fine
550 288 563 308 ,
594 272 671 309 ne,
698 257 803 308 dum,
823 256 1058 296 indueretur
1085 255 1262 296 vestibus
1290 254 1577 308 imperialibus,

143 309 282 354 'nudus
302 315 614 368 conspiceretur,
642 321 727 352 erat
755 313 936 366 gemina3
976 326 1056 350 una
1094 325 1215 364 supra
1233 318 1353 363 caput
1366 309 1583 349 sublevatis

147 371 285 417 scutis,
328 370 452 408 altera
479 370 584 408 circa
611 382 755 422 corpus
785 370 825 406 in
872 367 1011 406 orbem
1040 367 1182 405 ductis.
1237 366 1333 404 Vid.
1364 365 1499 404 Vales.
1530 365 1582 404 ad

148 423 289 463 Amm.
318 423 497 465 Marcell.
527 438 568 477 p.
607 424 691 478 ¹59,
719 422 775 462 A.
804 422 894 460 fine.
952 422 1015 461 De
1053 423 1270 474 posteriore
1297 420 1362 458 hic
1390 419 1468 459 loci
1497 434 1583 459 ser-

148 492 216 517 mo
242 486 317 518 est.
344 479 440 518 Vid.
471 493 514 532 p.
542 477 637 532 249.
668 478 722 516 A.
754 491 794 531 9.
848 477 1056 516 Formavit
1096 477 1235 514 Noster
1258 471 1423 526 χελών,
1447 474 1583 526 χελῶ-

146 545 244 584 νος,
270 548 347 588 pro
370 529 547 586 χελόνη,
574 527 760 584 χελόνης.
820 531 988 571 Talibus
1017 538 1142 571 scatet
1168 545 1298 571 novus
1309 531 1580 569 Graecismus.

146 587 245 628 Vid.
273 603 394 642 supra
417 588 467 627 ad
493 603 536 642 p.
567 587 659 627 225.
687 587 743 625 D.
779 599 815 625 1.

256 643 312 683 A.
338 657 397 682 ιι.
426 641 538 696 [4¹¹³
561 640 638 695 15.]
668 640 850 694 φορέσας
877 638 924 680 τό
967 639 1169 693 διάδημα.
1223 639 1368 679 Unum
1394 639 1581 693 idemque

147 710 229 738 esse
253 694 299 738 τὸ
347 692 532 750 διάδημα
570 704 611 735 et
650 691 723 735 τὸν
753 695 956 750 στέφανον
991 703 1100 735 extra
1127 695 1296 734 dubium
1323 701 1394 734 est.
1425 695 1580 747 Φορεῑν

144 753 289 803 Graeci
315 753 413 791 novi
440 766 512 805 pro
540 752 699 791 inclzoere
721 751 797 789 sibi
820 758 1042 804 usurpant,
1086 757 1133 789 ut
1160 750 1239 789 alio
1266 750 1354 789 loco
1380 757 1580 788 monstra-

145 805 202 846 'vi.
259 807 407 861 Liquet
431 807 551 862 igitur
581 821 627 846 ex
654 805 858 858 hocloco,
885 808 1148 859 Imperatores
1177 805 1264 844 illos
1294 813 1444 844 veteres
1474 806 1579 858 ipsos

145 858 227 900 sibi·
257 864 339 901 suis
374 862 559 901 manibus
599 875 788 900 coronam
827 861 1074 915 imperialem
1120 862 1366 914 imposuisse.
1435 860 1578 914 quue

143 915 371 956 confirmari
397 917 583 956 videatur
607 917 743 969 opinio
770 916 930 956 Scldeni
957 915 1085 954 Titul.
1115 915 1271 955 Honor.
1301 930 1344 968 p.
1384 914 1472 968 174.
1505 929 1580 954 ne·-

143 974 272 1024 gantis
302 979 394 1011 ante
421 972 615 1010 lustinum
635 972 834 1011 Minorem
869 973 1161 1024 imperatorum
1190 984 1431 1024 quemquam
1459 984 1577 1009 coro-

142 1032 237 1064 nam
263 1040 288 1065 a
315 1026 539 1080 patriarcha
565 1027 642 1066 sibi
678 1028 903 1080 impositam
935 1027 1131 1079 accepisse
1153 1041 1164 1065 ε
1203 1026 1272 1066 sed
1300 1025 1417 1064 claris
1444 1026 1578 1064 verbis

141 1080 287 1120 refellit
296 1081 510 1120 Seldenum
521 1095 687 1134 sequens
710 1084 835 1121 nostri
863 1082 954 1121 libri
979 1088 1113 1133 caput,
1134 1095 1215 1135 quo
1239 1081 1446 1120 coronatio
1462 1079 1576 1119 Ana-

143 1136 250 1174 stasii
277 1136 415 1175 Dicori
450 1136 704 1186 describitur,
741 1144 779 1175 et
800 1152 843 1191 p.
871 1136 966 1189 245.
1004 1136 1057 1174 D.
1090 1136 1130 1178 8.
1161 1137 1308 1175 dicitur
1347 1135 1575 1189 patriarcha

141 1190 227 1242 ipse
273 1191 525 1245 chlamydem
564 1191 809 1244 imperialem
860 1199 899 1231 et
949 1205 1140 1230 coronam
1183 1194 1430 1244 imposuisse.
1472 1191 1570 1230 vid.

140 1245 301 1298 loseph.
326 1247 506 1285 Catalan.
536 1247 588 1286 ad
619 1247 839 1301 Augustini,
859 1248 1027 1287 Patricii
1069 1246 1271 1286 Cerimon.
1299 1246 1453 1286 Eccles.
1489 1247 1572 1285 Ro-

138 1313 247 1338 man.
310 1329 320 1339 .
357 1301 448 1341 182.

246 1315 348 1394 Bi’x.
375 1354 444 1409 [41
457 1369 490 1405 1,
524 1354 606 1410 ¹7¹]
634 1353 868 1408 σκουτάριν.
925 1358 1093 1397 Scutum
1118 1356 1286 1396 ethasta
1310 1356 1477 1410 iusignia
1492 1357 1572 1395 Im-

138 1417 382 1461 peratorum.
439 1411 544 1449 Hinc
572 1413 614 1448 in
641 1413 814 1464 antiquis
841 1414 1015 1451 nummis
1035 1412 1113 1450 hoc
1142 1412 1282 1450 habitu
1300 1425 1456 1464 semper
1473 1426 1572 1450 con-

137 1465 375 1516 spiciuntur.
429 1466 491 1504 Ita
518 1479 678 1518 quoque
691 1466 961 1519 Longobardi‚
989 1481 1035 1505 ex
1063 1467 1283 1505 imitatione
1309 1468 1455 1505 veteris
1482 1481 1571 1505 mo-

138 1519 194 1556 ris
214 1547 227 1568 ,
258 1519 471 1558 Alboinum
502 1534 628 1572 negem
657 1522 802 1560 Italiae
822 1522 934 1560 laetis
963 1522 1305 1560 acclamationibus
1325 1522 1543 1560 salutanmt
1555 1551 1569 1571 ,

135 1573 246 1628 eique
277 1575 429 1613 hastam
447 1603 460 1623 ‚
498 1576 647 1627 insigne
678 1577 824 1628 regium
838 1606 848 1622 ‚
886 1585 1175 1630 porrexemmt‚
1218 1580 1380 1614 auctore
1406 1577 1570 1629 Sigonio

136 1626 187 1666 de
222 1642 345 1682 regno
383 1628 472 1669 Ital.
512 1643 555 1682 p.
589 1629 646 1669 8.·
697 1630 818 1683 Apud
846 1631 1109 1670 Themistium
1148 1637 1252 1669 orat.
1281 1630 1404 1669 V11.:
1436 1628 1568 1680 ἐπόμ-

134 1694 260 1722 πευεν
303 1683 351 1723 ἐκ
375 1684 596 1733 βαλανείου
637 1684 683 1724 ἓν
710 1684 857 1725 ἀσπίδι
884 1683 957 1725 καί
983 1683 1174 1739 δορατίῳ.
1229 1686 1384 1738 Inspice
1411 1692 1568 1725 veteres

133 1737 322 1777 nummos
332 1738 492 1777 illorum
501 1745 740 1792 temporum,
761 1748 800 1780 et
813 1741 944 1793 plures
963 1747 1080 1779 testes
1096 1754 1177 1778 non
1192 1739 1449 1792 desiderabis3
1466 1755 1567 1794 quos

134 1791 167 1829 si
193 1793 578 1839 tameudesideres,
621 1795 686 1833 adi
716 1798 768 1834 sis
795 1796 845 1834 P.
872 1795 1032 1834 Pithoei
1051 1795 1267 1835 Adversar.
1294 1796 1343 1834 L.
1371 1796 1427 1835 ΙΙ.
1454 1810 1490 1834 c.
1520 1795 1563 1835 6.

131 1857 174 1898 p.
194 1846 288 1887 285.
318 1848 414 1886 edit.
446 1849 607 1887 Gruteri
635 1850 686 1888 T.
718 1852 768 1888 ΙΙ.
799 1850 1011 1904 Lampadis
1040 1851 1223 1893 Criticae.
1350 1883 1359 1887 ,

243 1903 287 1944 Β.
308 1916 346 1942 2.
375 1902 439 1956 [41
453 1917 486 1949 1,
525 1902 601 1958 132]
632 1898 874 1957 εὖφημήθη.
933 1906 1147 1955 Quomodo
1187 1905 1227 1944 id
1255 1905 1430 1943 factum?
1484 1904 1567 1943 Tot

131 1969 300 1995 numero
339 1957 552 2005 formulas,
600 1965 682 1997 tam
727 1960 888 2013 longam
927 1961 1149 1999 orationem
1188 1960 1391 2014 quomodo
1416 1961 1566 2012 pariter

131 2022 269 2049 omnes
295 2012 461 2050 recitare
493 2020 723 2065 potuerunt,
755 2022 800 2053 ut
833 2014 1149 2068 intelligerentur
1163 2043 1176 2065 ‚
1205 2015 1408 2068 quomodo
1428 2016 1471 2053 in
1497 2028 1565 2053 ea-

131 2064 223 2104 dem
250 2065 373 2104 verba
400 2069 627 2119 conspirare
642 2073 661 2108 ⁸?
715 2070 989 2109 Proculdubio
1014 2070 1090 2109 suit
1116 2077 1163 2109 ut
1189 2071 1231 2109 in
1258 2070 1419 2109 ecclesia
1453 2075 1493 2107 et
1520 2071 1565 2108 in

130 2121 262 2170 circo,
306 2122 363 2158 ita
389 2121 432 2158 in
460 2135 602 2175 campo
638 2139 798 2177 quoque
824 2132 1059 2178 praecentor
1077 2155 1089 2175 ‚
1146 2127 1214 2178 qui
1237 2138 1563 2177 unamquamque

130 2175 292 2214 seorsim
323 2174 534 2214 formulam
563 2181 750 2218 exercitui
777 2182 949 2232 praeiret
978 2188 1018 2218 et
1050 2179 1261 2219 subiiceret
1274 2209 1284 2227 ‚
1315 2193 1437 2232 quam
1463 2177 1564 2216 reli-

129 2232 199 2283 qui
226 2230 409 2282 deinceps
448 2240 722 2282 sequerentur.
786 2234 844 2272 At
888 2248 1078 2273 omnesne
1106 2234 1278 2287 legiones
1304 2231 1448 2279 simul,
1507 2246 1562 2271 au

127 2283 306 2338 singulae
331 2283 493 2323 seorsim
527 2299 608 2324 una
634 2295 724 2339 post
751 2287 916 2327 alteram
944 2288 1082 2327 laudes
1121 2302 1230 2327 novo
1259 2288 1356 2326 dixit
1384 2288 1564 2339 Impera-

126 2337 236 2378 tori?
290 2339 398 2378 Puto
426 2339 604 2390 quidem,
633 2355 771 2381 omnes
798 2342 916 2382 simul
943 2343 984 2381 id
1012 2343 1147 2382 fecisse
1174 2342 1347 2395 legiones
1374 2355 1457 2380 uno
1482 2340 1563 2380 vel-

126 2399 173 2431 ut
209 2406 303 2444 ore,
353 2396 386 2432 si
414 2394 534 2432 modo
578 2402 637 2434 tot
681 2397 847 2436 catervis
886 2411 1030 2452 praeco
1071 2411 1176 2436 unus
1206 2395 1384 2435 sufficere
1409 2397 1557 2448 potuit.

125 2445 324 2487 Discimus
350 2455 484 2487 tamen
513 2462 535 2487 e
563 2449 699 2489 Niceta
718 2452 1020 2490 Comnenorum
1046 2458 1226 2504 tempore
1256 2451 1375 2502 fuisse
1404 2451 1444 2489 in
1471 2464 1561 2489 mo-

126 2515 171 2540 re
195 2505 392 2554 positum,
420 2509 466 2541 ut
498 2503 674 2557 singulae
695 2505 868 2557 legiones
896 2520 986 2544 suas
1014 2507 1179 2544 seorsim
1203 2502 1339 2544 laudes
1364 2505 1557 2544 dicerent.

126 2554 230 2594 Nam
269 2558 311 2596 in
345 2558 423 2596 fine
451 2559 557 2597 vitae
588 2560 748 2597 Ioannis
775 2559 968 2598 Comneni
1013 2573 1052 2612 p.
1094 2560 1162 2599 25.
1192 2559 1246 2599 A.
1282 2573 1348 2599 με
1392 2557 1558 2599 α’νεῖπον

125 2606 199 2647 τὸν
227 2606 450 2661 ΙΠαιόυὴλ,
479 2608 653 2652 ἑκάστου
680 2614 763 2652 τῶν
787 2610 1043 2665 μεγιστάνων
1074 2610 1180 2663 μετὰ
1207 2613 1279 2666 τῆς
1307 2612 1460 2660 οἰκείας
1484 2610 1559 2653 τά-

125 2663 226 2723 ξεέυς
245 2663 467 2728 ,δίαξριδὸν
493 2666 776 2720 ἐφισταμένου
804 2668 877 2706 καί
899 2668 1219 2718 διατρανοῦντος
1243 2664 1316 2720 τὴν
1345 2668 1558 2720 εὐφημίαν

123 2731 179 2771 τῳ
208 2730 285 2773 νέῳ
313 2734 475 2761 avant.
535 2722 621 2763 Hae
637 2721 773 2762 laudes
801 2730 915 2762 erant
940 2723 1198 2776 praeambulo
1227 2725 1478 2773 saciammti,
1506 2723 1558 2762 ad
