1884 3132
291 142 400 218 768
599 159 670 203 10.
713 161 821 204 iAC.
863 165 1057 205 Rsslsxu
1095 163 1474 208 COMMENTARll

290 278 334 304 ex
356 276 419 315 eo,
440 260 550 316 quod
571 260 757 303 librarius
772 294 784 313 ,
816 266 883 318 qui
914 265 1008 304 istos
1041 265 1238 320 catalogos
1265 274 1335 306 aut
1362 267 1496 322 potius
1514 265 1737 322 catalogum

289 321 491 367 exaravit,
539 319 737 359 inveniret
768 321 807 359 in
836 322 1071 374 primigenio
1109 323 1321 375 exemplari
1359 322 1634 362 confusionem
1673 325 1738 362 hic

291 375 392 424 loci,
441 375 554 413 cuius
592 376 756 428 vestigia
796 377 835 413 in
876 379 1021 415 nostris
1064 378 1306 417 membranis
1346 385 1573 431 supersunt.
1643 378 1742 418 Post

291 432 461 524 Faustaff
480 443 639 523 lnomen
669 431 775 469 enim
803 430 990 485 leguntur
1019 434 1165 472 inserta
1195 433 1320 472 haec:
1352 434 1397 473 ἐν
1427 426 1461 488 ᾧ
1493 427 1708 472 ἀπόκειται
1725 462 1737 481 ,

296 500 399 540 quae
457 500 478 523 e
496 499 573 524 ew.

406 540 453 579 C.
474 541 513 579 3.
548 538 665 594 [644
685 538 765 593 ¹9.]
799 540 1158 589 Κωνσταντῖίὀς-
1171 538 1260 589 υἱὸς
1277 542 1610 582 Κωνσταντιίιου.
1648 541 1742 583 Fili-

294 611 365 636 um
389 596 638 634 Constantini
660 595 855 648 Pogonati
879 599 983 649 patri
1000 599 1276 652 cognominem
1298 596 1454 637 nullum
1490 600 1602 637 novi.
1647 598 1743 637 Filii

297 653 355 692 illi
384 659 498 690 erant
528 651 772 690 Iustinianus
803 651 1082 693 Rhinotmctus
1119 661 1158 693 et
1196 652 1421 692 Heraclius.
1487 653 1609 692 Posui
1649 667 1744 706 ergo

298 709 338 747 in
369 708 522 746 Latinis
545 716 666 761 pater
693 705 780 745 loco
809 707 928 746 huius
955 710 1077 748 vocis.
1139 710 1256 748 Certe
1290 709 1485 762 Pogonati
1515 717 1627 762 pater
1647 709 1745 747 Con-

294 764 495 803 stantinus
523 762 599 801 fuit
629 762 667 799 in
698 765 958 802 coronatione
987 765 1140 814 dictus,
1176 767 1359 817 quamvis
1397 763 1519 818 vulgo
1552 765 1748 803 Constans

295 819 463 868 andiat3
511 831 551 856 v.
585 818 650 855 Du
673 817 806 867 Gange
833 817 862 857 l.
884 833 919 857 c.
956 834 997 871 p.
1028 834 1118 858 ¹20.
1177 819 1319 872 Neque
1346 819 1477 858 obstat
1505 819 1611 873 quod
1637 819 1745 858 Con-

301 882 410 914 stans
459 871 525 911 ille
571 874 610 911 in
655 873 787 911 Sicilia
828 876 1065 913 interemtus
1106 876 1144 912 in
1187 874 1331 914 balneo
1370 876 1548 927 perierit.
1620 874 1749 913 Filius

303 931 410 970 enim
451 929 533 967 eius
572 929 732 972 exuvias
762 929 1136 983 Constantinopolin
1169 932 1390 982 reportavit
1421 937 1459 969 et
1487 931 1527 968 in
1557 929 1654 968 aede
1681 930 1748 969 SS-

305 984 593 1038 Apostolorum
623 997 741 1036 penes
767 991 918 1036 patrem
952 987 1036 1024 eius
1070 985 1302 1024 Heraclium
1332 985 1643 1024 Constantinum
1677 984 1750 1023 de-

302 1041 465 1096 posuit,
505 1046 604 1077 teste
633 1038 814 1077 Cedreno
843 1054 884 1092 p.
908 1039 1004 1090 436.
1026 1042 1076 1078 C.
1137 1040 1277 1093 Longe
1316 1039 1432 1078 aliter
1471 1039 1603 1079 locum
1641 1038 1749 1078 hunc

298 1096 494 1136 exhibent
521 1093 688 1146 catalogi
722 1095 805 1132 AB.
839 1102 877 1133 et
901 1095 989 1133 DC.
1050 1096 1170 1133 Prior
1197 1095 1359 1148 quidem
1387 1094 1517 1134 solum
1537 1092 1752 1133 articulum

305 1151 447 1201 habet,
476 1163 597 1202 quem
616 1149 706 1187 DC.
728 1152 946 1200 posteriore
968 1149 1056 1189 loco
1077 1151 1197 1188 refert
1218 1164 1229 1199 3
1262 1151 1354 1189 DC.
1385 1157 1518 1189 autem
1539 1149 1660 1188 habet
1679 1149 1754 1188 hos

311 1208 440 1246 duos:
473 1202 593 1255 ἑτέρα
625 1201 782 1255 λάρναξ
810 1202 1063 1256 Σαγγαρικῆ,
1093 1205 1136 1244 ὲν
1164 1197 1190 1259 ᾗ
1213 1202 1429 1244 ἀπόκειται
1447 1201 1753 1255 Κωνστὰντιος,

310 1257 331 1302 ὅ
358 1257 450 1308 υἱὸς
474 1256 790 1300 Κωνσταντίνου
817 1255 914 1298 υἱοῦ
935 1256 1203 1309 ελ’·Ιρακλειῖὶυ.
1259 1255 1378 1311 ἑτέρα
1407 1256 1563 1310 λάρναξ
1587 1255 1753 1298 ἑκατον-

310 1312 508 1365 τάλιθος,
540 1314 583 1353 ἐν
613 1307 638 1367 ᾗ
683 1309 901 1353 ἀπόκειται
936 1312 1192 1366 mmmm,
1243 1311 1266 1353 ὅ
1309 1311 1403 1361 υἱὸς
1437 1311 1753 1355 Κωνσταντίνου

310 1370 408 1412 υἱοῦ
428 1367 694 1422 “Ηρακλειόυ.
1757 1374 1760 1376 ’

423 1425 472 1464 C.
496 1425 536 1466 5.
567 1423 680 1478 [64ss
704 1421 794 1477 2o.]
842 1419 1178 1471 ἑκατοντάλιθος.
1260 1425 1366 1464 Puto
1430 1438 1454 1463 a
1501 1423 1758 1463 multitudine

314 1482 495 1522 colorum
525 1481 751 1526 variorum,
783 1481 853 1532 qui
884 1483 1072 1519 marmori
1102 1482 1285 1530 inerant,
1332 1481 1388 1519 sic
1425 1480 1576 1518 dictum
1612 1480 1758 1530 fuisse3

314 1553 397 1577 non
425 1535 534 1590 quod
571 1537 748 1588 praecise
788 1541 869 1582 tot,
920 1537 988 1574 sed
1034 1537 1135 1575 sorte
1170 1537 1394 1588 pauciores,
1431 1549 1588 1588 semper
1625 1542 1759 1574 tamen

315 1593 460 1640 multi,
500 1591 583 1630 sive
611 1605 657 1629 ea
685 1590 868 1629 naturale
897 1591 1160 1643 productum,
1204 1591 1286 1629 sive
1325 1592 1420 1630 artis
1447 1589 1670 1629 tesselariae
1697 1588 1762 1629 vel

317 1650 497 1689 musivae
524 1660 625 1699 opus
662 1645 808 1695 fuerit3
848 1646 931 1684 vid.
963 1646 1129 1686 Salmas.
1162 1647 1213 1684 ad
1241 1645 1368 1684 Solin.
1398 1659 1440 1697 p.
1462 1645 1556 1698 295.

427 1704 483 1741 D.
512 1716 547 1740 1.
584 1701 696 1756 [645,
731 1699 795 1755 4.]
838 1700 1117 1751 Καβαλλῖνος.
1186 1699 1298 1740 Alias
1335 1701 1628 1754 Coptonymus.
1700 1699 1764 1737 De

320 1760 443 1814 ipsius
471 1759 514 1797 in
542 1756 639 1796 aede
682 1755 758 1796 SS.
787 1756 1077 1807 Apostolorum
1111 1755 1315 1809 sepultura
1354 1754 1476 1794 habet
1509 1755 1680 1794 Creden.
1719 1767 1747 1806 p

319 1815 419 1867 468.
441 1814 506 1863 Β.,
537 1813 588 1851 de
616 1825 742 1850 urnae
775 1818 910 1850 autem
940 1819 979 1851 et
1020 1815 1170 1851 ossium
1212 1810 1432 1849 infortunio
1473 1809 1580 1848 idem
1618 1809 1766 1847 ibidem

320 1875 538 1916 memorat,
569 1874 608 1907 et
635 1867 717 1906 Leo
747 1868 973 1906 Grammat.
1003 1881 1045 1921 p.
1080 1866 1176 1922 467.
1210 1866 1269 1906 D..
1306 1873 1344 1904 et
1383 1866 1528 1920 Symeo
1568 1865 1677 1919 Mag.
1720 1877 1764 1917 p.

322 1925 404 1980 449
432 1979 488 2018 D.
510 1977 549 2016 5.
582 1975 702 2031 [645,
725 1974 782 2029 5.]
821 1971 866 2015 τὸ
899 1971 1111 2029 δύστηνον.
1176 1977 1290 2015 Verti
1329 1978 1518 2030 impuras,
1588 1973 1646 2012 Ne
1681 1973 1770 2026 quis

323 2038 515 2080 miretur,
562 2033 696 2072 videat
723 2046 826 2085 quae
854 2031 904 2070 de
931 2032 1216 2085 significatione
1242 2031 1362 2070 huius
1409 2031 1518 2070 vocis
1559 2029 1691 2068 dicam
1718 2028 1771 2067 ad

358 2120 367 2130 .
390 2091 414 2130 5
447 2090 486 2128 3.
520 2089 567 2127 C.
621 2117 630 2126 .

324 2106 351 2145 P
419 2105 491 2182 7D.
514 2145 551 2185 5.
583 2085 701 2198 6645,
723 2141 785 2196 7.]
816 2139 890 2180 τοῦ
928 2136 1092 2191 Φάρου.
1153 2142 1319 2180 Secutus
1348 2154 1436 2180 sum
1474 2136 1771 2192 interpretando

327 2200 540 2240 lectionem
572 2198 783 2237 amborum
821 2196 1118 2249 catalogorum,
1164 2197 1232 2250 qui
1280 2209 1355 2249 pro
1393 2192 1516 2249 φάρῳ
1555 2194 1772 2247 posteriore

329 2255 519 2295 exhibent
549 2251 700 2307 φόρου.
771 2253 875 2290 Nam
917 2266 990 2303 pro
1029 2253 1160 2304 primo
1193 2246 1332 2304 φάρου
1372 2250 1522 2288 habent
1549 2246 1770 2286 παλατίου.

331 2311 459 2349 Iidem
488 2323 559 2363 pro
587 2303 844 2357 συστεμάτια
874 2306 1024 2345 habent
1066 2306 1237 2358 στήθεα.
1312 2306 1397 2344 Hae
1439 2311 1532 2343 sunt
1567 2302 1774 2342 columnae

327 2379 497 2414 saxeae,
535 2363 587 2403 ad
615 2362 786 2416 pectoris
812 2362 980 2400 humani
1009 2361 1261 2400 altitudinem
1278 2373 1492 2414 procerae,
1531 2353 1774 2408 συστήματα

330 2427 466 2459 autem
479 2426 572 2459 sunt
590 2431 798 2470 compages
820 2424 859 2455 et
878 2417 996 2455 series
1017 2416 1194 2469 plurium
1214 2416 1492 2455 columnarum
1511 2411 1627 2466 (quod
1650 2424 1776 2462 paene

334 2475 475 2514 eodem
515 2474 647 2523 redit).
724 2472 883 2511 Placuit
921 2479 1055 2510 tamen
1103 2473 1226 2524 magis
1264 2473 1306 2509 in
1346 2471 1498 2508 Latinis
1543 2467 1774 2514 lectionem,

333 2545 456 2583 quam
476 2529 542 2569 alii
565 2542 725 2582 quoque
753 2534 984 2580 suggerunt,
1015 2521 1332 2577 συστρεμμάτια
1351 2525 1477 2576 sequi.
1533 2520 1636 2558 Sunt
1663 2533 1777 2558 nem-

334 2599 385 2637 pe
400 2583 698 2637 συστρέμματα
717 2590 756 2621 et
775 2578 1088 2631 συστρεμμάτια
1109 2581 1242 2619 omnia
1261 2578 1462 2633 repagula,
1483 2588 1672 2623 carceres,
1694 2575 1779 2612 sive

338 2653 432 2677 saxo
450 2668 461 2688 ,
507 2641 590 2678 sive
618 2638 723 2676 ferro
753 2644 821 2675 aut
856 2650 971 2683 aere,
1007 2635 1203 2689 quidquid
1232 2633 1480 2686 συστρέφει,
1520 2638 1666 2668 coercet
1694 2636 1780 2666 tur-

337 2692 457 2742 bam,
487 2707 617 2746 neque
646 2694 740 2738 sinit
767 2691 891 2730 libere
916 2691 1090 2744 evagari.
1145 2684 1350 2739 Ἀββάκια
1380 2692 1512 2724 autem
1548 2691 1640 2722 sunt
1677 2684 1781 2722 latae

339 2747 524 2801 tabulae,
560 2761 662 2800 quae
689 2754 758 2786 aut
785 2747 1167 2800 superimponuntur
1188 2743 1336 2784 talibus
1364 2738 1639 2794 systematibus
1666 2737 1780 2778 colu-
