1884 3132
315 112 427 165 600
630 126 702 167 1o.
745 126 850 168 1Ac.
888 114 1083 167 RFJSKH
1123 125 1501 168 COMMENTARu

300 227 646 284 ’στηλογράφημα
678 245 723 270 ex
756 231 964 270 Constant.
994 231 1178 270 Manasse
1210 231 1320 269 citat.
1352 228 1540 283 Στηλοῦν
1565 244 1638 284 pro
1693 232 1755 269 ἰη-

315 301 403 339 gere
431 286 555 325 habet
599 287 759 325 Nicetas
789 286 919 324 Alexii
950 286 997 326 L.
1019 286 1100 324 IL:
1147 285 1192 324 ἐν
1236 280 1432 341 προνάῳ,
1470 285 1572 324 καθ’
1599 279 1624 323 ὃ
1650 245 1701 336 [ζὴ
1733 281 1760 322 ὅ

317 338 549 391 πρώτιστος
576 338 650 381 καί
674 341 865 391 μέγιστος
891 341 973 379 τῶν
999 336 1374 392 παραστατούντων
1399 340 1456 394 τῷ
1482 338 1567 394 θεῷ
1601 337 1760 390 ἄρχαγ-
1826 377 1829 382 7

315 397 446 447 γέλων
475 392 660 446 ΖΙΙιχαὴλ
706 394 961 444 ἐσπασμένος
998 392 1216 448 ῥομφαίαν
1260 392 1512 447 ἐστήλωται,
1560 391 1761 447 ψηφίδων

317 452 485 496 λεπταῖς
513 448 751 500 ἐπιθέσεσι,
781 464 898 505 oper-e
937 452 1086 488 musivo
1111 451 1238 505 pictus
1255 458 1324 488 est.
1381 449 1492 489 Idem
1521 463 1564 502 p.
1586 463 1680 489 210.
1701 449 1758 488 A.

323 519 386 544 ιι.
432 501 561 558 στήλη
590 520 664 558 pro
696 508 869 570 imagine
912 504 1074 544 metallo
1119 503 1184 543 vel
1223 518 1390 543 nummo
1437 505 1575 544 incusa
1614 503 1759 543 habet:

319 556 524 611 ἀργυρέων
562 559 711 614 κέκοφε
748 574 930 611 νομισμα
967 556 1044 612 τὴν
1083 558 1236 599 οἰκείαν
1279 557 1515 613 ἐγχαράξας
1560 559 1606 600 ἐν
1645 557 1763 614 αὐτῷ

318 629 366 654 στ
383 613 417 652 ’λ
449 629 484 653 ν.

370 630 391 667 12
421 629 482 708 3&-
506 669 544 721 4.
579 670 625 725 [5
635 685 695 724 19,
715 670 806 726 πμ]
831 666 1064 721 μετάνοιαν.
1123 670 1229 710 Novi
1258 669 1400 709 Graeci
1427 669 1567 708 dicunt
1593 663 1762 720 βάλλειν

317 720 559 776 μετάνοιαν,
595 727 756 764 induem
787 727 1068 780 poenitentiam
1084 755 1094 771 .,
1139 739 1213 778 pro
1242 733 1363 778 caput
1390 731 1430 764 et
1467 738 1612 778 corpus
1632 725 1761 776 saepi-

318 794 367 818 us
398 780 507 818 velut
529 783 797 832 poenitentem
821 781 1028 819 inclinare.
1060 782 1261 829 Quoniam
1289 781 1535 833 poenitentes
1562 787 1602 819 et
1629 779 1764 818 verbis

319 835 577 888 gestibusque
599 837 881 889 poenitentiam
904 836 1097 874 sacerdoti
1117 842 1472 874 commonstrantes
1500 842 1618 888 caput
1644 834 1762 874 incli-

318 889 471 928 nubant
503 898 542 929 et
580 906 707 944 genua
747 891 980 940 flectebant,
1017 890 1105 928 ideo
1147 898 1257 930 actus
1285 891 1351 929 hic
1396 892 1479 943 ipse
1518 891 1761 943 poenitentia

321 945 452 983 dictus
481 953 555 988 cst.
625 947 902 1000 Chrysostomi
942 947 1146 998 Liturgia:
1195 942 1218 983 ὅ
1241 941 1528 995 ἱερεύςλέγει·
1555 943 1767 996 πρόσελθε

321 995 502 1039 διάκονε.
535 999 607 1040 καί
634 999 879 1052 προσελθών
918 997 939 1038 ὁ
970 997 1157 1047 διάκονος
1185 1003 1302 1038 ποιεῖ
1323 996 1546 1049 μετάνοιαν
1574 997 1764 1049 εὐλαβῶς

321 1053 448 1092 αἰτῶν
463 1053 757 1108 συγχώρησιν,
784 1069 839 1093 sc.
884 1062 1166 1108 peccatorum;
1194 1054 1276 1094 vid.
1308 1056 1429 1093 Goar.
1461 1054 1512 1092 ad
1543 1054 1686 1093 Codin.
1718 1068 1762 1107 p.

319 1122 389 1162 97.
426 1109 494 1152 lin.
516 1109 612 1160 ult„
644 1110 715 1148 ubi
744 1109 962 1160 βάλλοντες
989 1109 1208 1159 μετανοίας
1233 1113 1344 1160 τρεῖς
1379 1111 1500 1148 vertit
1538 1110 1658 1148 tribus
1682 1111 1766 1162 sa-

319 1165 390 1201 ctis
419 1166 644 1203 reverentiis
663 1195 674 1210 ‚
710 1171 750 1203 et
790 1166 1002 1218 praecipue
1039 1164 1107 1203 Du
1143 1164 1276 1217 Gange
1314 1164 1380 1203 Gl.
1432 1171 1603 1217 utroque
1644 1164 1688 1203 h.
1717 1178 1762 1203 v.

319 1218 443 1270 Apud
472 1218 633 1258 Contin.
662 1220 959 1272 Theophan.p.
981 1219 1077 1272 275.
1100 1219 1146 1258 C.
1178 1226 1302 1258 exstat
1328 1213 1499 1270 βάλλειν
1526 1216 1610 1258 τινὶ
1633 1217 1765 1268 μετά-

319 1286 434 1312 νοιαν
452 1303 464 1324 ,
493 1275 615 1312 αῖίειιὶ
628 1274 753 1329 flexo
775 1289 875 1328 genu
906 1275 1106 1314 humiliter
1133 1276 1364 1329 supplicari.
1423 1272 1519 1312 Pari
1551 1274 1670 1312 modo
1682 1275 1766 1312 La-

320 1328 395 1366 tini
426 1331 628 1382 sequiores
652 1331 934 1383 poenitentiam
963 1343 1037 1381 pro
1081 1329 1335 1368 inclinatione
1364 1329 1540 1382 corporis
1567 1328 1765 1371 dicebant.

321 1383 498 1422 Cassian.
532 1384 582 1423 de
623 1384 802 1423 Coenob.
833 1385 1011 1423 Institut.
1055 1384 1127 1422 ΙΙΙ.
1150 1399 1221 1437 7.:
1263 1385 1567 1437 congregatioms
1607 1385 1767 1423 missam

320 1447 426 1476 stans
449 1453 551 1493 prae
571 1440 735 1492 foribus
751 1439 1039 1494 praestolatur,
1082 1440 1204 1479 donec
1228 1441 1386 1493 Lgressis
1420 1441 1562 1478 czmctis
1583 1439 1770 1478 submissa

321 1494 363 1531 in
397 1503 542 1532 terram
562 1496 805 1549 poenitentia
846 1495 1103 1547 negligentiae
1134 1510 1224 1533 suae
1255 1496 1324 1534 vel
1357 1494 1555 1533 tarditatis
1591 1495 1771 1547 impetret

323 1550 495 1587 veniam.
523 1549 669 1588 Petrus
689 1550 909 1588 Damianus
927 1550 1049 1602 ipsam
1082 1564 1222 1589 vocem
1238 1551 1403 1589 retinuit
1430 1550 1560 1601 Epist.
1587 1549 1657 1587 VI.
1672 1562 1737 1601 27.
1753 1563 1768 1589 τ

323 1603 450 1642 lorica
499 1613 556 1643 est
592 1606 705 1644 homo
741 1605 895 1644 indutas
934 1605 992 1644 ad
1027 1619 1210 1655 carnem,
1249 1606 1404 1656 ⁸ferreis
1446 1605 1578 1643 divisa
1615 1605 1771 1643 cti-culis

325 1659 448 1696 ambit
491 1660 665 1698 membra
683 1689 696 1711 ,
737 1662 855 1698 mittit
896 1674 981 1698 cum
1032 1661 1165 1699 labor-e
1199 1670 1394 1699 metanens-
1407 1690 1418 1707 ‚
1463 1658 1525 1713 [id
1567 1665 1626 1698 est
1653 1672 1771 1711 aegre

323 1710 447 1751 flectit
481 1727 610 1766 genua
623 1713 657 1768 ,]
686 1715 822 1754 allidit
841 1717 883 1754 in
906 1716 1177 1769 pavimentum
1226 1717 1378 1770 saepius
1406 1715 1577 1769 palma-5.
1631 1713 1770 1753 Mitte-

324 1781 368 1805 re
401 1777 597 1808 metaneas
624 1777 683 1808 est
714 1771 844 1823 ipsum
874 1777 1054 1809 nostrum
1082 1766 1249 1821 βάλλειν
1275 1765 1512 1820 μετάνοιαν.

436 1823 482 1864 C.
505 1823 543 1863 8.
578 1825 693 1875 [52¹‚
738 1824 789 1878 1.]
818 1824 980 1875 μίνσαι.
1047 1827 1101 1864 V.
1148 1825 1285 1864 Vales.
1329 1824 1380 1864 ad
1414 1824 1549 1863 Amm.
1590 1823 1773 1863 Marcell.

318 1891 362 1929 p.
384 1877 479 1918 318.
509 1879 554 1917 B.
582 1886 621 1918 et
646 1880 713 1918 Du
740 1881 879 1933 Gange
911 1879 1041 1918 Gloss.
1067 1882 1156 1919 Lat.
1179 1880 1224 1918 h.
1251 1895 1311 1927 v..,
1354 1880 1424 1918 ubi
1455 1893 1536 1918 non
1567 1880 1773 1931 praeteriit

323 1931 457 1971 Iocum
487 1934 528 1972 in
554 1948 598 1972 re
626 1936 822 1986 praesenti
850 1935 1058 1987 capitalem
1085 1935 1323 1987 Luitprandi
1352 1950 1391 1988 p.
1413 1934 1509 1985 465.
1540 1947 1579 1972 a.
1615 1934 1769 1972 Histor.

323 1985 399 2025 Vl.
422 2002 458 2026 c.
478 2002 549 2042 9.:
585 1991 706 2028 moris
741 1999 798 2029 est
819 1990 1016 2044 palatium
1045 1991 1116 2029 hoc
1164 1991 1399 2041 (CPtanum)
1426 1998 1517 2043 post
1539 1990 1774 2027 matutinum

326 2041 543 2082 diluculum
562 2045 734 2083 omnibus
760 2054 913 2099 patene,
938 2054 1029 2099 post
1049 2047 1201 2083 tertiam
1224 2059 1322 2084 vero
1344 2045 1429 2083 diez·
1443 2045 1583 2083 horam
1601 2043 1773 2081 dimissis·

324 2099 502 2136 omnibns
522 2128 534 2148 ,
575 2099 669 2138 dato
701 2100 812 2152 signo
825 2129 836 2149 ‚
870 2099 978 2154 quod
1012 2109 1067 2138 est
1106 2101 1187 2138 Mis
1201 2131 1212 2147 ‚
1246 2115 1361 2155 risque
1393 2101 1434 2137 in
1475 2099 1613 2136 hor-am
1630 2111 1773 2136 nonam

326 2154 469 2190 cunctis
496 2153 648 2192 aditam
677 2155 902 2208 prohibere.
957 2155 1205 2193 Traductum
1236 2155 1277 2193 id
1314 2169 1336 2193 e
1363 2153 1488 2192 veteri
1525 2166 1641 2190 more
1665 2152 1773 2190 Con-

326 2205 461 2245 sulum
487 2208 680 2246 Senatum
715 2208 792 2248 hac
827 2209 998 2248 formula
1038 2209 1290 2248 dimittendi:
1335 2210 1438 2247 nihil
1469 2221 1539 2246 vos
1557 2220 1771 2256 momatur,

324 2270 460 2317 patres
482 2265 724 2317 conscripti;
753 2264 837 2303 vid.
869 2264 1056 2317 Scriptor.
1094 2265 1196 2305 Hist.
1222 2265 1327 2315 Aug.
1355 2265 1406 2302 T.
1427 2264 1460 2301 Ι.
1490 2277 1531 2315 p.
1556 2262 1650 2300 330.

435 2317 571 2362 Schol.
595 2330 635 2356 2.
679 2317 795 2372 [520‚
818 2332 885 2357 21.
905 2319 1010 2372 noa]
1039 2317 1152 2367 δεξιοὶ
1184 2326 1261 2358 etc.
1286 2320 1376 2357 Non
1408 2317 1603 2357 succurrit
1630 2329 1738 2354 nunc
1757 2346 1768 2363 ‚

327 2372 398 2410 ubi
422 2372 601 2425 legerim,
624 2373 817 2412 thronum
827 2375 1119 2427 Imperatorum
1133 2375 1387 2413 CPtanorum
1413 2372 1612 2425 geminum
1640 2370 1772 2419 fuisse,

329 2439 457 2465 unum
481 2442 504 2465 a
534 2427 671 2466 dextra
700 2442 873 2467 vacuum
900 2429 1060 2468 Christo
1096 2429 1270 2467 dicatum
1292 2458 1303 2478 ‚
1338 2443 1362 2467 a
1393 2441 1473 2480 quo
1497 2438 1661 2476 regnum
1699 2424 1775 2463 ha-

328 2479 425 2519 bere
447 2481 741 2534 profitebantur
766 2483 1030 2536 Imperatores
1051 2492 1091 2522 et
1137 2499 1255 2536 quem
1278 2497 1409 2535 regem
1434 2492 1571 2531 regum
1592 2486 1630 2517 et
1645 2486 1774 2518 aeter-

330 2549 427 2573 num
445 2551 593 2589 regem,
612 2545 793 2590 respectu
810 2542 885 2585 sui,
904 2546 948 2577 ut
962 2553 1100 2592 regum
1114 2539 1445 2591 temporariorum
1465 2539 1503 2572 et
1513 2533 1770 2581 vicariorum,

328 2591 617 2640 appellabant3
648 2593 820 2631 alterum
842 2608 865 2631 a
884 2595 1067 2641 sinistra,
1117 2595 1158 2631 in
1186 2607 1267 2646 quo
1293 2592 1366 2643 ipsi
1391 2589 1588 2628 sederent.
1646 2588 1776 2627 Favet

333 2643 410 2681 illis
441 2646 734 2696 quodammodo
761 2648 827 2686 hic
873 2648 982 2688 locus
995 2678 1010 2695 ,
1051 2656 1090 2687 et
1117 2649 1326 2700 praecipue
1361 2645 1536 2696 Proxime
1579 2657 1773 2696 sequens,

333 2699 402 2750 qui
433 2701 514 2746 ait,
549 2700 674 2740 solere
717 2703 1000 2755 Imperatorem
1031 2703 1169 2742 diebus
1214 2699 1421 2739 dominicis
1457 2698 1649 2739 thronum
1680 2697 1774 2737 dex-
