1884 3132
199 149 274 193 ιω
312 146 610 191 consi-Am.
638 145 836 188 Pomm.
873 145 945 185 DE
983 140 1164 185 cmm.
1203 141 1308 182 Lm.
1345 140 1399 179 11.
1439 115 1558 174 633

128 255 303 299 latrantes
325 260 507 304 ¹mangent
526 259 564 290 et
594 251 747 290 bolvent
777 262 912 287 encore
937 247 1037 286 dans
1077 245 1223 298 l'e'glise
1251 242 1381 282 tundis
1408 255 1481 297 que
1499 241 1556 280 les

110 310 286 358 fimmes
312 307 574 346 renozmellent
604 307 704 344 leurs
723 304 1020 351 lamentations3
1046 325 1098 331 —
1124 303 1151 339 ὰ
1192 300 1234 338 la
1244 299 1318 354 fin
1345 298 1395 336 de
1417 297 1460 335 la
1492 294 1560 334 cef-

127 363 297 406 re'monie
322 376 374 400 on
391 361 519 400 donne
557 375 642 400 aux
663 361 764 399 amis
793 359 848 396 du
868 357 959 396 bled
983 366 1022 395 et
1041 356 1095 395 du
1123 357 1179 394 ris
1205 354 1367 399 bouilli,
1402 351 1457 390 du
1480 351 1556 389 ὐῡε

127 427 167 456 et
186 416 254 455 des
281 417 413 469 [ναίω
458 429 549 454 sees.
624 414 725 453 Cette
755 414 938 467 pratiqae
974 425 1119 450 comme
1138 423 1220 464 par
1249 409 1286 446 le
1308 421 1399 447 nom
1430 406 1481 444 de
1502 400 1555 443 τὰ

130 471 287 524 σπέρνα
321 484 436 525 passe
461 471 601 524 parmi
625 483 705 507 eux
722 481 828 521 pom·
846 468 924 505 §cm
948 466 1066 505 d’une
1086 466 1161 504 tres
1189 463 1340 516 grande
1369 458 1567 515 antiquite'

129 533 208 564 etc.
264 525 338 568 Est
365 537 486 572 sane,
527 530 574 562 ut
607 537 629 562 e
657 523 772 561 dictis
826 521 1016 560 hactenus
1058 527 1167 573 patet
1187 548 1199 568 ,
1230 532 1316 556 mos
1344 517 1565 568 antiquus*

129 581 201 633 qui
244 578 394 618 natales
433 577 549 617 debet
576 578 739 617 cramati
778 583 818 615 et
844 578 992 629 agapis.
1051 573 1236 613 Gerlach.
1267 573 1376 612 hunc
1402 583 1556 609 morem

130 635 188 674 sie
214 633 400 673 describit
434 647 476 686 p.
495 633 584 682 63„
609 634 722 671 cuius
755 630 876 670 verba
905 631 1044 669 Latine
1070 629 1250 669 reddam.
1308 626 1440 677 „Post
1459 625 1564 663 cele-

129 690 285 727 bratum
311 689 454 727 cultum
485 688 662 727 divinam
699 695 738 725 et
771 686 1014 725 distributam
1051 685 1217 738 Agapen
1242 682 1403 738 fiebant
1445 691 1570 719 ease*

130 746 246 798 quiae
272 744 480 798 foeminae
526 743 722 784 cuiusdam
740 771 750 787 ‚
797 741 843 779 id
886 749 942 779 est
980 740 1231 788 cantabatur5
1258 751 1374 792 quem
1402 743 1560 774 cantum

125 798 295 852 populus·
326 812 442 853 saepe
463 811 530 836 suo
562 794 680 846 κύριε
709 792 878 846 ἐλέησον
900 794 1173 849 interpolabat.
1230 791 1422 830 Sacerdos
1449 790 1560 828 dioe-

131 853 199 890 bat
217 866 352 906 preces
365 882 376 898 ‚
423 853 644 890 incensabat
669 853 836 903 fructus
856 878 868 898 ,
898 863 995 888 uvas
1028 862 1168 903 passas
1190 878 1201 894 ‚
1233 846 1464 898 amygdala,
1500 844 1560 882 le-

129 907 291 959 gumina
328 907 432 952 alia,
465 907 660 946 dulciaria
672 934 684 954 ‚
719 907 760 943 in
784 906 934 957 magnis
957 904 1130 942 lancibus
1151 904 1192 942 ίη
1221 903 1418 956 superiore
1441 908 1559 954 parte

130 974 264 1000 comm
295 962 452 1000 tribuna
482 962 661 1015 exposita
680 990 692 1009 ‚
734 962 881 998 inter-ea
933 959 1025 997 dum
1049 957 1201 997 Psaltes
1224 972 1310 996 cum
1343 957 1421 994 suis
1441 955 1560 993 disci-

125 1016 234 1071 pulis
259 1017 492 1070 ana'phonas
511 1024 676 1058 caneret.
732 1015 931 1054 Postremo
951 1015 1112 1066 fructus
1151 1013 1217 1050 illi
1245 1011 1458 1050 consecrati
1473 1024 1560 1048 cum

130 1070 403 1113 delimtzksimo
439 1072 532 1109 vino
557 1070 673 1109 rubro
699 1071 800 1107 inter
825 1071 1042 1107 concionem
1073 1067 1411 1107 distribuebantur.
1473 1065 1560 1119 Quo

114 1126 249 1177 sacto,
279 1126 419 1163 missae
435 1125 553 1163 datae
569 1134 607 1163 et
617 1125 820 1163 discessum
829 1123 967 1174 fin't.''
985 1125 1102 1161 Dona
1119 1122 1232 1171 haec,
1252 1121 1382 1160 lances
1395 1121 1561 1172 inquam

131 1186 287 1218 saturas
329 1179 531 1218 dulciariis
560 1187 600 1218 et
626 1180 720 1218 vino
757 1186 795 1216 et
823 1178 995 1216 bellariis
1021 1184 1184 1216 onustas
1221 1184 1260 1215 et
1286 1178 1329 1214 in
1358 1177 1559 1214 memoriis

131 1235 360 1286 Martyrum
385 1241 453 1272 aut
490 1234 659 1274 aliorum
688 1232 865 1272 fidelium
892 1233 1078 1272 ecclesiae
1105 1231 1256 1271 oblatas
1283 1238 1323 1269 et
1351 1232 1392 1269 in
1421 1231 1560 1268 conci-

131 1301 211 1326 one
235 1288 551 1338 distribuendas,
581 1289 786 1337 κανίσκια,
813 1288 1023 1342 sportulae,
1051 1286 1148 1326 olim
1175 1285 1440 1339 appellabant.
1470 1285 1565 1323 Bal-

134 1355 245 1381 samo
263 1342 315 1380 ad
353 1357 497 1381 canon.
514 1342 554 1393 4.
583 1342 790 1395 Apostol.:
819 1339 870 1381 τὰ
898 1342 968 1381 ἐπί
994 1346 1086 1388 ταῖς
1109 1337 1295 1393 μνήμαις
1320 1340 1403 1379 τῶν
1430 1334 1560 1389 ἁγίων

134 1396 209 1434 καὶ
247 1397 330 1436 τῶν
380 1395 681 1447 κατοιχομένων
730 1393 1046 1449 προσφερόμενα
1100 1394 1174 1434 καί
1215 1393 1402 1434 κανίσκια
1450 1389 1563 1444 λεγόν

131 1463 238 1501 μενα
282 1447 353 1489 διὰ
395 1451 624 1490 πολυειδῶν
661 1446 836 1501 ὀπωρῶν
874 1447 1135 1499 κοσμούμενα
1187 1449 1245 1503 τῷ
1270 1447 1571 1500 θυσιαστηρίῳ·

133 1503 456 1558 προσφέρονται.
486 1505 564 1543 Sed
591 1505 710 1544 redeo
737 1505 789 1543 ad
816 1506 1016 1556 inceptum
1043 1504 1092 1543 de
1114 1510 1286 1542 oramate
1323 1515 1560 1541 sermonem.

134 1560 316 1598 Manavit
351 1559 404 1597 ab
449 1558 526 1598 hoc
572 1566 745 1598 cramate
788 1572 857 1597 seu
898 1559 1177 1597 distributione
1218 1557 1395 1596 bucellae
1448 1558 1563 1608 panis

134 1628 228 1652 cum
255 1614 399 1652 haustu
426 1615 510 1652 vini
544 1622 614 1654 aut
658 1612 837 1652 bucellae
886 1615 981 1653 vino
1019 1615 1208 1652 intinctae
1252 1619 1321 1650 aut
1347 1609 1566 1650 cochlearis

134 1669 222 1707 vini
249 1682 340 1707 cum
369 1669 504 1708 intrito
530 1669 594 1707 vel
620 1671 763 1707 iniecto
790 1669 901 1720 panis
928 1667 1055 1706 frusto
1071 1698 1082 1718 ‚
1125 1675 1338 1720 antequam
1365 1680 1411 1704 ex
1438 1665 1567 1704 eccle-

135 1725 195 1761 sia
221 1722 515 1774 discederetur,
543 1738 630 1762 mos
658 1723 767 1762 laicis
807 1722 995 1775 poculum
1024 1722 1208 1775 negandi.
1266 1721 1366 1759 Nam
1393 1735 1483 1759 cum
1503 1722 1567 1760 vi·-

137 1791 237 1821 num
277 1792 359 1816 non
402 1778 506 1816 male
530 1785 682 1831 saperet
725 1777 974 1816 sacerdotum
1012 1777 1170 1830 palato,
1213 1775 1351 1829 illique
1378 1776 1451 1814 sibi
1480 1778 1565 1814 eius

138 1831 326 1870 accedere
363 1833 470 1885 quod
516 1833 624 1872 laicis
651 1833 884 1882 decederet,
913 1845 995 1870 non
1025 1845 1139 1884 aegre
1168 1831 1315 1869 ferrent
1330 1859 1341 1880 ‚
1375 1837 1566 1882 praeter-

137 1900 266 1939 eaque
293 1886 402 1925 laicis
433 1894 520 1940 post
547 1888 866 1926 communionem
897 1886 1039 1925 soleret
1077 1889 1119 1924 in
1147 1887 1268 1924 mixto
1295 1883 1460 1924 haustus
1480 1885 1567 1924 vini

137 1941 251 1989 dari,
291 1942 486 1994 putabant
510 1945 603 1981 satis
644 1956 751 1992 esse,
776 1943 808 1981 si
834 1941 954 1980 semel
982 1943 1121 1980 vinum
1151 1940 1239 1979 laici
1267 1947 1496 1992 gustarent,
1524 1941 1569 1977 'm

138 1995 262 2034 mixto
288 2009 452 2048 nempe3
482 2010 562 2035 non
590 2010 688 2050 opus
716 2011 813 2046 esse,
844 2003 890 2034 ut
921 1995 998 2045 bis,
1028 1997 1069 2033 in
1095 1996 1373 2034 communione
1390 2007 1567 2047 quoque,

139 2056 372 2100 gustarent3
409 2052 627 2090 verendum
668 2051 841 2102 scilicet,
882 2065 932 2089 ne
963 2050 1269 2089 inebriarentur.
1326 2050 1450 2088 Venit
1475 2057 1569 2086 tan-

137 2103 231 2142 dem
268 2118 447 2144 successu
484 2108 675 2159 temporis
715 2108 831 2145 etiam
861 2119 993 2144 crama
1030 2106 1072 2143 in
1099 2103 1423 2154 desuetudinem,
1451 2110 1492 2142 et
1513 2105 1573 2142 sic'

138 2160 289 2197 sactum
305 2189 316 2208 ‚
354 2167 400 2197 ut
437 2159 526 2198 laici
554 2175 714 2213 prorsus
756 2161 877 2199 calice
907 2160 1155 2207 exciderent,
1188 2166 1306 2211 atque
1332 2173 1406 2211 pro
1434 2172 1571 2196 sacra·

136 2219 274 2252 mento
301 2213 342 2251 id
366 2228 492 2252 unum
529 2217 768 2261 retinerent,
796 2215 904 2267 quod
940 2215 1083 2253 Graeci
1113 2210 1270 2265 ἀγάπην
1297 2220 1366 2251 aut
1394 2211 1571 2251 α’ντάῖω-

140 2279 214 2317 ρον
252 2267 471 2320 appellant‚
520 2269 690 2308 frustum
739 2272 852 2322 panis
900 2270 1144 2318 consecrati,
1184 2267 1291 2321 quod
1335 2269 1376 2306 in
1406 2265 1569 2305 ecclesia

140 2322 294 2360 Graeca
337 2322 435 2360 solet
462 2336 542 2362 non
581 2324 962 2362 communicantibus
989 2324 1188 2362 distribui.
1246 2323 1440 2360 Cramatis
1469 2335 1570 2373 quo-

139 2390 219 2428 que
246 2378 393 2429 species
430 2384 490 2415 est
527 2376 595 2416 illa
632 2378 787 2429 largitio
815 2377 1116 2421 monachorum,
1153 2377 1203 2415 de
1230 2391 1309 2429 qua
1337 2378 1491 2414 Goarus
1518 2375 1572 2414 ad

139 2430 432 2484 Euchologium
460 2446 496 2483 p.
518 2434 612 2486 715.
655 2433 788 2479 refert,
833 2432 958 2471 solere
985 2446 1051 2470 eos
1077 2432 1141 2470 die
1166 2431 1374 2484 paschatis,
1403 2431 1572 2482 peractis

143 2486 285 2523 missae
302 2485 543 2535 solennibus,
557 2500 693 2539 pane5‚
707 2500 865 2525 caseum
878 2493 916 2524 et
934 2500 1010 2524 ova
1037 2488 1076 2524 in
1098 2486 1259 2524 ecclesia
1288 2485 1519 2524 benedicere
1533 2491 1574 2522 et
1624 2500 1627 2503 ·

145 2540 446 2579 consistentibus
497 2541 536 2578 in
574 2540 761 2579 narthece
801 2547 891 2579 ante
928 2540 1137 2579 lautiorem
1166 2540 1300 2585 cibum
1326 2538 1571 2592 degustanda

144 2605 237 2630 cum
264 2594 539 2639 benedictione
565 2608 780 2647 apponere.
849 2594 1063 2634 ordinarie
1090 2608 1223 2633 crama
1266 2593 1503 2633 consistebat
1529 2595 1572 2632 in

150 2645 276 2685 frusto
301 2662 382 2687 uno
410 2651 524 2701 panis
552 2656 591 2688 et
617 2650 761 2688 haustu
791 2649 891 2698 vini,
918 2649 1119 2688 interdum
1141 2663 1299 2702 quoque
1326 2647 1573 2687 addebantur

146 2697 311 2751 τρωκτὰ
324 2724 344 2750 ‚⁷
356 2703 457 2755 ficus
471 2733 481 2753 ,
512 2704 679 2757 dactyli,
713 2704 943 2757 amygdala,
974 2705 1068 2744 item
1096 2703 1337 2747 saccharata.
1390 2701 1573 2742 Menolo-
