1884 3132
346 186 420 229 An
460 179 809 230 Arrmmcem
839 180 942 219 Lm.
984 179 1019 217 1.
1066 176 1139 223 ne
1177 170 1438 216 cremon.
1520 146 1630 205 505

195 295 366 341 xissent,
397 291 517 338 locus,
540 287 606 326 ubi
617 285 773 342 aliquid
797 283 1022 339 reponitur,
1049 280 1335 335 repositorium,
1367 283 1411 315 ut
1441 270 1634 326 λουτρὸν,

194 350 316 397 locus,
341 347 408 386 uhi
434 346 610 383 lavatur.
642 343 688 380 ln
730 346 889 394 promtu
919 343 1014 376 sunt
1042 334 1219 388 exempla
1250 347 1379 372 novae
1407 331 1527 370 huius
1551 329 1634 368 for-

199 403 400 446 mationis.
459 400 521 439 lta
547 412 638 451 pag.
657 397 751 450 519.
774 396 827 433 D.
865 408 895 433 ι.
952 392 1084 430 Nostri
1113 398 1151 429 et
1179 389 1365 441 deinceps
1393 387 1548 440 saepius
1576 391 1637 423 est

199 457 389 497 ἀπόδυτα
416 469 491 508 pro
520 450 758 503 ἅπόδυτρον
789 447 850 489 vel
879 444 1120 497 α’πόδυτρα,
1166 443 1290 497 (quod
1329 443 1450 482 habet
1478 441 1638 480 Nicetas

198 515 240 552 in
274 510 460 552 Manuale
483 509 555 547 lv.
580 521 619 560 7.
632 509 660 558 ‚)
689 507 794 545 locus
807 535 818 551 ,
855 503 922 541 ubi
950 510 1071 540 vestes
1097 516 1123 539 a
1149 500 1287 538 letaris
1311 500 1353 537 in
1378 497 1515 536 balneo
1537 509 1638 534 exu-

198 576 330 607 untur.
371 566 433 605 lta
460 560 685 611 ὖπόδυτον,
705 561 809 599 locus
839 558 1002 610 refugii,
1034 551 1141 594 ὅπου
1170 549 1416 602 ὑποδύεται,
1438 551 1550 591 estin
1571 551 1638 588 ln-

199 622 412 676 scriptione
442 617 549 672 apud
576 616 734 655 Reines.
772 629 862 668 pag.
889 611 985 652 266.
1007 606 1165 650 Ma'ma
1192 623 1266 662 pro
1303 617 1456 646 mactra
1485 606 1641 645 dicunt.

202 674 494 729 Χειρόμακτον
534 671 639 725 apud
674 671 868 710 Nostrum
912 674 971 707 est
1006 680 1047 720 p.
1077 665 1173 706 558.
1194 666 1246 707 D.
1265 677 1305 703 2.
1337 677 1410 716 pro
1436 659 1641 713 χειρόμα-

183 743 338 784 κτρον,
358 729 659 779 mamaergium.
689 725 881 765 Glossae:
909 720 1154 768 σκέπαστον,
1176 720 1358 767 cucullio,
1383 717 1453 756 ubi
1473 716 1641 758 Salmas.

201 787 256 826 ad
283 786 371 825 Ser.
393 785 445 824 H.
468 783 589 823 A.T.
611 782 643 820 1.
666 796 708 834 p.
728 779 822 831 415.
852 777 1108 828 σκέπαστρον
1136 775 1295 829 reponit
1313 803 1325 823 ‚
1355 773 1490 812 nescio
1519 785 1643 824 quam

202 853 323 881 recte.
378 839 480 879 Ea‘ra
512 852 585 892 pro
611 836 767 888 σὴτρα,
812 834 989 874 cribrum
1011 861 1022 879 ‚
1070 826 1153 869 οἷπό
1183 829 1258 870 τοῦ
1295 824 1472 880 cuj-‘hcm
1504 822 1644 880 φύλα-

202 909 296 936 κτον
322 909 396 949 pro
429 889 668 946 φύλακτρον
695 905 765 930 seu
795 883 1109 943 φυλακτήριον,
1134 886 1359 924 amuletum.
1389 883 1482 922 Non
1509 889 1644 920 tamen

203 965 369 1005 prorsus
396 950 578 1002 ignotum
605 947 773 986 vetustis
804 945 883 984 hoc
910 942 1070 982 schema
1099 941 1248 991 fuisse,
1285 945 1450 993 apparet
1487 950 1509 975 e
1546 937 1645 976 Pin-

203 1006 292 1045 dari
331 1005 512 1046 σκᾶπτον
549 1017 622 1057 pro
662 1001 900 1052 σκᾶπτρον,
937 1006 1156 1052 εεερενωη,·
1201 995 1308 1034 unde
1349 1006 1510 1047 quoque
1544 1005 1645 1044 σκη-

203 1060 419 1112 πτοῦχος,
460 1072 543 1100 non
582 1055 870 1110 σκηπτροῦχος
906 1053 1066 1092 dicitur.
1124 1049 1274 1091 Procul
1311 1049 1436 1089 dubio
1485 1060 1647 1101 quoque

204 1111 408 1168 ἕργασῑον
426 1127 502 1168 pro
526 1109 753 1166 ἕργαστρον
773 1110 958 1149 dixerunt
971 1137 984 1155 ,
1004 1108 1099 1161 quia
1118 1106 1353 1160 ergastulum
1373 1104 1506 1143 Latini
1527 1117 1646 1142 usur-

206 1176 379 1224 parunt,
414 1169 524 1223 quod
560 1181 667 1207 mere
695 1167 894 1205 Graecum
926 1171 983 1203 est
1010 1156 1278 1216 ἑργάστυλον.
1336 1159 1434 1199 vid.
1465 1172 1569 1212 quae
1595 1157 1648 1201 ad

207 1241 252 1280 p.
274 1226 369 1266 321.
392 1223 445 1263 A.
466 1238 506 1263 α.
525 1223 575 1263 de
602 1223 780 1262 bastaccis
796 1220 940 1263 dicam,

316 1281 364 1319 B.
388 1294 425 1334 7.
445 1277 557 1333 [462‚
586 1276 672 1332 19.]
704 1270 982 1327 ὲξακὰνθηλα.
1040 1273 1157 1312 Verti
1190 1278 1236 1310 ut
1270 1271 1313 1310 in
1337 1271 1492 1309 Latinis
1528 1269 1645 1308 iacet.

209 1335 271 1374 Ut
299 1348 484 1382 vererer,
512 1347 564 1373 ne
590 1347 672 1372 non
701 1331 795 1371 satis
822 1337 950 1379 recte,
981 1329 1073 1368 fecit
1098 1327 1175 1367 hoc
1191 1356 1203 1377 ,
1233 1326 1343 1380 quod
1374 1340 1396 1364 e
1424 1326 1491 1364 Du
1512 1324 1649 1377 Cange

211 1389 333 1437 djdici
347 1419 358 1437 ,
398 1385 680 1438 ἑξακιένθηλον
716 1393 750 1424 ei
785 1380 1052 1433 ἑξακάιθινον
1090 1396 1174 1422 esse
1204 1382 1384 1429 corbem,
1421 1381 1647 1434 cophinum.

210 1445 254 1484 Si
282 1458 376 1505 ergo
403 1444 561 1492 erravi,
591 1442 745 1481 induxit
763 1454 828 1479 me
859 1438 1092 1479 membrana
1119 1443 1281 1486 nostra,
1311 1437 1353 1474 in
1381 1449 1462 1488 qua
1490 1436 1547 1474 sic
1574 1435 1651 1472 mi-

211 1507 311 1539 nute
350 1504 466 1538 erant
498 1498 635 1550 scripti
674 1497 836 1550 spiritus
856 1524 870 1546 ,
914 1501 959 1533 ut
995 1506 1111 1546 saepe
1137 1491 1327 1543 distingui
1365 1503 1481 1542 asper
1516 1503 1541 1528 a
1568 1487 1650 1527 leni

214 1567 296 1594 non
322 1560 455 1607 posset
471 1583 483 1603 ,
513 1559 554 1592 et
580 1566 695 1605 saepe
726 1563 886 1604 quoque
921 1549 1144 1602 promiscue
1170 1545 1437 1584 habebantur.
1495 1545 1543 1582 In
1573 1543 1652 1582 hoc

212 1616 322 1649 certe
347 1609 437 1648 loco
463 1608 515 1646 V.
543 1609 597 1646 D.
616 1637 629 1657 ,
666 1608 737 1660 qui
764 1604 1039 1659 apographum
1066 1604 1108 1641 in
1134 1615 1230 1641 usus
1255 1601 1353 1638 Maii
1381 1599 1554 1646 fecerat,
1601 1597 1650 1636 il-

206 1664 284 1704 -lud
300 1693 313 1716 ,
341 1678 387 1702 ex
411 1676 492 1717 quo
518 1662 751 1716 typothetae
778 1660 905 1699 nostri
933 1658 1013 1697 hoc
1054 1671 1154 1711 opus
1196 1655 1465 1706 excuderunt,
1502 1654 1653 1708 legerat

211 1727 254 1759 et
288 1721 497 1772 scripserat
533 1713 796 1768 ὲξακάνθηλα
813 1746 826 1764 ,
866 1714 974 1767 quod
1004 1714 1184 1759 mutavi,
1214 1711 1310 1764 quia
1357 1709 1456 1750 mihi
1484 1709 1651 1750 videbar

206 1775 402 1827 spiritum
430 1787 614 1826 asperum
642 1785 761 1825 super
787 1771 917 1824 prima
945 1770 1055 1807 vocis
1084 1768 1216 1807 littera
1245 1768 1286 1804 in
1316 1765 1559 1804 membranis
1586 1765 1651 1802 vi-

218 1830 328 1868 dere.
359 1829 402 1867 Si
432 1842 525 1881 ergo
553 1828 700 1866 frustra
731 1829 772 1865 iu
801 1826 876 1864 hoc
909 1824 967 1862 fui
995 1831 1034 1862 et
1064 1823 1224 1876 peccavi
1240 1851 1252 1872 ‚
1294 1820 1549 1859 reformanda
1576 1819 1654 1857 erit

218 1885 364 1923 Latina
382 1885 653 1936 interpretatio
680 1883 758 1922 sic:
792 1890 831 1919 ec
859 1881 1041 1933 cophinos
1048 1893 1126 1933 pro
1134 1877 1288 1923 cedrea,
1307 1877 1463 1928 eritque
1477 1873 1653 1914 vocabu-

219 1939 306 1978 lum
325 1938 377 1976 ab
398 1939 442 1986 ἐξ
470 1945 510 1976 et
520 1931 702 1983 ἄκανθος
717 1935 983 1975 derivandum
1010 1941 1049 1972 et
1077 1927 1352 1982 ἑξακάιθηλον
1382 1930 1488 1969 idem
1504 1959 1516 1979 ,
1545 1929 1656 1982 quod

218 1989 487 2040 ἑξακάνθινον
502 2022 513 2040 ,
542 2007 597 2031 ex
632 1994 797 2031 acantho
819 1992 985 2042 jactam
1003 2018 1015 2039 ,
1054 1988 1104 2027 de
1128 2001 1207 2041 qua
1234 1987 1378 2025 arbore
1406 1985 1533 2024 multa
1565 1983 1656 2022 Sal-

221 2049 370 2086 masius
396 2047 448 2086 ad
475 2047 600 2086 Solin.
619 2062 662 2100 p.
679 2048 775 2101 572.
797 2060 884 2099 sqq.
942 2044 1044 2083 Sane
1073 2046 1128 2081 ait
1146 2041 1294 2081 ibidem
1314 2041 1369 2079 V.
1391 2041 1445 2079 D.
1477 2054 1500 2078 e
1518 2038 1653 2077 Theo-

222 2102 412 2156 phrasto,
432 2101 646 2143 acanthum
667 2102 716 2142 ad
735 2109 889 2141 tantam
907 2099 1159 2138 altitudinem
1179 2109 1415 2143 excrescere,
1439 2102 1484 2134 ut
1494 2093 1658 2132 materi-

225 2173 268 2197 es
287 2157 382 2196 inde
392 2157 623 2196 caederetur
634 2157 840 2198 duodenos
861 2155 1016 2194 cubitos
1034 2154 1168 2207 longa.
1196 2150 1333 2191 Facile
1344 2151 1464 2204 igitur
1474 2163 1519 2188 ex
1536 2162 1656 2186 acan-

222 2213 296 2252 tho
323 2219 540 2264 potuerunt
570 2211 729 2263 cophini
753 2212 838 2249 fieri
857 2209 1106 2255 excavando,
1136 2221 1219 2246 non
1237 2205 1446 2259 plectendo
1462 2232 1475 2254 ,
1496 2203 1538 2242 id
1548 2201 1658 2255 quod

224 2270 344 2307 etiam
369 2280 527 2305 necesse
553 2273 638 2304 erat
654 2265 916 2304 continendae
943 2265 1001 2304 rei
1026 2263 1226 2317 liquidae,
1255 2259 1384 2313 qualis
1411 2265 1471 2297 est
1500 2257 1656 2296 cedrea.

226 2322 384 2373 Quodsi
411 2328 545 2359 tamen
571 2335 727 2362 mecum
754 2327 896 2373 reputo
911 2349 923 2371 ,
950 2333 1032 2359 non
1059 2317 1184 2357 solere
1212 2317 1267 2354 sic
1296 2316 1469 2353 Graecos
1498 2325 1661 2364 compo-

226 2391 348 2426 nere,
396 2383 442 2415 ut
469 2375 547 2415 hoc
578 2370 846 2423 ἐξακάνθινος
873 2381 931 2413 est
952 2404 964 2425 ,
1008 2372 1079 2412 sed
1117 2378 1186 2409 aut
1215 2365 1442 2417 ἐξάκανθος
1468 2374 1538 2405 aut
1566 2368 1663 2404 sim-

226 2432 381 2486 pliciter
420 2425 647 2475 ἆκανθινός
691 2429 849 2479 dicere,
885 2429 1284 2476 terminationemque
1310 2418 1398 2467 ινὸς
1425 2435 1517 2460 cum
1544 2435 1660 2474 prae-

227 2488 423 2540 positione
451 2485 497 2525 ἐκ
515 2498 640 2539 paene
660 2485 874 2524 consistere
893 2496 975 2522 non
992 2494 1107 2534 posse
1122 2509 1134 2530 ,
1162 2477 1309 2530 incipio
1337 2476 1388 2515 de
1415 2476 1550 2529 priore
1571 2489 1662 2515 mea

230 2542 556 2593 interpretatione
592 2541 772 2577 animum
812 2551 892 2576 non
934 2534 1196 2588 despondere.
1254 2531 1393 2584 Neque
1433 2530 1576 2569 desunt
1601 2529 1662 2569 illi

222 2595 382 2638 ,colores
399 2624 412 2643 ,
438 2595 570 2634 saltim
597 2594 879 2633 excusationes.
933 2585 1102 2634 Κάνθος
1137 2588 1241 2627 idem
1269 2600 1352 2626 esse
1397 2592 1517 2638 atque
1556 2580 1663 2623 κάθ-

232 2649 335 2699 θῸς,
362 2646 514 2695 κᾰδδος
555 2656 595 2688 et
621 2647 757 2696 κάδος,
787 2646 903 2685 facile
932 2644 1095 2684 concedi
1123 2649 1284 2696 potest3
1324 2639 1432 2679 unde
1455 2641 1662 2679 cantharus

218 2710 275 2741 ,εἰ
301 2705 532 2751 cantlaelius,
572 2705 643 2756 qui
680 2703 798 2742 cados
833 2701 934 2755 gerit
969 2700 1101 2739 asinus
1126 2697 1191 2736 vel
1221 2695 1368 2735 mulus.
1432 2691 1662 2747 Τετρακάν-

233 2757 365 2812 &stov
379 2787 395 2812 ,
424 2760 538 2818 quasi
576 2759 685 2801 dicas
711 2755 1057 2813 quaten-adarim
1075 2783 1089 2806 ,
1124 2752 1246 2795 habet
1272 2749 1538 2806 Theophanes
1566 2763 1658 2803 pag.
