<?xml version="1.0" encoding="UTF-8"?>
<!DOCTYPE html PUBLIC "-//W3C//DTD XHTML 1.0 Transitional//EN"
    "http://www.w3.org/TR/xhtml1/DTD/xhtml1-transitional.dtd">
<html xmlns="http://www.w3.org/1999/xhtml" xml:lang="en" lang="en">
 <head>
  <title>
</title>
<meta http-equiv="Content-Type" content="text/html;charset=utf-8" />
  <meta name='ocr-system' content='tesseract 3.04.00' />
  <meta name='ocr-capabilities' content='ocr_page ocr_carea ocr_par ocr_line ocrx_word'/>
</head>
<body>
  <div class='ocr_page' id='page_1' title='image "./corpusscriptorum08niebuoft/corpusscriptorum08niebuoft_0252.png"; bbox 0 0 1884 3132; ppageno 0'>
   <div class='ocr_carea' id='block_1_1' title="bbox 266 151 1456 228">
    <p class='ocr_par' dir='ltr' id='par_1_1' title="bbox 266 151 1456 228">
     <span class='ocr_line' id='line_1_1' title="bbox 266 151 1456 228; baseline 0.002 -12"><span class='ocrx_word' id='word_1_1' title='bbox 266 158 379 228; x_wconf 72' lang='lat'><strong>244</strong></span> <span class='ocrx_word' id='word_1_2' title='bbox 575 174 649 217; x_wconf 76' lang='grc' dir='ltr'><strong>ιο.</strong></span> <span class='ocrx_word' id='word_1_3' title='bbox 690 151 796 218; x_wconf 73' lang='lat' dir='ltr'><strong>iAc.</strong></span> <span class='ocrx_word' id='word_1_4' title='bbox 835 164 1033 217; x_wconf 68' lang='lat' dir='ltr'><strong>musra</strong></span> <span class='ocrx_word' id='word_1_5' title='bbox 1075 173 1456 218; x_wconf 70' lang='lat' dir='ltr'><strong>coMMmTAnn</strong></span> 
     </span>
    </p>
   </div>
   <div class='ocr_carea' id='block_1_2' title="bbox 251 276 1727 776">
    <p class='ocr_par' dir='ltr' id='par_1_2' title="bbox 264 276 1717 375">
     <span class='ocr_line' id='line_1_2' title="bbox 266 276 1717 332; baseline -0.001 -13"><span class='ocrx_word' id='word_1_6' title='bbox 266 280 456 319; x_wconf 87' lang='lat' dir='ltr'><strong>iubentur</strong></span> <span class='ocrx_word' id='word_1_7' title='bbox 483 279 618 330; x_wconf 80' lang='lat' dir='ltr'><strong>abiro,</strong></span> <span class='ocrx_word' id='word_1_8' title='bbox 647 285 687 318; x_wconf 88' lang='lat' dir='ltr'><strong>et</strong></span> <span class='ocrx_word' id='word_1_9' title='bbox 714 278 959 318; x_wconf 88' lang='lat' dir='ltr'><strong>clauduntur</strong></span> <span class='ocrx_word' id='word_1_10' title='bbox 985 277 1308 332; x_wconf 78' lang='lat' dir='ltr'><strong>expeditionibus</strong></span> <span class='ocrx_word' id='word_1_11' title='bbox 1334 291 1471 319; x_wconf 86' lang='lat' dir='ltr'><strong>rerum</strong></span> <span class='ocrx_word' id='word_1_12' title='bbox 1499 276 1717 319; x_wconf 71' lang='lat' dir='ltr'><strong>destinatae</strong></span> 
     </span>
     <span class='ocr_line' id='line_1_3' title="bbox 264 337 435 375; baseline -0.012 0"><span class='ocrx_word' id='word_1_13' title='bbox 264 337 435 375; x_wconf 82' lang='lat' dir='ltr'><strong>diaetae.</strong></span> 
     </span>
    </p>

    <p class='ocr_par' dir='ltr' id='par_1_3' title="bbox 377 384 1399 444">
     <span class='ocr_line' id='line_1_4' title="bbox 377 384 1399 444; baseline 0 -16"><span class='ocrx_word' id='word_1_14' title='bbox 377 391 423 429; x_wconf 88' lang='grc' dir='ltr'><strong>Β.</strong></span> <span class='ocrx_word' id='word_1_15' title='bbox 448 403 510 428; x_wconf 86' lang='lat'><strong>11.</strong></span> <span class='ocrx_word' id='word_1_16' title='bbox 530 388 648 444; x_wconf 85' lang='lat'><strong>[180,</strong></span> <span class='ocrx_word' id='word_1_17' title='bbox 667 389 754 443; x_wconf 84' lang='lat'><strong>14.]</strong></span> <span class='ocrx_word' id='word_1_18' title='bbox 776 386 1006 444; x_wconf 73' lang='grc' dir='ltr'><strong>ἧμικύκλῳ.</strong></span> <span class='ocrx_word' id='word_1_19' title='bbox 1062 390 1122 428; x_wconf 91' lang='grc' dir='ltr'><strong>Μ.</strong></span> <span class='ocrx_word' id='word_1_20' title='bbox 1155 384 1399 444; x_wconf 51' lang='grc' dir='ltr'><strong>ἧμικυκλιίιι).</strong></span> 
     </span>
    </p>

    <p class='ocr_par' dir='ltr' id='par_1_4' title="bbox 251 441 1727 776">
     <span class='ocr_line' id='line_1_5' title="bbox 379 441 1721 500; baseline -0.001 -17"><span class='ocrx_word' id='word_1_21' title='bbox 379 446 425 484; x_wconf 93' lang='lat' dir='ltr'><strong>C.</strong></span> <span class='ocrx_word' id='word_1_22' title='bbox 448 460 509 483; x_wconf 86' lang='grc' dir='ltr'><strong>ιο.</strong></span> <span class='ocrx_word' id='word_1_23' title='bbox 526 446 648 500; x_wconf 69' lang='grc'>[[81,</span> <span class='ocrx_word' id='word_1_24' title='bbox 664 445 723 499; x_wconf 70' lang='grc'><strong>1.]</strong></span> <span class='ocrx_word' id='word_1_25' title='bbox 757 441 1027 495; x_wconf 56' lang='lat' dir='ltr'><strong>&amp;maflare-ad.</strong></span> <span class='ocrx_word' id='word_1_26' title='bbox 1056 446 1120 485; x_wconf 89' lang='lat' dir='ltr'><strong>De</strong></span> <span class='ocrx_word' id='word_1_27' title='bbox 1149 445 1330 484; x_wconf 89' lang='lat' dir='ltr'><strong>vestibus</strong></span> <span class='ocrx_word' id='word_1_28' title='bbox 1349 443 1594 484; x_wconf 80' lang='lat' dir='ltr'><strong>Atrabaticis</strong></span> <span class='ocrx_word' id='word_1_29' title='bbox 1610 441 1721 497; x_wconf 86' lang='lat' dir='ltr'><strong>quod</strong></span> 
     </span>
     <span class='ocr_line' id='line_1_6' title="bbox 251 498 1721 554; baseline -0.001 -15"><span class='ocrx_word' id='word_1_30' title='bbox 251 501 400 540; x_wconf 77' lang='lat' dir='ltr'><strong>‘dicam</strong></span> <span class='ocrx_word' id='word_1_31' title='bbox 435 509 525 554; x_wconf 89' lang='lat' dir='ltr'><strong>post</strong></span> <span class='ocrx_word' id='word_1_32' title='bbox 565 502 631 539; x_wconf 90' lang='lat' dir='ltr'><strong>Du</strong></span> <span class='ocrx_word' id='word_1_33' title='bbox 670 501 868 553; x_wconf 82' lang='lat' dir='ltr'><strong>Cangium</strong></span> <span class='ocrx_word' id='word_1_34' title='bbox 912 502 953 538; x_wconf 92' lang='lat' dir='ltr'><strong>in</strong></span> <span class='ocrx_word' id='word_1_35' title='bbox 991 499 1122 540; x_wconf 89' lang='lat' dir='ltr'><strong>Gloss.</strong></span> <span class='ocrx_word' id='word_1_36' title='bbox 1165 501 1256 539; x_wconf 87' lang='lat' dir='ltr'><strong>Lat.</strong></span> <span class='ocrx_word' id='word_1_37' title='bbox 1287 500 1331 539; x_wconf 92' lang='lat' dir='ltr'><strong>h.</strong></span> <span class='ocrx_word' id='word_1_38' title='bbox 1359 515 1433 550; x_wconf 87' lang='lat' dir='ltr'><strong>v.,</strong></span> <span class='ocrx_word' id='word_1_39' title='bbox 1461 513 1544 538; x_wconf 90' lang='lat' dir='ltr'><strong>non</strong></span> <span class='ocrx_word' id='word_1_40' title='bbox 1572 498 1721 538; x_wconf 85' lang='lat' dir='ltr'><strong>habeo.</strong></span> 
     </span>
     <span class='ocr_line' id='line_1_7' title="bbox 269 554 1720 609; baseline -0.001 -14"><span class='ocrx_word' id='word_1_41' title='bbox 269 557 464 595; x_wconf 77' lang='lat' dir='ltr'><strong>‚Nondum</strong></span> <span class='ocrx_word' id='word_1_42' title='bbox 496 563 675 606; x_wconf 84' lang='lat' dir='ltr'><strong>constat,</strong></span> <span class='ocrx_word' id='word_1_43' title='bbox 704 557 818 595; x_wconf 89' lang='lat' dir='ltr'><strong>cuius</strong></span> <span class='ocrx_word' id='word_1_44' title='bbox 847 555 992 594; x_wconf 88' lang='lat' dir='ltr'><strong>coloris</strong></span> <span class='ocrx_word' id='word_1_45' title='bbox 1021 556 1171 595; x_wconf 89' lang='lat' dir='ltr'><strong>fuerint</strong></span> <span class='ocrx_word' id='word_1_46' title='bbox 1199 563 1238 594; x_wconf 90' lang='lat' dir='ltr'><strong>et</strong></span> <span class='ocrx_word' id='word_1_47' title='bbox 1266 555 1470 609; x_wconf 89' lang='lat' dir='ltr'><strong>quomodo</strong></span> <span class='ocrx_word' id='word_1_48' title='bbox 1500 554 1720 602; x_wconf 83' lang='lat' dir='ltr'><strong>formatae,</strong></span> 
     </span>
     <span class='ocr_line' id='line_1_8' title="bbox 268 610 1724 662; baseline -0.001 -11"><span class='ocrx_word' id='word_1_49' title='bbox 268 611 514 661; x_wconf 79' lang='lat' dir='ltr'><strong>villosaene,</strong></span> <span class='ocrx_word' id='word_1_50' title='bbox 545 625 597 650; x_wconf 89' lang='lat' dir='ltr'><strong>an</strong></span> <span class='ocrx_word' id='word_1_51' title='bbox 625 611 782 659; x_wconf 80' lang='lat' dir='ltr'><strong>laeves,</strong></span> <span class='ocrx_word' id='word_1_52' title='bbox 813 625 993 662; x_wconf 83' lang='lat' dir='ltr'>crassae,</span> <span class='ocrx_word' id='word_1_53' title='bbox 1023 625 1077 650; x_wconf 86' lang='lat' dir='ltr'><strong>an</strong></span> <span class='ocrx_word' id='word_1_54' title='bbox 1118 619 1284 661; x_wconf 87' lang='lat' dir='ltr'><strong>tenues,</strong></span> <span class='ocrx_word' id='word_1_55' title='bbox 1325 610 1471 650; x_wconf 87' lang='lat' dir='ltr'><strong>lanane</strong></span> <span class='ocrx_word' id='word_1_56' title='bbox 1513 624 1566 650; x_wconf 90' lang='lat' dir='ltr'><strong>an</strong></span> <span class='ocrx_word' id='word_1_57' title='bbox 1593 617 1724 650; x_wconf 85' lang='lat' dir='ltr'><strong>cotto-</strong></span> 
     </span>
     <span class='ocr_line' id='line_1_9' title="bbox 269 665 1726 707; baseline -0.001 -1"><span class='ocrx_word' id='word_1_58' title='bbox 269 682 346 706; x_wconf 92' lang='lat' dir='ltr'><strong>neo</strong></span> <span class='ocrx_word' id='word_1_59' title='bbox 384 667 451 707; x_wconf 84' lang='lat' dir='ltr'><strong>vel</strong></span> <span class='ocrx_word' id='word_1_60' title='bbox 489 668 628 706; x_wconf 85' lang='lat' dir='ltr'><strong>scrico.</strong></span> <span class='ocrx_word' id='word_1_61' title='bbox 688 667 890 706; x_wconf 82' lang='lat' dir='ltr'>Videntur</span> <span class='ocrx_word' id='word_1_62' title='bbox 923 674 1059 705; x_wconf 87' lang='lat' dir='ltr'><strong>tamen</strong></span> <span class='ocrx_word' id='word_1_63' title='bbox 1101 667 1179 706; x_wconf 85' lang='lat' dir='ltr'><strong>atri</strong></span> <span class='ocrx_word' id='word_1_64' title='bbox 1215 674 1285 705; x_wconf 87' lang='lat' dir='ltr'><strong>aut</strong></span> <span class='ocrx_word' id='word_1_65' title='bbox 1311 666 1551 706; x_wconf 83' lang='lat' dir='ltr'>subobscuri</span> <span class='ocrx_word' id='word_1_66' title='bbox 1577 665 1726 705; x_wconf 85' lang='lat' dir='ltr'><strong>coloris</strong></span> 
     </span>
     <span class='ocr_line' id='line_1_10' title="bbox 269 720 1727 776; baseline -0.001 -15"><span class='ocrx_word' id='word_1_67' title='bbox 269 723 414 772; x_wconf 81' lang='lat' dir='ltr'><strong>fuisse,</strong></span> <span class='ocrx_word' id='word_1_68' title='bbox 443 724 538 776; x_wconf 89' lang='lat' dir='ltr'><strong>quia</strong></span> <span class='ocrx_word' id='word_1_69' title='bbox 569 722 806 776; x_wconf 85' lang='lat' dir='ltr'><strong>plerumque</strong></span> <span class='ocrx_word' id='word_1_70' title='bbox 835 724 878 761; x_wconf 88' lang='lat' dir='ltr'><strong>in</strong></span> <span class='ocrx_word' id='word_1_71' title='bbox 906 721 1016 761; x_wconf 91' lang='lat' dir='ltr'><strong>luctu</strong></span> <span class='ocrx_word' id='word_1_72' title='bbox 1046 722 1230 762; x_wconf 85' lang='lat' dir='ltr'>adhiberi</span> <span class='ocrx_word' id='word_1_73' title='bbox 1256 720 1454 761; x_wconf 88' lang='lat' dir='ltr'><strong>solebant.</strong></span> <span class='ocrx_word' id='word_1_74' title='bbox 1496 722 1621 761; x_wconf 83' lang='lat' dir='ltr'><strong>Forte</strong></span> <span class='ocrx_word' id='word_1_75' title='bbox 1649 721 1727 775; x_wconf 81' lang='lat' dir='ltr'><strong>igi-</strong></span> 
     </span>
    </p>
   </div>
   <div class='ocr_carea' id='block_1_3' title="bbox 269 776 1796 817">
    <p class='ocr_par' dir='ltr' id='par_1_5' title="bbox 269 776 1796 817">
     <span class='ocr_line' id='line_1_11' title="bbox 269 776 1796 817; baseline 0 -1"><span class='ocrx_word' id='word_1_76' title='bbox 269 785 339 816; x_wconf 88' lang='lat' dir='ltr'><strong>tur</strong></span> <span class='ocrx_word' id='word_1_77' title='bbox 378 778 430 816; x_wconf 90' lang='lat' dir='ltr'><strong>ab</strong></span> <span class='ocrx_word' id='word_1_78' title='bbox 471 785 560 816; x_wconf 91' lang='lat' dir='ltr'><strong>atro</strong></span> <span class='ocrx_word' id='word_1_79' title='bbox 603 778 738 817; x_wconf 91' lang='lat' dir='ltr'><strong>colore</strong></span> <span class='ocrx_word' id='word_1_80' title='bbox 765 779 821 816; x_wconf 88' lang='lat' dir='ltr'><strong>sic</strong></span> <span class='ocrx_word' id='word_1_81' title='bbox 863 784 959 817; x_wconf 88' lang='lat' dir='ltr'><strong>sunt</strong></span> <span class='ocrx_word' id='word_1_82' title='bbox 986 777 1132 816; x_wconf 87' lang='lat' dir='ltr'><strong>dictae.</strong></span> <span class='ocrx_word' id='word_1_83' title='bbox 1189 777 1269 817; x_wconf 89' lang='lat' dir='ltr'><strong>Sed</strong></span> <span class='ocrx_word' id='word_1_84' title='bbox 1295 777 1482 816; x_wconf 88' lang='lat' dir='ltr'><strong>derivant</strong></span> <span class='ocrx_word' id='word_1_85' title='bbox 1508 778 1587 817; x_wconf 88' lang='lat' dir='ltr'><strong>viri</strong></span> <span class='ocrx_word' id='word_1_86' title='bbox 1615 776 1725 816; x_wconf 84' lang='lat' dir='ltr'><strong>docti</strong></span> <span class='ocrx_word' id='word_1_87' title='bbox 1793 809 1796 811; x_wconf 89' lang='lat'>.</span> 
     </span>
    </p>
   </div>
   <div class='ocr_carea' id='block_1_4' title="bbox 270 833 1776 2371">
    <p class='ocr_par' dir='ltr' id='par_1_6' title="bbox 271 833 1728 888">
     <span class='ocr_line' id='line_1_12' title="bbox 271 833 1728 888; baseline 0 -16"><span class='ocrx_word' id='word_1_88' title='bbox 271 833 325 872; x_wconf 89' lang='lat' dir='ltr'><strong>ab</strong></span> <span class='ocrx_word' id='word_1_89' title='bbox 354 833 616 873; x_wconf 82' lang='lat' dir='ltr'><strong>Atrebatibus</strong></span> <span class='ocrx_word' id='word_1_90' title='bbox 633 863 644 883; x_wconf 93' lang='lat'><strong>,</strong></span> <span class='ocrx_word' id='word_1_91' title='bbox 675 834 744 871; x_wconf 90' lang='lat' dir='ltr'><strong>ubi</strong></span> <span class='ocrx_word' id='word_1_92' title='bbox 773 833 1015 872; x_wconf 84' lang='lat' dir='ltr'><strong>fabrefactae</strong></span> <span class='ocrx_word' id='word_1_93' title='bbox 1045 833 1209 872; x_wconf 89' lang='lat' dir='ltr'><strong>fuerint.</strong></span> <span class='ocrx_word' id='word_1_94' title='bbox 1255 833 1298 872; x_wconf 86' lang='lat' dir='ltr'><strong>Si</strong></span> <span class='ocrx_word' id='word_1_95' title='bbox 1324 833 1453 886; x_wconf 90' lang='lat' dir='ltr'><strong>proba</strong></span> <span class='ocrx_word' id='word_1_96' title='bbox 1482 839 1541 872; x_wconf 89' lang='lat' dir='ltr'><strong>est</strong></span> <span class='ocrx_word' id='word_1_97' title='bbox 1568 839 1728 888; x_wconf 80' lang='lat' dir='ltr'><strong>etymo·</strong></span> 
     </span>
    </p>

    <p class='ocr_par' dir='ltr' id='par_1_7' title="bbox 271 888 1724 943">
     <span class='ocr_line' id='line_1_13' title="bbox 271 888 1724 943; baseline 0 -16"><span class='ocrx_word' id='word_1_98' title='bbox 271 888 378 942; x_wconf 80' lang='lat' dir='ltr'><strong>logia</strong></span> <span class='ocrx_word' id='word_1_99' title='bbox 394 889 568 928; x_wconf 87' lang='lat' dir='ltr'><strong>Frischii</strong></span> <span class='ocrx_word' id='word_1_100' title='bbox 597 890 639 927; x_wconf 88' lang='lat' dir='ltr'><strong>in</strong></span> <span class='ocrx_word' id='word_1_101' title='bbox 659 889 803 927; x_wconf 83' lang='lat' dir='ltr'><strong>Lexico</strong></span> <span class='ocrx_word' id='word_1_102' title='bbox 832 889 1091 938; x_wconf 89' lang='lat' dir='ltr'><strong>Germanico,</strong></span> <span class='ocrx_word' id='word_1_103' title='bbox 1112 889 1256 940; x_wconf 76' lang='lat' dir='ltr'><strong>Rasch,</strong></span> <span class='ocrx_word' id='word_1_104' title='bbox 1286 895 1428 927; x_wconf 87' lang='lat' dir='ltr'><strong>notum</strong></span> <span class='ocrx_word' id='word_1_105' title='bbox 1456 902 1581 942; x_wconf 87' lang='lat' dir='ltr'><strong>genus</strong></span> <span class='ocrx_word' id='word_1_106' title='bbox 1599 889 1724 943; x_wconf 71' lang='lat' dir='ltr'><strong>pann⁷</strong></span> 
     </span>
    </p>

    <p class='ocr_par' dir='ltr' id='par_1_8' title="bbox 270 943 1728 998">
     <span class='ocr_line' id='line_1_14' title="bbox 270 943 1728 998; baseline 0 -15"><span class='ocrx_word' id='word_1_107' title='bbox 270 943 377 983; x_wconf 87' lang='lat' dir='ltr'><strong>lanei</strong></span> <span class='ocrx_word' id='word_1_108' title='bbox 405 945 514 998; x_wconf 89' lang='lat' dir='ltr'><strong>apud</strong></span> <span class='ocrx_word' id='word_1_109' title='bbox 542 959 615 983; x_wconf 93' lang='lat' dir='ltr'><strong>nos</strong></span> <span class='ocrx_word' id='word_1_110' title='bbox 631 974 642 994; x_wconf 96' lang='lat'><strong>,</strong></span> <span class='ocrx_word' id='word_1_111' title='bbox 669 944 721 983; x_wconf 88' lang='lat' dir='ltr'><strong>ab</strong></span> <span class='ocrx_word' id='word_1_112' title='bbox 750 944 903 991; x_wconf 75' lang='lat' dir='ltr'><strong>Art-as,</strong></span> <span class='ocrx_word' id='word_1_113' title='bbox 929 944 1031 982; x_wconf 88' lang='lat' dir='ltr'><strong>urbe</strong></span> <span class='ocrx_word' id='word_1_114' title='bbox 1070 943 1230 997; x_wconf 83' lang='lat' dir='ltr'><strong>Belgica</strong></span> <span class='ocrx_word' id='word_1_115' title='bbox 1247 973 1259 994; x_wconf 95' lang='lat'><strong>,</strong></span> <span class='ocrx_word' id='word_1_116' title='bbox 1300 943 1519 983; x_wconf 87' lang='lat' dir='ltr'><strong>dcrivantis</strong></span> <span class='ocrx_word' id='word_1_117' title='bbox 1557 943 1601 983; x_wconf 87' lang='lat' dir='ltr'><strong>in</strong></span> <span class='ocrx_word' id='word_1_118' title='bbox 1625 957 1728 984; x_wconf 85' lang='lat' dir='ltr'><strong>voce</strong></span> 
     </span>
    </p>

    <p class='ocr_par' dir='ltr' id='par_1_9' title="bbox 270 999 1728 1053">
     <span class='ocr_line' id='line_1_15' title="bbox 270 999 1728 1053; baseline 0 -14"><span class='ocrx_word' id='word_1_119' title='bbox 270 999 465 1051; x_wconf 66' lang='lat' dir='ltr'><strong>Ars-asela,</strong></span> <span class='ocrx_word' id='word_1_120' title='bbox 495 1007 651 1039; x_wconf 90' lang='lat' dir='ltr'><strong>constat</strong></span> <span class='ocrx_word' id='word_1_121' title='bbox 677 1002 775 1050; x_wconf 89' lang='lat' dir='ltr'><strong>iam,</strong></span> <span class='ocrx_word' id='word_1_122' title='bbox 804 1000 902 1053; x_wconf 89' lang='lat' dir='ltr'><strong>quid</strong></span> <span class='ocrx_word' id='word_1_123' title='bbox 920 999 1071 1038; x_wconf 87' lang='lat' dir='ltr'><strong>fuerint</strong></span> <span class='ocrx_word' id='word_1_124' title='bbox 1091 999 1350 1039; x_wconf 84' lang='lat' dir='ltr'><strong>Atrabaticae</strong></span> <span class='ocrx_word' id='word_1_125' title='bbox 1369 1006 1514 1039; x_wconf 81' lang='lat' dir='ltr'><strong>vestes.</strong></span> <span class='ocrx_word' id='word_1_126' title='bbox 1569 999 1728 1040; x_wconf 85' lang='lat' dir='ltr'><strong>Verum</strong></span> 
     </span>
    </p>

    <p class='ocr_par' dir='ltr' id='par_1_10' title="bbox 271 1054 1753 1164">
     <span class='ocr_line' id='line_1_16' title="bbox 271 1054 1753 1109; baseline 0.001 -16"><span class='ocrx_word' id='word_1_127' title='bbox 271 1057 439 1109; x_wconf 85' lang='lat' dir='ltr'><strong>propius</strong></span> <span class='ocrx_word' id='word_1_128' title='bbox 470 1070 493 1094; x_wconf 93' lang='lat' dir='ltr'><strong>a</strong></span> <span class='ocrx_word' id='word_1_129' title='bbox 523 1070 621 1095; x_wconf 91' lang='lat' dir='ltr'><strong>vcro</strong></span> <span class='ocrx_word' id='word_1_130' title='bbox 648 1055 810 1095; x_wconf 89' lang='lat' dir='ltr'><strong>videtur</strong></span> <span class='ocrx_word' id='word_1_131' title='bbox 837 1055 975 1094; x_wconf 87' lang='lat' dir='ltr'><strong>abesse</strong></span> <span class='ocrx_word' id='word_1_132' title='bbox 1009 1054 1135 1094; x_wconf 87' lang='lat' dir='ltr'><strong>altera</strong></span> <span class='ocrx_word' id='word_1_133' title='bbox 1167 1055 1346 1094; x_wconf 83' lang='lat' dir='ltr'><strong>eiusdem</strong></span> <span class='ocrx_word' id='word_1_134' title='bbox 1373 1055 1484 1095; x_wconf 87' lang='lat' dir='ltr'><strong>vocis</strong></span> <span class='ocrx_word' id='word_1_135' title='bbox 1510 1054 1726 1107; x_wconf 86' lang='lat' dir='ltr'><strong>derivatio,</strong></span> <span class='ocrx_word' id='word_1_136' title='bbox 1749 1104 1753 1107; x_wconf 20' lang='grc' dir='ltr'><strong><em>Δ</em></strong></span> 
     </span>
     <span class='ocr_line' id='line_1_17' title="bbox 274 1110 1729 1164; baseline 0.001 -15"><span class='ocrx_word' id='word_1_137' title='bbox 274 1111 328 1150; x_wconf 89' lang='lat' dir='ltr'><strong>ab</strong></span> <span class='ocrx_word' id='word_1_138' title='bbox 354 1113 440 1163; x_wconf 86' lang='lat' dir='ltr'><strong>ipso</strong></span> <span class='ocrx_word' id='word_1_139' title='bbox 483 1113 526 1149; x_wconf 90' lang='lat' dir='ltr'><strong>in</strong></span> <span class='ocrx_word' id='word_1_140' title='bbox 565 1125 608 1150; x_wconf 90' lang='lat' dir='ltr'><strong>v.</strong></span> <span class='ocrx_word' id='word_1_141' title='bbox 641 1111 768 1151; x_wconf 67' lang='lat' dir='ltr'><strong>Rasclz</strong></span> <span class='ocrx_word' id='word_1_142' title='bbox 795 1112 997 1164; x_wconf 89' lang='lat' dir='ltr'><strong>proposita</strong></span> <span class='ocrx_word' id='word_1_143' title='bbox 1013 1139 1025 1161; x_wconf 93' lang='lat'><strong>,</strong></span> <span class='ocrx_word' id='word_1_144' title='bbox 1071 1124 1094 1148; x_wconf 90' lang='lat' dir='ltr'><strong>a</strong></span> <span class='ocrx_word' id='word_1_145' title='bbox 1123 1125 1269 1149; x_wconf 76' lang='lat' dir='ltr'><strong>rasum.</strong></span> <span class='ocrx_word' id='word_1_146' title='bbox 1328 1110 1371 1150; x_wconf 85' lang='lat' dir='ltr'><strong>Si</strong></span> <span class='ocrx_word' id='word_1_147' title='bbox 1388 1110 1646 1149; x_wconf 87' lang='lat' dir='ltr'><strong>Atrabaticae</strong></span> <span class='ocrx_word' id='word_1_148' title='bbox 1674 1111 1729 1150; x_wconf 84' lang='lat' dir='ltr'><strong>ab</strong></span> 
     </span>
    </p>

    <p class='ocr_par' dir='ltr' id='par_1_11' title="bbox 274 1165 1729 1219">
     <span class='ocr_line' id='line_1_18' title="bbox 274 1165 1729 1219; baseline 0.001 -14"><span class='ocrx_word' id='word_1_149' title='bbox 274 1165 542 1205; x_wconf 87' lang='lat' dir='ltr'><strong>Atrebatibus</strong></span> <span class='ocrx_word' id='word_1_150' title='bbox 580 1166 844 1219; x_wconf 80' lang='lat' dir='ltr'><strong>repetendae,</strong></span> <span class='ocrx_word' id='word_1_151' title='bbox 889 1174 930 1205; x_wconf 90' lang='lat' dir='ltr'><strong>et</strong></span> <span class='ocrx_word' id='word_1_152' title='bbox 967 1165 1132 1204; x_wconf 87' lang='lat' dir='ltr'><strong>eaedem</strong></span> <span class='ocrx_word' id='word_1_153' title='bbox 1170 1173 1265 1204; x_wconf 88' lang='lat' dir='ltr'><strong>sunt</strong></span> <span class='ocrx_word' id='word_1_154' title='bbox 1294 1179 1388 1205; x_wconf 90' lang='lat' dir='ltr'><strong>cum</strong></span> <span class='ocrx_word' id='word_1_155' title='bbox 1433 1165 1613 1206; x_wconf 88' lang='lat' dir='ltr'><strong>vestibus</strong></span> <span class='ocrx_word' id='word_1_156' title='bbox 1662 1165 1729 1206; x_wconf 85' lang='lat' dir='ltr'><strong>vel</strong></span> 
     </span>
    </p>

    <p class='ocr_par' dir='ltr' id='par_1_12' title="bbox 274 1220 1732 1329">
     <span class='ocr_line' id='line_1_19' title="bbox 274 1220 1732 1276; baseline 0.002 -17"><span class='ocrx_word' id='word_1_157' title='bbox 274 1222 418 1275; x_wconf 90' lang='lat' dir='ltr'><strong>pannis</strong></span> <span class='ocrx_word' id='word_1_158' title='bbox 452 1221 638 1272; x_wconf 81' lang='lat' dir='ltr'><strong>Arazzo,</strong></span> <span class='ocrx_word' id='word_1_159' title='bbox 675 1222 736 1272; x_wconf 88' lang='lat' dir='ltr'><strong>(de</strong></span> <span class='ocrx_word' id='word_1_160' title='bbox 764 1221 912 1274; x_wconf 92' lang='lat' dir='ltr'><strong>quibus</strong></span> <span class='ocrx_word' id='word_1_161' title='bbox 940 1236 984 1261; x_wconf 88' lang='lat' dir='ltr'><strong>v.</strong></span> <span class='ocrx_word' id='word_1_162' title='bbox 1012 1222 1081 1260; x_wconf 94' lang='lat' dir='ltr'><strong>Du</strong></span> <span class='ocrx_word' id='word_1_163' title='bbox 1115 1221 1251 1274; x_wconf 86' lang='lat' dir='ltr'><strong>Gange</strong></span> <span class='ocrx_word' id='word_1_164' title='bbox 1277 1220 1320 1259; x_wconf 91' lang='lat' dir='ltr'><strong>h.</strong></span> <span class='ocrx_word' id='word_1_165' title='bbox 1350 1222 1428 1272; x_wconf 87' lang='lat' dir='ltr'><strong>v.,)</strong></span> <span class='ocrx_word' id='word_1_166' title='bbox 1458 1228 1552 1260; x_wconf 89' lang='lat' dir='ltr'><strong>sunt</strong></span> <span class='ocrx_word' id='word_1_167' title='bbox 1568 1235 1732 1276; x_wconf 83' lang='lat' dir='ltr'><strong>quoque</strong></span> 
     </span>
     <span class='ocr_line' id='line_1_20' title="bbox 276 1276 1725 1329; baseline 0.001 -14"><span class='ocrx_word' id='word_1_168' title='bbox 276 1277 440 1316; x_wconf 87' lang='lat' dir='ltr'><strong>eaedem</strong></span> <span class='ocrx_word' id='word_1_169' title='bbox 469 1291 563 1315; x_wconf 89' lang='lat' dir='ltr'><strong>cum</strong></span> <span class='ocrx_word' id='word_1_170' title='bbox 598 1278 776 1316; x_wconf 82' lang='lat' dir='ltr'><strong>vestibus</strong></span> <span class='ocrx_word' id='word_1_171' title='bbox 802 1277 944 1326; x_wconf 76' lang='lat' dir='ltr'><strong>Arest,</strong></span> <span class='ocrx_word' id='word_1_172' title='bbox 991 1276 1042 1315; x_wconf 92' lang='lat' dir='ltr'><strong>de</strong></span> <span class='ocrx_word' id='word_1_173' title='bbox 1074 1276 1222 1329; x_wconf 89' lang='lat' dir='ltr'><strong>quibus</strong></span> <span class='ocrx_word' id='word_1_174' title='bbox 1258 1276 1366 1315; x_wconf 83' lang='lat' dir='ltr'><strong>idem</strong></span> <span class='ocrx_word' id='word_1_175' title='bbox 1397 1277 1467 1316; x_wconf 92' lang='lat' dir='ltr'><strong>Du</strong></span> <span class='ocrx_word' id='word_1_176' title='bbox 1502 1277 1639 1329; x_wconf 85' lang='lat' dir='ltr'><strong>Gange</strong></span> <span class='ocrx_word' id='word_1_177' title='bbox 1681 1277 1725 1316; x_wconf 90' lang='lat' dir='ltr'><strong>h.</strong></span> 
     </span>
    </p>

    <p class='ocr_par' dir='ltr' id='par_1_13' title="bbox 270 1331 1735 1443">
     <span class='ocr_line' id='line_1_21' title="bbox 275 1331 1735 1385; baseline 0 -13"><span class='ocrx_word' id='word_1_178' title='bbox 275 1346 318 1372; x_wconf 90' lang='lat' dir='ltr'><strong>v.</strong></span> <span class='ocrx_word' id='word_1_179' title='bbox 358 1333 464 1370; x_wconf 89' lang='lat' dir='ltr'><strong>inter</strong></span> <span class='ocrx_word' id='word_1_180' title='bbox 489 1332 567 1370; x_wconf 89' lang='lat' dir='ltr'><strong>alia</strong></span> <span class='ocrx_word' id='word_1_181' title='bbox 605 1332 714 1371; x_wconf 87' lang='lat' dir='ltr'><strong>hunc</strong></span> <span class='ocrx_word' id='word_1_182' title='bbox 748 1333 884 1372; x_wconf 90' lang='lat' dir='ltr'><strong>locum</strong></span> <span class='ocrx_word' id='word_1_183' title='bbox 912 1331 1034 1371; x_wconf 85' lang='lat' dir='ltr'><strong>habet</strong></span> <span class='ocrx_word' id='word_1_184' title='bbox 1071 1347 1118 1371; x_wconf 85' lang='lat' dir='ltr'><strong>cx</strong></span> <span class='ocrx_word' id='word_1_185' title='bbox 1150 1332 1276 1371; x_wconf 85' lang='lat' dir='ltr'><strong>veteri</strong></span> <span class='ocrx_word' id='word_1_186' title='bbox 1306 1331 1440 1372; x_wconf 83' lang='lat' dir='ltr'><strong>libro:</strong></span> <span class='ocrx_word' id='word_1_187' title='bbox 1479 1332 1522 1370; x_wconf 91' lang='lat' dir='ltr'><em>T</em></span> <span class='ocrx_word' id='word_1_188' title='bbox 1514 1346 1576 1370; x_wconf 75' lang='lat' dir='ltr'><strong>res</strong></span> <span class='ocrx_word' id='word_1_189' title='bbox 1594 1333 1735 1385; x_wconf 78' lang='lat' dir='ltr'><strong>magni</strong></span> 
     </span>
     <span class='ocr_line' id='line_1_22' title="bbox 270 1387 1731 1443; baseline 0.001 -17"><span class='ocrx_word' id='word_1_190' title='bbox 270 1388 405 1442; x_wconf 83' lang='lat' dir='ltr'><strong>panni</strong></span> <span class='ocrx_word' id='word_1_191' title='bbox 427 1387 596 1442; x_wconf 82' lang='lat' dir='ltr'><strong>penduli</strong></span> <span class='ocrx_word' id='word_1_192' title='bbox 615 1387 673 1441; x_wconf 91' lang='lat' dir='ltr'><strong>[id</strong></span> <span class='ocrx_word' id='word_1_193' title='bbox 698 1395 756 1428; x_wconf 86' lang='lat' dir='ltr'><strong>est</strong></span> <span class='ocrx_word' id='word_1_194' title='bbox 785 1387 892 1442; x_wconf 87' lang='lat' dir='ltr'><strong>vela]</strong></span> <span class='ocrx_word' id='word_1_195' title='bbox 928 1389 1078 1428; x_wconf 71' lang='lat' dir='ltr'><strong>consuti</strong></span> <span class='ocrx_word' id='word_1_196' title='bbox 1089 1417 1102 1440; x_wconf 96' lang='lat'><strong>,</strong></span> <span class='ocrx_word' id='word_1_197' title='bbox 1132 1388 1175 1427; x_wconf 79' lang='lat' dir='ltr'><strong>in</strong></span> <span class='ocrx_word' id='word_1_198' title='bbox 1204 1401 1371 1443; x_wconf 80' lang='lat' dir='ltr'><strong>quorum</strong></span> <span class='ocrx_word' id='word_1_199' title='bbox 1407 1387 1579 1443; x_wconf 82' lang='lat' dir='ltr'><strong>quolibet</strong></span> <span class='ocrx_word' id='word_1_200' title='bbox 1604 1389 1731 1428; x_wconf 66' lang='lat' dir='ltr'><strong>conet-</strong></span> 
     </span>
    </p>

    <p class='ocr_par' dir='ltr' id='par_1_14' title="bbox 276 1443 890 1497">
     <span class='ocr_line' id='line_1_23' title="bbox 276 1443 890 1497; baseline 0.002 -15"><span class='ocrx_word' id='word_1_201' title='bbox 276 1452 421 1483; x_wconf 80' lang='lat' dir='ltr'><strong>nentur</strong></span> <span class='ocrx_word' id='word_1_202' title='bbox 439 1457 513 1481; x_wconf 73' lang='lat' dir='ltr'><strong>sex</strong></span> <span class='ocrx_word' id='word_1_203' title='bbox 531 1445 667 1497; x_wconf 82' lang='lat' dir='ltr'><strong>panni</strong></span> <span class='ocrx_word' id='word_1_204' title='bbox 683 1444 734 1482; x_wconf 84' lang='lat' dir='ltr'><strong>de</strong></span> <span class='ocrx_word' id='word_1_205' title='bbox 757 1443 890 1483; x_wconf 78' lang='lat' dir='ltr'><strong>Arest.</strong></span> 
     </span>
    </p>

    <p class='ocr_par' dir='ltr' id='par_1_15' title="bbox 279 1496 1733 1663">
     <span class='ocr_line' id='line_1_24' title="bbox 392 1496 1733 1553; baseline 0.001 -17"><span class='ocrx_word' id='word_1_206' title='bbox 392 1497 442 1536; x_wconf 89' lang='lat' dir='ltr'><strong>C.</strong></span> <span class='ocrx_word' id='word_1_207' title='bbox 479 1511 542 1536; x_wconf 87' lang='lat'><strong>12.</strong></span> <span class='ocrx_word' id='word_1_208' title='bbox 583 1498 698 1552; x_wconf 81' lang='lat'><strong>[181,</strong></span> <span class='ocrx_word' id='word_1_209' title='bbox 723 1498 786 1553; x_wconf 81' lang='lat'><strong>5.]</strong></span> <span class='ocrx_word' id='word_1_210' title='bbox 830 1498 1068 1551; x_wconf 76' lang='grc' dir='ltr'><strong>λεοντάρια.</strong></span> <span class='ocrx_word' id='word_1_211' title='bbox 1124 1496 1174 1537; x_wconf 89' lang='lat' dir='ltr'><strong>Id</strong></span> <span class='ocrx_word' id='word_1_212' title='bbox 1205 1505 1264 1536; x_wconf 89' lang='lat' dir='ltr'><strong>est</strong></span> <span class='ocrx_word' id='word_1_213' title='bbox 1292 1504 1423 1537; x_wconf 85' lang='lat' dir='ltr'><strong>vestes</strong></span> <span class='ocrx_word' id='word_1_214' title='bbox 1452 1511 1547 1536; x_wconf 89' lang='lat' dir='ltr'><strong>cum</strong></span> <span class='ocrx_word' id='word_1_215' title='bbox 1573 1497 1733 1538; x_wconf 84' lang='lat' dir='ltr'><strong>intextis</strong></span> 
     </span>
     <span class='ocr_line' id='line_1_25' title="bbox 279 1552 1733 1606; baseline 0.002 -15"><span class='ocrx_word' id='word_1_216' title='bbox 279 1552 445 1591; x_wconf 90' lang='lat' dir='ltr'><strong>leonum</strong></span> <span class='ocrx_word' id='word_1_217' title='bbox 483 1553 647 1606; x_wconf 78' lang='lat' dir='ltr'><strong>figuris,</strong></span> <span class='ocrx_word' id='word_1_218' title='bbox 688 1562 735 1593; x_wconf 86' lang='lat' dir='ltr'><strong>ut</strong></span> <span class='ocrx_word' id='word_1_219' title='bbox 773 1554 1057 1600; x_wconf 82' lang='grc' dir='ltr'><strong><em>λευκολέοντες</em></strong></span> <span class='ocrx_word' id='word_1_220' title='bbox 1092 1554 1134 1593; x_wconf 90' lang='lat' dir='ltr'><strong>in</strong></span> <span class='ocrx_word' id='word_1_221' title='bbox 1169 1554 1300 1606; x_wconf 86' lang='lat' dir='ltr'><strong>specie</strong></span> <span class='ocrx_word' id='word_1_222' title='bbox 1334 1559 1450 1593; x_wconf 87' lang='lat' dir='ltr'><strong>erant</strong></span> <span class='ocrx_word' id='word_1_223' title='bbox 1482 1559 1612 1594; x_wconf 84' lang='lat' dir='ltr'><strong>vestes</strong></span> <span class='ocrx_word' id='word_1_224' title='bbox 1638 1567 1733 1594; x_wconf 86' lang='lat' dir='ltr'><strong>cum</strong></span> 
     </span>
     <span class='ocr_line' id='line_1_26' title="bbox 279 1607 1345 1663; baseline -0.001 -15"><span class='ocrx_word' id='word_1_225' title='bbox 279 1610 442 1648; x_wconf 87' lang='lat' dir='ltr'><strong>intextis</strong></span> <span class='ocrx_word' id='word_1_226' title='bbox 467 1607 716 1650; x_wconf 87' lang='lat' dir='ltr'><strong>leonibusin</strong></span> <span class='ocrx_word' id='word_1_227' title='bbox 745 1609 871 1648; x_wconf 89' lang='lat' dir='ltr'><strong>fundo</strong></span> <span class='ocrx_word' id='word_1_228' title='bbox 898 1609 963 1649; x_wconf 88' lang='lat' dir='ltr'><strong>vel</strong></span> <span class='ocrx_word' id='word_1_229' title='bbox 984 1623 1128 1663; x_wconf 89' lang='lat' dir='ltr'><strong>campo</strong></span> <span class='ocrx_word' id='word_1_230' title='bbox 1156 1609 1345 1648; x_wconf 87' lang='lat' dir='ltr'><strong>candido.</strong></span> 
     </span>
    </p>

    <p class='ocr_par' dir='ltr' id='par_1_16' title="bbox 282 1660 1776 1994">
     <span class='ocr_line' id='line_1_27' title="bbox 391 1660 1735 1718; baseline 0.001 -16"><span class='ocrx_word' id='word_1_231' title='bbox 391 1665 446 1702; x_wconf 90' lang='lat' dir='ltr'><strong>D.</strong></span> <span class='ocrx_word' id='word_1_232' title='bbox 478 1678 511 1702; x_wconf 87' lang='lat'><strong>1.</strong></span> <span class='ocrx_word' id='word_1_233' title='bbox 531 1663 719 1718; x_wconf 87' lang='lat'><strong>[181,4.]</strong></span> <span class='ocrx_word' id='word_1_234' title='bbox 747 1663 955 1716; x_wconf 71' lang='grc' dir='ltr'><em>ὸίβητίσιν</em></span> <span class='ocrx_word' id='word_1_235' title='bbox 982 1664 1028 1703; x_wconf 84' lang='grc' dir='ltr'><strong>τὸ</strong></span> <span class='ocrx_word' id='word_1_236' title='bbox 1059 1660 1258 1716; x_wconf 79' lang='grc' dir='ltr'><strong>παγανὸν.</strong></span> <span class='ocrx_word' id='word_1_237' title='bbox 1313 1663 1574 1715; x_wconf 88' lang='lat' dir='ltr'><strong>Dibitisium,</strong></span> <span class='ocrx_word' id='word_1_238' title='bbox 1606 1677 1735 1718; x_wconf 87' lang='lat' dir='ltr'><strong>genus</strong></span> 
     </span>
     <span class='ocr_line' id='line_1_28' title="bbox 282 1718 1776 1773; baseline 0.001 -16"><span class='ocrx_word' id='word_1_239' title='bbox 282 1718 623 1773; x_wconf 84' lang='lat' dir='ltr'><strong>superhumeralis</strong></span> <span class='ocrx_word' id='word_1_240' title='bbox 653 1734 737 1759; x_wconf 87' lang='lat' dir='ltr'><strong>uon</strong></span> <span class='ocrx_word' id='word_1_241' title='bbox 762 1719 882 1759; x_wconf 86' lang='lat' dir='ltr'><strong>valde</strong></span> <span class='ocrx_word' id='word_1_242' title='bbox 908 1719 1066 1773; x_wconf 86' lang='lat' dir='ltr'><strong>prolixi,</strong></span> <span class='ocrx_word' id='word_1_243' title='bbox 1098 1733 1317 1773; x_wconf 84' lang='lat' dir='ltr'><strong>paganum,</strong></span> <span class='ocrx_word' id='word_1_244' title='bbox 1351 1719 1429 1758; x_wconf 91' lang='lat' dir='ltr'><strong>hoc</strong></span> <span class='ocrx_word' id='word_1_245' title='bbox 1467 1726 1526 1758; x_wconf 90' lang='lat' dir='ltr'><strong>est</strong></span> <span class='ocrx_word' id='word_1_246' title='bbox 1554 1733 1656 1758; x_wconf 86' lang='lat' dir='ltr'><strong>auro</strong></span> <span class='ocrx_word' id='word_1_247' title='bbox 1691 1725 1734 1758; x_wconf 85' lang='lat' dir='ltr'><strong>et</strong></span> <span class='ocrx_word' id='word_1_248' title='bbox 1774 1756 1776 1758; x_wconf 74' lang='grc'><strong>,</strong></span> 
     </span>
     <span class='ocr_line' id='line_1_29' title="bbox 282 1773 1734 1829; baseline 0 -16"><span class='ocrx_word' id='word_1_249' title='bbox 282 1775 496 1827; x_wconf 88' lang='lat' dir='ltr'><strong>splendore</strong></span> <span class='ocrx_word' id='word_1_250' title='bbox 527 1777 639 1814; x_wconf 91' lang='lat' dir='ltr'><strong>omni</strong></span> <span class='ocrx_word' id='word_1_251' title='bbox 659 1790 823 1825; x_wconf 83' lang='lat' dir='ltr'><strong>carens,</strong></span> <span class='ocrx_word' id='word_1_252' title='bbox 855 1775 974 1828; x_wconf 87' lang='lat' dir='ltr'><strong>quale</strong></span> <span class='ocrx_word' id='word_1_253' title='bbox 1003 1777 1155 1829; x_wconf 85' lang='lat' dir='ltr'><strong>geritur</strong></span> <span class='ocrx_word' id='word_1_254' title='bbox 1181 1776 1223 1813; x_wconf 90' lang='lat' dir='ltr'><strong>in</strong></span> <span class='ocrx_word' id='word_1_255' title='bbox 1254 1774 1381 1822; x_wconf 86' lang='lat' dir='ltr'><strong>luctu,</strong></span> <span class='ocrx_word' id='word_1_256' title='bbox 1411 1777 1465 1826; x_wconf 88' lang='lat' dir='ltr'><strong>(et</strong></span> <span class='ocrx_word' id='word_1_257' title='bbox 1479 1787 1574 1813; x_wconf 87' lang='lat' dir='ltr'><strong>sane</strong></span> <span class='ocrx_word' id='word_1_258' title='bbox 1599 1773 1734 1816; x_wconf 82' lang='lat' dir='ltr'><strong>luctus</strong></span> 
     </span>
     <span class='ocr_line' id='line_1_30' title="bbox 283 1829 1734 1884; baseline 0 -16"><span class='ocrx_word' id='word_1_259' title='bbox 283 1830 606 1869; x_wconf 89' lang='lat' dir='ltr'><strong>Christianorum</strong></span> <span class='ocrx_word' id='word_1_260' title='bbox 632 1833 829 1870; x_wconf 85' lang='lat' dir='ltr'><strong>maximus</strong></span> <span class='ocrx_word' id='word_1_261' title='bbox 861 1831 928 1870; x_wconf 90' lang='lat' dir='ltr'><strong>ille</strong></span> <span class='ocrx_word' id='word_1_262' title='bbox 952 1838 1012 1870; x_wconf 88' lang='lat' dir='ltr'><strong>est</strong></span> <span class='ocrx_word' id='word_1_263' title='bbox 1031 1861 1043 1881; x_wconf 97' lang='lat'><strong>,</strong></span> <span class='ocrx_word' id='word_1_264' title='bbox 1077 1845 1198 1884; x_wconf 89' lang='lat' dir='ltr'><strong>quem</strong></span> <span class='ocrx_word' id='word_1_265' title='bbox 1217 1829 1272 1868; x_wconf 88' lang='lat' dir='ltr'><strong>ob</strong></span> <span class='ocrx_word' id='word_1_266' title='bbox 1288 1829 1438 1869; x_wconf 88' lang='lat' dir='ltr'><strong>Christi</strong></span> <span class='ocrx_word' id='word_1_267' title='bbox 1464 1836 1636 1868; x_wconf 87' lang='lat' dir='ltr'><strong>mortem</strong></span> <span class='ocrx_word' id='word_1_268' title='bbox 1668 1830 1734 1868; x_wconf 86' lang='lat' dir='ltr'><strong>in-</strong></span> 
     </span>
     <span class='ocr_line' id='line_1_31' title="bbox 283 1881 1734 1940; baseline 0 -16"><span class='ocrx_word' id='word_1_269' title='bbox 283 1886 518 1937; x_wconf 80' lang='lat' dir='ltr'><strong>stituunt,)</strong></span> <span class='ocrx_word' id='word_1_270' title='bbox 563 1894 604 1926; x_wconf 88' lang='lat' dir='ltr'><strong>et</strong></span> <span class='ocrx_word' id='word_1_271' title='bbox 642 1888 805 1940; x_wconf 90' lang='lat' dir='ltr'><strong>quando</strong></span> <span class='ocrx_word' id='word_1_272' title='bbox 841 1888 1065 1940; x_wconf 88' lang='lat' dir='ltr'><strong>Imperator</strong></span> <span class='ocrx_word' id='word_1_273' title='bbox 1094 1899 1273 1939; x_wconf 84' lang='lat' dir='ltr'><strong>paganus</strong></span> <span class='ocrx_word' id='word_1_274' title='bbox 1291 1915 1304 1936; x_wconf 93' lang='lat'><strong>,</strong></span> <span class='ocrx_word' id='word_1_275' title='bbox 1332 1885 1410 1924; x_wconf 89' lang='lat' dir='ltr'><strong>hoc</strong></span> <span class='ocrx_word' id='word_1_276' title='bbox 1429 1892 1488 1923; x_wconf 69' lang='lat' dir='ltr'><strong>oet</strong></span> <span class='ocrx_word' id='word_1_277' title='bbox 1512 1881 1652 1936; x_wconf 81' lang='grc' dir='ltr'><strong><em>λιτὸς,</em></strong></span> <span class='ocrx_word' id='word_1_278' title='bbox 1679 1884 1734 1924; x_wconf 88' lang='lat' dir='ltr'><strong>ab</strong></span> 
     </span>
     <span class='ocr_line' id='line_1_32' title="bbox 285 1940 1518 1994; baseline 0 -14"><span class='ocrx_word' id='word_1_279' title='bbox 285 1941 397 1980; x_wconf 90' lang='lat' dir='ltr'><strong>omni</strong></span> <span class='ocrx_word' id='word_1_280' title='bbox 427 1955 574 1994; x_wconf 86' lang='lat' dir='ltr'><strong>pompa</strong></span> <span class='ocrx_word' id='word_1_281' title='bbox 599 1950 777 1982; x_wconf 88' lang='lat' dir='ltr'><strong>remotus</strong></span> <span class='ocrx_word' id='word_1_282' title='bbox 794 1971 806 1991; x_wconf 86' lang='lat'><strong>,</strong></span> <span class='ocrx_word' id='word_1_283' title='bbox 834 1942 949 1982; x_wconf 86' lang='lat' dir='ltr'><strong>velut</strong></span> <span class='ocrx_word' id='word_1_284' title='bbox 974 1941 1100 1981; x_wconf 90' lang='lat' dir='ltr'><strong>latere</strong></span> <span class='ocrx_word' id='word_1_285' title='bbox 1125 1942 1289 1994; x_wconf 88' lang='lat' dir='ltr'><strong>cupiens</strong></span> <span class='ocrx_word' id='word_1_286' title='bbox 1321 1940 1518 1993; x_wconf 81' lang='lat' dir='ltr'><strong>procedit.</strong></span> 
     </span>
    </p>

    <p class='ocr_par' dir='ltr' id='par_1_17' title="bbox 286 1994 1739 2216">
     <span class='ocr_line' id='line_1_33' title="bbox 397 1994 1734 2052; baseline -0.001 -18"><span class='ocrx_word' id='word_1_287' title='bbox 397 1996 453 2035; x_wconf 90' lang='lat' dir='ltr'><strong>D.</strong></span> <span class='ocrx_word' id='word_1_288' title='bbox 472 2010 510 2035; x_wconf 82' lang='lat'><strong>2.</strong></span> <span class='ocrx_word' id='word_1_289' title='bbox 527 1996 718 2052; x_wconf 76' lang='lat'><strong>[181,5]</strong></span> <span class='ocrx_word' id='word_1_290' title='bbox 748 1995 824 2050; x_wconf 77' lang='grc' dir='ltr'><strong>τήν</strong></span> <span class='ocrx_word' id='word_1_291' title='bbox 853 1994 1079 2050; x_wconf 64' lang='grc' dir='ltr'><strong>ὄψιζιιαρον.</strong></span> <span class='ocrx_word' id='word_1_292' title='bbox 1134 1995 1244 2047; x_wconf 88' lang='lat' dir='ltr'><strong>Quid</strong></span> <span class='ocrx_word' id='word_1_293' title='bbox 1273 1994 1372 2035; x_wconf 87' lang='lat' dir='ltr'><strong>haec</strong></span> <span class='ocrx_word' id='word_1_294' title='bbox 1414 2009 1494 2034; x_wconf 87' lang='lat' dir='ltr'><strong>vox</strong></span> <span class='ocrx_word' id='word_1_295' title='bbox 1519 1994 1595 2035; x_wconf 90' lang='lat' dir='ltr'><strong>sibi</strong></span> <span class='ocrx_word' id='word_1_296' title='bbox 1619 1994 1734 2042; x_wconf 82' lang='lat' dir='ltr'><strong>velit,</strong></span> 
     </span>
     <span class='ocr_line' id='line_1_34' title="bbox 286 2050 1738 2106; baseline -0.001 -16"><span class='ocrx_word' id='word_1_297' title='bbox 286 2065 340 2091; x_wconf 91' lang='lat' dir='ltr'><strong>ne</strong></span> <span class='ocrx_word' id='word_1_298' title='bbox 356 2053 586 2091; x_wconf 86' lang='lat' dir='ltr'><strong>coniectura</strong></span> <span class='ocrx_word' id='word_1_299' title='bbox 603 2053 766 2106; x_wconf 88' lang='lat' dir='ltr'><strong>quidem</strong></span> <span class='ocrx_word' id='word_1_300' title='bbox 785 2067 989 2106; x_wconf 87' lang='lat' dir='ltr'><strong>assequor.</strong></span> <span class='ocrx_word' id='word_1_301' title='bbox 1047 2051 1242 2103; x_wconf 87' lang='lat' dir='ltr'><strong>Quamvis</strong></span> <span class='ocrx_word' id='word_1_302' title='bbox 1263 2052 1371 2090; x_wconf 87' lang='lat' dir='ltr'><strong>enim</strong></span> <span class='ocrx_word' id='word_1_303' title='bbox 1389 2058 1614 2102; x_wconf 86' lang='lat' dir='ltr'><strong>succurrat,</strong></span> <span class='ocrx_word' id='word_1_304' title='bbox 1633 2050 1738 2090; x_wconf 77' lang='lat' dir='ltr'><strong>forte</strong></span> 
     </span>
     <span class='ocr_line' id='line_1_35' title="bbox 287 2100 1739 2162; baseline -0.002 -16"><span class='ocrx_word' id='word_1_305' title='bbox 287 2108 345 2146; x_wconf 89' lang='lat' dir='ltr'><strong>sic</strong></span> <span class='ocrx_word' id='word_1_306' title='bbox 372 2107 520 2145; x_wconf 89' lang='lat' dir='ltr'><strong>dictam</strong></span> <span class='ocrx_word' id='word_1_307' title='bbox 541 2122 625 2147; x_wconf 86' lang='lat' dir='ltr'><strong>esse</strong></span> <span class='ocrx_word' id='word_1_308' title='bbox 643 2107 754 2147; x_wconf 88' lang='lat' dir='ltr'><strong>illam</strong></span> <span class='ocrx_word' id='word_1_309' title='bbox 768 2108 1036 2162; x_wconf 82' lang='lat' dir='ltr'><strong>chlamydem,</strong></span> <span class='ocrx_word' id='word_1_310' title='bbox 1063 2106 1174 2160; x_wconf 90' lang='lat' dir='ltr'><strong>quod</strong></span> <span class='ocrx_word' id='word_1_311' title='bbox 1203 2120 1409 2159; x_wconf 87' lang='lat' dir='ltr'><strong>vesperae,</strong></span> <span class='ocrx_word' id='word_1_312' title='bbox 1441 2103 1523 2156; x_wconf 83' lang='grc' dir='ltr'><strong>ὄψὲ</strong></span> <span class='ocrx_word' id='word_1_313' title='bbox 1547 2106 1623 2158; x_wconf 79' lang='grc' dir='ltr'><strong>τῆς</strong></span> <span class='ocrx_word' id='word_1_314' title='bbox 1637 2100 1739 2158; x_wconf 75' lang='grc' dir='ltr'><strong>ἦμέ-</strong></span> 
     </span>
     <span class='ocr_line' id='line_1_36' title="bbox 289 2160 1734 2216; baseline -0.001 -15"><span class='ocrx_word' id='word_1_315' title='bbox 289 2174 388 2215; x_wconf 82' lang='grc' dir='ltr'><strong><em>ρας,</em></strong></span> <span class='ocrx_word' id='word_1_316' title='bbox 418 2170 655 2216; x_wconf 86' lang='lat' dir='ltr'><strong>gestaretur,</strong></span> <span class='ocrx_word' id='word_1_317' title='bbox 686 2163 819 2203; x_wconf 89' lang='lat' dir='ltr'><strong>obstat</strong></span> <span class='ocrx_word' id='word_1_318' title='bbox 836 2171 987 2213; x_wconf 84' lang='lat' dir='ltr'><strong>tamen,</strong></span> <span class='ocrx_word' id='word_1_319' title='bbox 1014 2162 1125 2216; x_wconf 92' lang='lat' dir='ltr'><strong>quod</strong></span> <span class='ocrx_word' id='word_1_320' title='bbox 1158 2161 1258 2200; x_wconf 85' lang='lat' dir='ltr'><strong>haec</strong></span> <span class='ocrx_word' id='word_1_321' title='bbox 1280 2176 1399 2201; x_wconf 86' lang='lat' dir='ltr'><strong>mane</strong></span> <span class='ocrx_word' id='word_1_322' title='bbox 1426 2162 1512 2201; x_wconf 85' lang='lat' dir='ltr'><strong>fieri</strong></span> <span class='ocrx_word' id='word_1_323' title='bbox 1533 2160 1734 2202; x_wconf 87' lang='lat' dir='ltr'><strong>dicantur.</strong></span> 
     </span>
    </p>

    <p class='ocr_par' dir='ltr' id='par_1_18' title="bbox 378 2223 1469 2285">
     <span class='ocr_line' id='line_1_37' title="bbox 378 2223 1469 2285; baseline -0.001 -17"><span class='ocrx_word' id='word_1_324' title='bbox 378 2229 829 2285; x_wconf 78' lang='lat' dir='ltr'>107.A.7.[181‚20.]</span> <span class='ocrx_word' id='word_1_325' title='bbox 861 2228 931 2269; x_wconf 78' lang='grc' dir='ltr'><strong>διὰ</strong></span> <span class='ocrx_word' id='word_1_326' title='bbox 950 2228 1046 2268; x_wconf 83' lang='grc' dir='ltr'><strong>τῶν.</strong></span> <span class='ocrx_word' id='word_1_327' title='bbox 1101 2229 1161 2268; x_wconf 92' lang='grc' dir='ltr'><strong>Μ.</strong></span> <span class='ocrx_word' id='word_1_328' title='bbox 1195 2223 1267 2267; x_wconf 71' lang='grc' dir='ltr'><strong>διά</strong></span> <span class='ocrx_word' id='word_1_329' title='bbox 1296 2242 1341 2268; x_wconf 85' lang='grc' dir='ltr'><strong>τε</strong></span> <span class='ocrx_word' id='word_1_330' title='bbox 1370 2228 1469 2268; x_wconf 75' lang='grc' dir='ltr'><strong>τῶν.</strong></span> 
     </span>
    </p>

    <p class='ocr_par' dir='ltr' id='par_1_19' title="bbox 399 2280 1740 2371">
     <span class='ocr_line' id='line_1_38' title="bbox 399 2280 1740 2371; baseline 0.001 -48"><span class='ocrx_word' id='word_1_331' title='bbox 399 2283 458 2323; x_wconf 89' lang='lat' dir='ltr'><strong>A.</strong></span> <span class='ocrx_word' id='word_1_332' title='bbox 474 2299 516 2339; x_wconf 88' lang='lat'><strong>9.</strong></span> <span class='ocrx_word' id='word_1_333' title='bbox 541 2284 658 2339; x_wconf 83' lang='lat'><strong>[181,</strong></span> <span class='ocrx_word' id='word_1_334' title='bbox 679 2285 771 2340; x_wconf 57' lang='lat' dir='ltr'><strong>zu]</strong></span> <span class='ocrx_word' id='word_1_335' title='bbox 800 2281 931 2338; x_wconf 79' lang='grc' dir='ltr'><strong><em>πύλης</em></strong></span> <span class='ocrx_word' id='word_1_336' title='bbox 950 2284 1024 2324; x_wconf 83' lang='grc' dir='ltr'><em>καί</em></span> <span class='ocrx_word' id='word_1_337' title='bbox 1039 2283 1213 2371; x_wconf 31' lang='grc' dir='ltr'><strong>χαλκῆες..</strong></span> <span class='ocrx_word' id='word_1_338' title='bbox 1241 2284 1302 2322; x_wconf 87' lang='grc' dir='ltr'><strong>Μ.</strong></span> <span class='ocrx_word' id='word_1_339' title='bbox 1324 2281 1458 2338; x_wconf 80' lang='grc' dir='ltr'><strong><em>πύλης</em></strong></span> <span class='ocrx_word' id='word_1_340' title='bbox 1474 2281 1546 2336; x_wconf 74' lang='grc' dir='ltr'><strong>τῆς</strong></span> <span class='ocrx_word' id='word_1_341' title='bbox 1561 2280 1740 2334; x_wconf 74' lang='grc' dir='ltr'><strong>χαλκῆς.</strong></span> 
     </span>
    </p>
   </div>
   <div class='ocr_carea' id='block_1_5' title="bbox 294 2379 1740 2661">
    <p class='ocr_par' dir='ltr' id='par_1_20' title="bbox 294 2379 1740 2661">
     <span class='ocr_line' id='line_1_39' title="bbox 336 2379 1739 2446; baseline -0.001 -22"><span class='ocrx_word' id='word_1_342' title='bbox 336 2431 344 2446; x_wconf 73' lang='lat'><em>‚</em></span> <span class='ocrx_word' id='word_1_343' title='bbox 402 2385 532 2424; x_wconf 80' lang='lat' dir='ltr'>C.12.</span> <span class='ocrx_word' id='word_1_344' title='bbox 554 2379 963 2441; x_wconf 70' lang='lat' dir='ltr'><strong>[182,20.]21a&#39;9(502¹.</strong></span> <span class='ocrx_word' id='word_1_345' title='bbox 1016 2385 1078 2425; x_wconf 87' lang='grc' dir='ltr'><strong>Μ.</strong></span> <span class='ocrx_word' id='word_1_346' title='bbox 1122 2399 1201 2439; x_wconf 62' lang='lat' dir='ltr'><strong>vag»</strong></span> <span class='ocrx_word' id='word_1_347' title='bbox 1223 2415 1237 2439; x_wconf 93' lang='lat'><strong>,</strong></span> <span class='ocrx_word' id='word_1_348' title='bbox 1267 2385 1379 2439; x_wconf 91' lang='lat' dir='ltr'><strong>quod</strong></span> <span class='ocrx_word' id='word_1_349' title='bbox 1416 2383 1544 2438; x_wconf 82' lang='lat' dir='ltr'><strong>possis</strong></span> <span class='ocrx_word' id='word_1_350' title='bbox 1574 2395 1739 2436; x_wconf 87' lang='lat' dir='ltr'><strong>quoque</strong></span> 
     </span>
     <span class='ocr_line' id='line_1_40' title="bbox 294 2437 774 2493; baseline 0.006 -16"><span class='ocrx_word' id='word_1_351' title='bbox 294 2437 476 2490; x_wconf 74' lang='grc' dir='ltr'><strong><em>ναρὸους</em></strong></span> <span class='ocrx_word' id='word_1_352' title='bbox 504 2443 774 2493; x_wconf 86' lang='lat' dir='ltr'><strong>interpretari.</strong></span> 
     </span>
     <span class='ocr_line' id='line_1_41' title="bbox 406 2490 1740 2551; baseline 0.002 -20"><span class='ocrx_word' id='word_1_353' title='bbox 406 2494 453 2532; x_wconf 92' lang='lat' dir='ltr'><strong>C.</strong></span> <span class='ocrx_word' id='word_1_354' title='bbox 466 2495 542 2534; x_wconf 88' lang='lat' dir='ltr'><strong>ult.</strong></span> <span class='ocrx_word' id='word_1_355' title='bbox 558 2496 674 2551; x_wconf 81' lang='lat'><strong>[182,</strong></span> <span class='ocrx_word' id='word_1_356' title='bbox 694 2495 785 2550; x_wconf 83' lang='lat'><strong>22.]</strong></span> <span class='ocrx_word' id='word_1_357' title='bbox 817 2495 1056 2549; x_wconf 78' lang='grc' dir='ltr'><em>γυναικίτου</em></span> <span class='ocrx_word' id='word_1_358' title='bbox 1074 2491 1291 2549; x_wconf 74' lang='grc' dir='ltr'><strong><em>νάρθηκος.</em></strong></span> <span class='ocrx_word' id='word_1_359' title='bbox 1347 2492 1487 2534; x_wconf 87' lang='lat' dir='ltr'><strong>Nihilo</strong></span> <span class='ocrx_word' id='word_1_360' title='bbox 1510 2490 1600 2544; x_wconf 85' lang='lat' dir='ltr'><strong>plus</strong></span> <span class='ocrx_word' id='word_1_361' title='bbox 1621 2505 1740 2544; x_wconf 85' lang='lat' dir='ltr'><strong>prae-</strong></span> 
     </span>
     <span class='ocr_line' id='line_1_42' title="bbox 296 2547 1739 2605; baseline 0 -18"><span class='ocrx_word' id='word_1_362' title='bbox 296 2554 404 2587; x_wconf 87' lang='lat' dir='ltr'><strong>stant</strong></span> <span class='ocrx_word' id='word_1_363' title='bbox 440 2549 531 2599; x_wconf 87' lang='lat' dir='ltr'><strong>M.;</strong></span> <span class='ocrx_word' id='word_1_364' title='bbox 563 2550 691 2590; x_wconf 87' lang='lat' dir='ltr'><strong>nihilo</strong></span> <span class='ocrx_word' id='word_1_365' title='bbox 713 2560 846 2591; x_wconf 88' lang='lat' dir='ltr'><strong>tamen</strong></span> <span class='ocrx_word' id='word_1_366' title='bbox 871 2553 1004 2590; x_wconf 89' lang='lat' dir='ltr'><strong>minus</strong></span> <span class='ocrx_word' id='word_1_367' title='bbox 1033 2551 1167 2590; x_wconf 88' lang='lat' dir='ltr'><strong>deesse</strong></span> <span class='ocrx_word' id='word_1_368' title='bbox 1203 2548 1402 2605; x_wconf 84' lang='lat' dir='ltr'><strong>quaedam</strong></span> <span class='ocrx_word' id='word_1_369' title='bbox 1438 2547 1562 2586; x_wconf 88' lang='lat' dir='ltr'><strong>dubio</strong></span> <span class='ocrx_word' id='word_1_370' title='bbox 1593 2554 1739 2600; x_wconf 86' lang='lat' dir='ltr'><strong>vacat,</strong></span> 
     </span>
     <span class='ocr_line' id='line_1_43' title="bbox 296 2603 1187 2661; baseline 0.003 -19"><span class='ocrx_word' id='word_1_371' title='bbox 296 2603 400 2642; x_wconf 84' lang='lat' dir='ltr'><strong>forte</strong></span> <span class='ocrx_word' id='word_1_372' title='bbox 421 2616 466 2643; x_wconf 78' lang='lat' dir='ltr'><strong>ex</strong></span> <span class='ocrx_word' id='word_1_373' title='bbox 494 2618 535 2656; x_wconf 89' lang='lat' dir='ltr'><strong>p.</strong></span> <span class='ocrx_word' id='word_1_374' title='bbox 570 2620 660 2645; x_wconf 82' lang='lat'><em>110.</em></span> <span class='ocrx_word' id='word_1_375' title='bbox 688 2607 743 2645; x_wconf 89' lang='lat' dir='ltr'><strong>A.</strong></span> <span class='ocrx_word' id='word_1_376' title='bbox 770 2607 810 2646; x_wconf 89' lang='grc'><strong>6.</strong></span> <span class='ocrx_word' id='word_1_377' title='bbox 834 2614 874 2645; x_wconf 89' lang='lat' dir='ltr'><strong>et</strong></span> <span class='ocrx_word' id='word_1_378' title='bbox 894 2622 933 2661; x_wconf 80' lang='lat'><strong>7.</strong></span> <span class='ocrx_word' id='word_1_379' title='bbox 952 2606 1187 2660; x_wconf 89' lang='lat' dir='ltr'><strong>supplenda.</strong></span> 
     </span>
    </p>
   </div>
   <div class='ocr_carea' id='block_1_6' title="bbox 409 2655 1829 2715">
    <p class='ocr_par' dir='ltr' id='par_1_21' title="bbox 409 2655 1829 2715">
     <span class='ocr_line' id='line_1_44' title="bbox 409 2655 1829 2715; baseline 0.002 -20"><span class='ocrx_word' id='word_1_380' title='bbox 409 2657 462 2696; x_wconf 91' lang='lat' dir='ltr'><strong>D.</strong></span> <span class='ocrx_word' id='word_1_381' title='bbox 497 2659 537 2696; x_wconf 78' lang='grc'><strong>5.</strong></span> <span class='ocrx_word' id='word_1_382' title='bbox 568 2660 681 2713; x_wconf 82' lang='lat'><strong>[182‚</strong></span> <span class='ocrx_word' id='word_1_383' title='bbox 701 2660 792 2715; x_wconf 81' lang='lat'><strong>24.]</strong></span> <span class='ocrx_word' id='word_1_384' title='bbox 822 2656 955 2714; x_wconf 81' lang='grc' dir='ltr'><strong><em>πύλης</em></strong></span> <span class='ocrx_word' id='word_1_385' title='bbox 989 2661 1066 2701; x_wconf 80' lang='grc' dir='ltr'><strong>τοῦ</strong></span> <span class='ocrx_word' id='word_1_386' title='bbox 1091 2656 1294 2712; x_wconf 84' lang='grc' dir='ltr'><strong>βήματος.</strong></span> <span class='ocrx_word' id='word_1_387' title='bbox 1347 2655 1599 2710; x_wconf 85' lang='lat' dir='ltr'><strong>Significatur</strong></span> <span class='ocrx_word' id='word_1_388' title='bbox 1623 2656 1743 2710; x_wconf 77' lang='lat' dir='ltr'><strong>porta</strong></span> <span class='ocrx_word' id='word_1_389' title='bbox 1816 2681 1829 2689; x_wconf 83' lang='lat'><strong>·</strong></span> 
     </span>
    </p>
   </div>
   <div class='ocr_carea' id='block_1_7' title="bbox 298 2713 1741 2825">
    <p class='ocr_par' dir='ltr' id='par_1_22' title="bbox 298 2713 1741 2825">
     <span class='ocr_line' id='line_1_45' title="bbox 298 2713 1741 2767; baseline 0.003 -18"><span class='ocrx_word' id='word_1_390' title='bbox 298 2725 384 2750; x_wconf 87' lang='lat' dir='ltr'><strong>non</strong></span> <span class='ocrx_word' id='word_1_391' title='bbox 413 2725 436 2750; x_wconf 88' lang='lat' dir='ltr'><strong>e</strong></span> <span class='ocrx_word' id='word_1_392' title='bbox 454 2713 619 2753; x_wconf 87' lang='lat' dir='ltr'><strong>tribuna</strong></span> <span class='ocrx_word' id='word_1_393' title='bbox 644 2717 684 2753; x_wconf 87' lang='lat' dir='ltr'><strong>in</strong></span> <span class='ocrx_word' id='word_1_394' title='bbox 706 2717 839 2755; x_wconf 86' lang='lat' dir='ltr'><strong>Naum</strong></span> <span class='ocrx_word' id='word_1_395' title='bbox 853 2745 865 2765; x_wconf 86' lang='lat'><strong>,</strong></span> <span class='ocrx_word' id='word_1_396' title='bbox 896 2716 965 2755; x_wconf 89' lang='lat' dir='ltr'><strong>sed</strong></span> <span class='ocrx_word' id='word_1_397' title='bbox 986 2731 1008 2755; x_wconf 88' lang='lat' dir='ltr'><strong>e</strong></span> <span class='ocrx_word' id='word_1_398' title='bbox 1031 2713 1344 2767; x_wconf 84' lang='lat' dir='ltr'><strong>Sceuophylacio</strong></span> <span class='ocrx_word' id='word_1_399' title='bbox 1374 2726 1446 2753; x_wconf 86' lang='lat' dir='ltr'><strong>seu</strong></span> <span class='ocrx_word' id='word_1_400' title='bbox 1468 2713 1647 2753; x_wconf 85' lang='lat' dir='ltr'><strong>sacristia</strong></span> <span class='ocrx_word' id='word_1_401' title='bbox 1671 2726 1741 2753; x_wconf 83' lang='lat' dir='ltr'><strong>ex-</strong></span> 
     </span>
     <span class='ocr_line' id='line_1_46' title="bbox 298 2765 1385 2825; baseline 0 -18"><span class='ocrx_word' id='word_1_402' title='bbox 298 2773 361 2807; x_wconf 89' lang='lat' dir='ltr'><strong>tra</strong></span> <span class='ocrx_word' id='word_1_403' title='bbox 386 2765 591 2809; x_wconf 88' lang='lat' dir='ltr'><strong>ecclesiam</strong></span> <span class='ocrx_word' id='word_1_404' title='bbox 615 2771 655 2808; x_wconf 91' lang='lat' dir='ltr'><strong>in</strong></span> <span class='ocrx_word' id='word_1_405' title='bbox 675 2771 766 2810; x_wconf 87' lang='lat' dir='ltr'><strong>atrii</strong></span> <span class='ocrx_word' id='word_1_406' title='bbox 787 2771 946 2825; x_wconf 85' lang='lat' dir='ltr'><strong>plagam</strong></span> <span class='ocrx_word' id='word_1_407' title='bbox 977 2769 1180 2811; x_wconf 84' lang='lat' dir='ltr'><strong>borealem</strong></span> <span class='ocrx_word' id='word_1_408' title='bbox 1198 2768 1385 2812; x_wconf 82' lang='lat' dir='ltr'><strong>educens.</strong></span> 
     </span>
    </p>
   </div>
  </div>
 </body>
</html>
