1884 3132
321 152 430 205 812
597 168 670 210 10.
720 169 828 211 1Ac.
869 169 1062 210 amsxu
1103 169 1482 214 coimENTARn

318 270 585 326 κοιτωνίτην,
639 280 679 313 et
709 273 809 313 Otto
838 274 1012 313 vicissim
1050 267 1099 312 ad
1129 288 1221 314 eum
1249 276 1357 315 misit
1383 276 1662 331 Luitfiedmn,
1699 280 1766 321 in-

317 328 598 381 stitoremfiseu
625 330 937 382 negotiatorem,
986 328 1328 382 πραγματευτήν,
1358 332 1696 386 Moguntiacum3
1723 351 1766 379 v.

317 383 558 436 Luitprand.
589 384 692 426 Hist.
714 385 786 427 VI.
807 398 846 427 2.
875 384 1115 424 Lambertus
1143 385 1263 425 modo
1291 387 1434 426 citatus
1462 387 1514 430 A.
1543 387 1665 443 949:
1693 391 1766 430 ite-

317 453 409 477 rum
445 441 593 479 venisse
633 441 786 479 nuntios
826 440 1069 479 Graecorum
1107 441 1165 480 ad
1189 455 1316 494 regem
1349 442 1528 481 Ottonem
1555 458 1642 484 cum
1665 459 1765 498 pre-

318 495 535 534 tiosissimis
577 496 795 534 muneribus
830 497 873 535 in
913 496 1104 534 memoria
1138 497 1315 535 omnium
1346 497 1592 541 Sanctorum.
1650 499 1766 540 Idem

319 549 371 588 ad
398 549 451 588 A.
484 550 579 604 973.
608 549 845 604 legationem
875 551 1068 589 Graecam
1097 558 1312 600 memorat,
1343 567 1445 606 quae
1483 553 1535 592 ad
1572 555 1765 597 Ottouem

319 605 362 643 in
399 604 500 644 urhe
538 607 649 660 regia
686 607 954 660 Quodlinburg
999 606 1239 645 residentem
1291 610 1458 648 venerit.
1525 608 1631 650 Hinc
1675 613 1766 651 noti

318 659 482 700 fuerunt
511 661 672 700 Graecis
699 663 871 701 Saxones
899 668 938 700 et
964 661 1085 700 simul
1124 676 1285 716 quoque
1311 662 1496 711 Baioari,
1539 666 1631 718 quia
1660 666 1761 706 Otto

317 715 438 755 simul
470 716 550 756 dux
578 717 773 756 saxoniae
804 724 844 756 et
872 717 1063 756 Bavariae
1102 724 1201 760 erat.
1255 718 1421 758 Veteres
1447 721 1764 772 pronuntiabant

317 770 469 820 Sacae,
501 766 655 822 Σὰζοι,
698 772 837 822 Sassc‘3
877 786 917 824 p.
945 773 986 822 [4.
1015 772 1256 812 Notitiarum
1285 772 1636 814 Holstenianarum
1673 784 1765 829 post

319 825 455 866 Caroli
473 841 496 866 a
516 828 558 871 S.
587 827 718 866 Paulo
737 827 1020 881 geographiam
1037 842 1192 867 sacram
1221 828 1365 882 legitur
1392 823 1496 883 ἄχρι
1524 831 1607 870 τῶν
1636 825 1763 885 ὁρίων

319 877 491 930 Σάζων,
540 890 580 923 et
606 890 769 922 notatur
794 884 835 921 in
870 885 1049 936 margine
1080 878 1289 930 Σαξόνων.
1345 884 1421 924 Sed
1451 899 1532 924 non
1561 900 1660 939 opus
1688 894 1762 930 est.

318 936 451 989 Pagus
489 937 557 977 ille
597 953 723 992 prope
751 938 919 977 Leidam
950 939 1221 988 Batavorum,
1252 937 1415 979 milliari
1439 940 1521 980 fere
1549 941 1642 981 inde
1670 955 1764 982 ver-

317 1006 384 1030 sus
413 998 721 1046 septentrionem
759 993 938 1043 distans,
969 1008 990 1033 e
1027 1007 1106 1047 quo
1135 994 1227 1032 Saxi
1262 993 1382 1043 olim,
1425 1003 1471 1035 ut
1506 996 1686 1045 videtur,
1719 997 1761 1037 in

317 1047 503 1100 Angliam
530 1049 782 1088 traiiciebant
799 1079 810 1096 ,
851 1049 986 1088 adhuc
1012 1049 1132 1092 hodie
1159 1048 1422 1098 Sassenheim,
1458 1053 1594 1105 patria
1624 1052 1762 1091 Sasso-

315 1116 434 1153 rum,
481 1103 640 1147 dicitur.
709 1104 819 1158 *[De
863 1105 1025 1142 nomine
1069 1099 1144 1155 ῥὴξ
1176 1104 1228 1142 ab
1264 1105 1391 1158 Impp.
1420 1107 1582 1146 Graecis
1608 1107 1762 1147 tributo

317 1157 401 1199 vid.
436 1173 477 1211 p.
508 1160 603 1202 316.
643 1161 808 1202 Dissert.
851 1158 1024 1206 Ioinvill,
1058 1159 1240 1198 Croatiae
1278 1160 1402 1200 duces
1438 1162 1604 1214 quando
1640 1163 1761 1202 duces

317 1215 449 1255 vocati
478 1215 574 1266 sint,
603 1229 643 1258 v.
665 1215 856 1254 Giornale
876 1214 940 1254 dei
960 1216 1152 1253 Letterati
1171 1215 1240 1257 IX.
1259 1213 1354 1266 455.
1382 1216 1629 1256 Venetorum
1651 1219 1762 1270 prin-

317 1269 425 1320 cipes
442 1269 878 1323 Constantinopolitani
897 1271 1159 1323 Imperatores
1181 1278 1225 1309 ut
1245 1285 1356 1323 reges
1375 1272 1642 1322 considerant3
1662 1273 1760 1315 ibid.

316 1322 430 1366 XVI.
460 1339 501 1378 p.
527 1325 647 1377 4843
677 1326 726 1364 de
758 1327 858 1378 regis
885 1340 1018 1378 regum
1051 1324 1170 1364 titulo
1197 1325 1448 1365 Francorum
1473 1327 1631 1380 regibus
1667 1328 1761 1367 dato

318 1392 359 1421 v.
380 1380 447 1418 Du
473 1381 606 1434 Gange
635 1381 749 1422 Alex.
778 1396 818 1434 p.
839 1380 971 1435 552.]*
1028 1381 1090 1419 De
1118 1380 1235 1420 titulo
1263 1383 1376 1434 regis,
1408 1383 1650 1422 Germanico
1679 1383 1761 1422 Im-

318 1436 493 1487 peratori
533 1450 556 1474 a
595 1437 757 1476 Graecis
794 1436 906 1476 velut
935 1437 1098 1484 ,minore
1129 1436 1281 1475 tributo
1319 1437 1403 1480 vid.
1434 1437 1539 1477 idem
1567 1439 1618 1478 ad
1645 1437 1761 1484 Alex.

318 1504 359 1542 p.
390 1490 483 1533 236.
524 1497 562 1530 et
601 1491 760 1534 Selden.
794 1491 919 1533 Titnl.
961 1492 1114 1534 Honor.
1144 1507 1185 1545 p.
1214 1492 1280 1534 30.
1309 1499 1348 1532 et
1379 1494 1502 1532 Goar.
1534 1493 1586 1532 ad
1615 1493 1760 1536 Codin.

319 1559 362 1599 p.
393 1559 458 1599 72.
489 1561 530 1589 n.
561 1545 626 1598 54.
682 1547 974 1602 *[Imperatoris
1001 1547 1140 1586 titulus
1168 1561 1191 1586 a
1221 1548 1381 1586 Graecis
1408 1555 1572 1601 negatus
1611 1555 1670 1588 est
1694 1562 1762 1587 oc-

316 1600 595 1644 cidentalibus.
631 1603 795 1642 Manuel
815 1604 915 1656 Imp.
936 1604 1150 1655 paciscitur
1169 1616 1261 1645 cum
1279 1602 1487 1642 Friderico
1508 1604 1627 1657 Imp..
1657 1602 1762 1644 velle

316 1671 359 1695 se
376 1657 506 1709 ipsum
527 1658 811 1710 Imperatorem
833 1666 872 1697 et
899 1657 1133 1697 orientalem
1162 1657 1436 1697 Neo-Romae
1464 1659 1565 1712 Imp.
1598 1673 1760 1710 vocare,

315 1718 416 1750 teste
454 1712 687 1764 Radevico3
738 1713 823 1755 vid.
874 1713 1085 1766 Eginharti
1124 1715 1362 1766 interpretes
1402 1727 1442 1765 p.
1471 1713 1538 1756 83.
1572 1714 1762 1767 Symeoni

315 1774 363 1806 ut
402 1767 639 1819 Imperatori
683 1775 722 1807 et
757 1769 839 1821 regi
879 1768 1143 1808 acclamatum
1181 1769 1363 1807 Romana
1400 1767 1550 1821 lingua.
1615 1769 1762 1822 Georg.

315 1822 506 1864 Monach.
536 1837 574 1876 p.
606 1823 698 1867 580.
763 1824 1027 1877 Imperatores
1069 1824 1212 1862 Graeci
1249 1822 1412 1862 titulum
1454 1823 1564 1862 hunc
1618 1823 1765 1864 Basile‘i'

317 1877 467 1916 carolo
484 1879 541 1920 M.
562 1885 722 1932 negant,
755 1880 838 1921 vid.
866 1879 1079 1933 Eginharti
1107 1881 1342 1932 interpretes
1370 1893 1411 1932 p.
1439 1877 1570 1932 128.]*
1624 1878 1764 1932 Agno-

317 1940 460 1971 verant
511 1935 673 1988 quidem
726 1935 861 1974 Irenes
913 1934 1032 1987 legati
1074 1933 1262 1972 Carolum
1310 1948 1386 1986 pro
1436 1934 1681 1987 Imperatore
1723 1940 1764 1973 et

317 1987 518 2027 Basileum
556 1989 839 2032 salutaverant.
894 1990 1111 2042 Sequentes
1153 1997 1287 2028 tamen
1326 1990 1589 2042 Imperatores
1619 1989 1763 2028 Graeci

317 2044 524 2096 protestati
554 2044 714 2083 fuerunt
740 2045 931 2089 adversus
974 2045 1125 2083 sactum
1163 2044 1228 2084 vel
1264 2045 1501 2090 auctoritate
1538 2044 1764 2097 legatorum

317 2100 502 2150 privata,
539 2099 599 2139 vel
633 2101 743 2138 iussu
771 2100 968 2139 foeminae
995 2100 1245 2153 tyrannicae,
1275 2114 1377 2152 quae
1404 2099 1560 2138 iuribus
1588 2100 1670 2138 suis
1691 2099 1762 2138 de-

317 2167 461 2206 rogare
488 2169 570 2193 non
598 2157 774 2208 potuerit
794 2184 806 2205 ‚
836 2163 880 2194 ut
910 2155 968 2194 illi
995 2155 1167 2196 aiebant.
1198 2156 1248 2197 V.
1286 2155 1398 2193 loeus
1416 2154 1610 2207 Sigeberti
1639 2155 1763 2192 Gem-

317 2207 515 2248 hlacensis
551 2209 672 2263 paulo
699 2217 790 2263 post
826 2210 1023 2252 citandus.
1090 2209 1306 2264 *[Michai=31
1335 2209 1592 2263 Curopalates
1619 2208 1763 2247 carolo

317 2263 377 2305 M.
408 2264 572 2303 titulum
602 2265 854 2318 Imperatoris
882 2273 1012 2318 negat.
1042 2266 1181 2306 Giorn.
1210 2265 1250 2306 d.
1279 2265 1428 2306 Letter.
1459 2265 1572 2306 XVI.
1599 2263 1668 2313 48.
1700 2264 1765 2302 De

317 2317 474 2358 Basileo
502 2321 664 2359 nomine
712 2321 1026 2374 Imperatoribus
1068 2321 1232 2359 Graecis
1278 2320 1441 2373 proprio
1470 2334 1512 2358 v.
1555 2318 1762 2371 Anonymi

321 2374 513 2427 Chronic.
553 2375 736 2418 Salernit.
794 2390 833 2428 p.
868 2376 960 2429 247.
993 2376 1043 2421 T.
1080 2375 1133 2417 II.
1167 2373 1357 2427 Murat.]*
1412 2375 1537 2414 Gravi
1581 2386 1764 2412 sermone

319 2428 512 2481 querulus
559 2430 827 2469 debacchatur
855 2431 1072 2469 Cinnamus
1103 2445 1144 2483 p.
1177 2444 1264 2484 127.
1307 2431 1348 2468 in
1383 2428 1648 2482 arrogantiam
1678 2428 1762 2465 Im-

319 2492 553 2535 peratorum
581 2485 912 2526 Germanicorum
929 2515 941 2537 ,
983 2486 1093 2539 quod
1119 2486 1410 2538 Imperatorum
1451 2483 1614 2523 titulum
1656 2484 1760 2520 arri-

318 2540 480 2590 puerint
496 2549 535 2579 et
559 2555 669 2594 reges
691 2540 789 2580 alios
805 2541 964 2588 saciant,
986 2543 1072 2579 iure
1092 2539 1219 2582 nullo.
1249 2539 1326 2579 Sed
1347 2553 1446 2592 opus
1472 2552 1551 2577 non
1569 2544 1654 2575 erat
1669 2544 1762 2576 tan-

319 2594 372 2631 tis
396 2596 481 2637 iris.
537 2596 598 2634 Ut
619 2597 725 2634 enim
752 2596 933 2634 omittam
960 2595 1037 2635 hoc
1057 2610 1212 2648 urgere,
1241 2596 1302 2633 ius
1322 2594 1421 2633 illud
1437 2607 1482 2631 eo
1502 2590 1619 2630 titulo
1643 2599 1764 2630 uten-

320 2647 364 2684 d1
404 2649 497 2688 solis
523 2651 684 2689 Graecis
706 2651 914 2704 proprium
939 2665 1020 2690 non
1051 2665 1134 2690 esse
1161 2657 1202 2689 et
1229 2662 1436 2702 nunquam
1454 2647 1572 2685 fuisse
1619 2653 1658 2685 et
1691 2660 1761 2686 eos

321 2700 417 2740 falsa
449 2704 729 2756 imaginatione
758 2707 833 2744 sibi
856 2705 1049 2755 illudere,
1080 2705 1150 2758 qui
1185 2709 1440 2751 asseverant3
1478 2701 1554 2740 hoc
1586 2708 1760 2740 tantum-

323 2757 446 2802 modo
473 2758 619 2812 dicam,
651 2762 822 2806 Graecos
850 2760 992 2802 Basilei
1021 2761 1187 2805 titulum
1219 2773 1301 2805 non
1325 2764 1482 2797 tantum
1501 2756 1766 2812 Bulgarorum
