1884 3132
211 130 288 174 An
330 129 630 175 consum.
669 129 868 173 Pom‘n.
906 131 981 171 nr.
1017 130 1199 173 emim.
1237 130 1336 171 un.
1375 133 1409 171 1.
1463 113 1566 169 231

1259 219 1282 242 τ
1418 221 1439 243 τ

238 257 352 298 113.
367 256 480 312 [153‚
497 255 588 311 am]
610 252 693 295 ὑπὸ
722 256 800 295 τοῦ
828 246 1038 308 ἄρχοντος.
1093 255 1156 294 Μ.
1186 252 1269 295 ὖπο
1301 252 1447 309 ἄρχον,
1465 256 1576 298 unde

131 309 271 351 malim
298 311 454 352 efficere
479 308 563 350 ὑπὸ
592 311 678 350 τῶν
705 308 932 361 ἀρχόντων.

238 367 295 406 D.
324 367 400 406 ult.
432 366 549 422 [¹54³
577 364 642 420 4.]
682 362 763 404 ἀπὸ
794 365 878 404 τῶν
891 362 1231 405 Ἀναστασιακῶν
1257 364 1492 416 τρικλίνων.
1507 368 1567 406 Μ.

131 417 218 488 iim}
250 418 325 461 τὸν
350 417 689 461 ’Λναστασιακόν
715 419 934 474 τρίκλινον.
987 420 1080 458 Non
1116 418 1237 459 semel
1266 421 1394 474 iungit
1426 421 1572 462 Noster

133 489 218 514 ano
247 490 342 515 cum
369 477 611 515 accusativo.

213 545 283 584 9¹·
312 531 364 570 A.
386 545 450 570 12.
482 529 595 585 [¹54
615 527 703 582 14]
730 525 944 582 βανιάριν.
1001 529 1047 567 ld
1078 536 1138 568 est
1164 523 1404 580 βαννιάριν,
1433 531 1573 572 banni-

130 587 273 634 aniam,
300 587 562 639 bagnian'tmu,
586 585 843 631 balneat-ima,
862 598 933 623 seu
959 583 1164 623 balneum.
1222 584 1286 623 De
1312 584 1457 624 balneo
1484 587 1572 626 Au·

132 643 237 693 gusti
263 642 307 680 in
333 641 480 694 palatio
507 639 787 679 Blachernensi
814 653 856 678 v.
877 639 928 678 ad
946 653 1035 692 cap.
1054 652 1115 677 ιτ.
1143 638 1258 677 Libri
1279 640 1459 679 secundi.

240 696 289 735 B.
320 695 362 736 8.
389 693 606 750 [154‚23.]
635 689 949 746 προειρήκαμεν.
978 695 1038 732 Μ.
1070 690 1310 746 εἰρήκαμεν.

238 750 286 789 C.
322 764 357 790 1.
390 750 507 805 [155‚
539 749 602 803 2.]
632 744 879 797 ἑβδομάδος.
910 750 970 788 Μ.
1000 745 1247 798 εὔδομάδος.
1307 748 1429 789 Unde
1455 749 1575 790 intel·

130 803 270 858 ligitur
287 834 300 856 ,
343 806 454 859 quod
491 819 611 858 supra
639 804 837 853 dicebam,
878 817 905 842 υ
934 811 975 842 et
1009 804 1038 853 β
1080 803 1221 842 eodem
1254 804 1375 843 modo
1403 818 1428 843 a
1455 807 1572 845 novis

131 860 295 899 Graecis
318 861 593 915 pronunciari,
622 873 765 912 nempe
790 866 836 898 ut
845 859 895 910 s
952 859 1091 897 Prima
1118 866 1266 905 autern,
1283 873 1387 912 quae
1413 858 1480 899 hi'c
1508 860 1572 899 de·

112 916 326 968 signatur,
354 918 574 970 septimana
610 921 670 954 est
695 916 915 968 septimana
958 914 1094 954 ieiunii
1130 913 1496 968 quadragesimalis,
1526 922 1574 956 ut

131 971 267 1009 statim
293 971 476 1024 pluribus
504 970 670 1024 patebit.

241 1026 291 1065 C.
321 1025 362 1066 6.
405 1026 522 1082 [155‚
555 1024 620 1079 6.]
651 1023 854 1063 διαλαλεῖ.
916 1021 1099 1062 Verbum
1133 1019 1296 1076 κύριον.
1354 1024 1572 1064 Orationes

130 1079 387 1134 Imperatoris
415 1082 468 1121 ad
497 1079 785 1123 consistorium
801 1108 812 1127 ‚
843 1091 913 1118 seu
937 1092 1155 1131 proceres,
1174 1080 1271 1118 item
1297 1079 1347 1118 ad
1376 1079 1573 1133 populum

130 1136 175 1174 in
203 1135 319 1175 Circo
357 1143 398 1175 et
423 1136 547 1184 alibi,
588 1134 806 1174 δίαλαλίαι
843 1133 1162 1186 appellabantur.
1234 1133 1406 1174 solenne
1437 1142 1574 1174 autem

131 1198 220 1230 erat
244 1191 376 1245 lmpp.
404 1193 576 1231 CPtanis
608 1192 780 1229 instante
800 1187 1144 1242 Quadragesimali
1175 1189 1324 1228 ieiunio
1352 1190 1404 1228 ad
1431 1203 1574 1242 proce-

130 1259 224 1284 rum
240 1248 520 1286 consistorium
546 1248 588 1286 in
608 1247 829 1298 Magnaura
857 1244 1079 1283 orationem
1105 1245 1297 1294 recitare,
1326 1258 1406 1298 qua
1434 1259 1502 1283 eos
1520 1245 1573 1283 ad

129 1302 208 1340 rite
220 1300 480 1356 religioseque
493 1301 775 1342 celebrandum
790 1301 985 1339 ieiunium
1010 1306 1294 1352 praepararent
1316 1307 1357 1338 et
1384 1299 1577 1338 adhorta-

130 1364 286 1396 rentur.
341 1359 407 1396 De
430 1358 508 1396 hac
542 1360 627 1410 ipsa
663 1358 844 1395 oratione
879 1354 945 1392 hic
975 1367 1106 1392 sermo
1132 1361 1214 1401 est,
1257 1361 1298 1393 et
1325 1360 1385 1393 est
1412 1367 1575 1407 quoque

132 1409 239 1450 libm
256 1411 309 1450 11.
340 1426 430 1464 cap.
456 1426 520 1451 ιο.
578 1410 768 1450 Nonnihil
805 1411 848 1448 id
883 1409 1115 1447 obscuravit
1142 1408 1268 1446 editio
1292 1415 1430 1446 nostra
1460 1409 1573 1446 exhi-

133 1464 269 1504 bendo
292 1480 337 1505 v.
366 1466 469 1520 C.7.
499 1462 663 1518 ἑορτήν,
690 1473 737 1504 ut
764 1464 872 1503 credi
900 1469 1031 1516 posset
1057 1462 1110 1501 ad
1136 1462 1283 1500 festum
1310 1463 1573 1515 Hypapantes

132 1538 290 1591 respici.
347 1537 427 1576 Sed
454 1538 496 1575 in
517 1535 692 1574 Membr.
722 1533 810 1573 loco
838 1534 952 1572 istius
971 1534 1080 1572 vocis
1105 1539 1164 1572 est
1191 1532 1307 1571 litera
1332 1546 1366 1581 μ
1395 1540 1487 1571 cum
1504 1546 1574 1571 su-

132 1593 391 1647 perimposita
418 1590 590 1644 virgula,
621 1591 663 1628 id
693 1596 751 1628 est
778 1585 1123 1639 τετταρακοστήν.
1177 1585 1411 1639 Legendum
1436 1589 1573 1640 itaque

131 1644 208 1700 τὴν
245 1645 533 1698 πανσέβαστον
567 1645 640 1684 καί
669 1641 792 1695 ἇγιάν
828 1637 1167 1694 τετταρακοστήν.
1232 1642 1441 1694 Frequens
1479 1656 1573 1681 ora·

133 1704 255 1742 tionis
294 1702 414 1741 huius
441 1698 790 1755 quadragesimalis
817 1700 966 1736 mentio
999 1697 1108 1750 apud
1134 1697 1354 1763 Scriptores
1379 1697 1572 1750 Byzanti-

132 1773 222 1798 nos.
282 1757 343 1796 Ita
372 1756 553 1796 Cedreno
580 1771 622 1809 p.
642 1754 738 1794 606.
770 1754 815 1792 C.
838 1767 901 1792 10.
932 1759 1177 1791 memoratur
1204 1766 1229 1803 η
1258 1750 1302 1790 ἐν
1328 1750 1389 1806 τῷ
1413 1751 1488 1802 τῆς
1507 1749 1572 1802 ἐγ-

136 1811 328 1864 κρατείας
354 1812 486 1866 καιρῷ
510 1809 695 1863 συνήθης
724 1803 978 1861 δημηγορία,
1018 1807 1068 1846 ad
1095 1820 1215 1859 quem
1250 1804 1384 1844 locum
1413 1806 1571 1844 Goarus

134 1868 265 1907 aliena
291 1867 457 1919 profert.
526 1865 643 1904 Conf.
674 1865 867 1916 Scriptor.
898 1864 1006 1901 vitae
1033 1863 1179 1900 Leonis
1206 1862 1250 1899 in
1277 1861 1440 1913 Scriptt.
1481 1867 1573 1912 post

135 1922 374 1975 Theophan.
398 1936 439 1975 p.
459 1922 639 1968 232.D.,
668 1919 739 1958 ubi
768 1921 848 1957 ait:
884 1911 991 1956 ὥστε
1014 1912 1138 1966 μόλις
1167 1914 1396 1970 δυνηθῆναι
1436 1910 1573 1953 αὐτᾶν

135 1972 246 2016 κατὰ
273 1973 347 2015 τδν
365 1973 581 2026 βασιλικὸν
608 1971 738 2014 rv‘nov
765 1973 810 2013 ἐν
837 1972 894 2026 τῷ
916 1972 991 2022 τῆς
1019 1969 1258 2023 ἐγκρατείας
1279 1968 1410 2022 καιρῷ
1437 1967 1573 2020 δημη-

134 2034 284 2084 γορεῖν.
338 2032 421 2069 Leo
441 2031 733 2070 Grammaticus
763 2043 804 2082 p.
823 2026 918 2078 486.
938 2027 993 2064 D.
1023 2026 1103 2063 fine
1142 2025 1182 2062 id
1224 2024 1330 2062 idem
1356 2024 1412 2062 sic
1440 2022 1571 2062 effert.

135 2089 312 2140 Leonem
340 2085 621 2138 philosophum
650 2085 754 2137 Imp.
787 2084 843 2122 ait
869 2084 925 2120 ita
951 2087 1187 2134 aegrotasse,
1216 2073 1324 2117 ὥστε
1349 2073 1413 2128 μῆ
1440 2073 1574 2116 δύνα-

137 2143 243 2186 σθαι
270 2140 451 2188 ἐξελθεῖν
478 2141 523 2178 ἐν
551 2139 599 2195 τῇ
627 2134 893 2190 ΖΙΙανναύρᾳ,
933 2131 1008 2188 τήν
1034 2130 1290 2186 δημηγορίαν
1318 2130 1573 2184 διαλαλῆσαι

139 2195 186 2236 ἓν
212 2194 265 2250 τῇ
293 2193 404 2248 α’ρχῇ
432 2195 515 2233 τῶν
542 2193 750 2247 νηστειῶν.
807 2192 931 2246 *[Leo
946 2189 991 2229 ἐν
1017 2193 1108 2236 ταῖς
1133 2186 1339 2240 νηστειῖιις
1366 2193 1451 2225 erat
1478 2200 1572 2226 ora-

136 2251 288 2291 tionem
315 2249 539 2288 habitums.
596 2250 763 2301 Gregor.
793 2246 982 2286 Monach.
1014 2260 1056 2298 p.
1079 2243 1189 2290 526„
1220 2255 1325 2295 quae
1351 2242 1573 2279 etiamnum

138 2312 279 2346 exstat.
334 2305 535 2357 Tempore
561 2305 695 2342 ieiunii
721 2304 847 2356 lmpp.
883 2301 1034 2340 CPtani
1063 2298 1245 2338 solennes
1272 2296 1469 2336 orationes
1494 2295 1572 2334 ha-

138 2361 302 2401 bebant.
373 2359 542 2398 Cedren.
584 2358 635 2396 de
661 2359 795 2396 Leone
831 2355 1070 2410 philosopho
1110 2368 1151 2406 p.
1169 2351 1283 2402 606.‚
1312 2364 1414 2405 quae
1441 2351 1571 2389 oratio

139 2415 286 2455 sileam·
308 2414 544 2467 appellatur.
601 2413 735 2452 Zonar
750 2427 793 2465 p.
829 2409 963 2463 181.}*
1020 2409 1102 2447 Has
1127 2406 1324 2446 orationes
1350 2406 1572 2459 Imperator

141 2472 226 2524 ipse
251 2469 466 2520 recitabat,
496 2482 622 2522 quum
668 2467 764 2507 alias
789 2466 962 2507 solerent
991 2469 1176 2517 quaestor
1190 2491 1202 2509 ‚
1234 2467 1308 2500 aut
1330 2460 1573 2508 mandator,

97 2562 107 2567 -
141 2533 212 2564 aut
237 2526 442 2573 asecretis,
471 2531 518 2562 ut
545 2521 679 2576 paullo
706 2529 796 2574 post
825 2521 890 2559 hic
918 2519 995 2558 loci
1023 2523 1295 2564 memoratur,
1325 2521 1396 2554 aut
1422 2522 1463 2554 et
1490 2515 1572 2554 Pa-

142 2578 318 2618 triarcha
357 2578 558 2617 interdum
595 2590 661 2616 eas
701 2575 789 2615 loco
826 2581 867 2614 et
893 2574 1055 2613 nomine
1091 2571 1347 2624 Imperatoris
1374 2571 1573 2620 recitare3

146 2634 320 2673 dictabat
347 2640 480 2673 autem
493 2662 505 2684 ‚
534 2633 575 2671 id
617 2638 675 2670 est
702 2629 951 2682 concipiebat
975 2635 1015 2667 et
1042 2625 1383 2667 commentabatur
1408 2638 1475 2664 aas
1503 2625 1577 2678 qui

148 2688 383 2744 Imperatori
410 2688 463 2729 ab
479 2685 653 2743 epistolis
670 2692 797 2739 esset,
824 2683 911 2725 vid.
930 2683 1064 2724 Nicet.
1079 2681 1266 2722 Choniat.
1278 2695 1322 2736 p.
1342 2679 1437 2736 273.
1467 2672 1546 2720 fine
1559 2692 1577 2719 z
