1832 3126
281 155 384 211 130
546 171 619 212 10.
659 170 765 212 1Ac.
802 171 998 212 nmsxn
1028 170 1407 215 COMMENTAml

268 275 426 314 muneri
457 273 668 325 praecipue
696 272 948 311 Christianos
977 273 1181 311 adhibitos
1209 272 1278 311 illa
1303 273 1344 312 in
1366 271 1458 312 aula
1488 273 1610 313 fuisse
1634 287 1724 314 con-

266 337 345 370 stat
374 343 419 368 cx
438 327 650 366 Elmacino
679 334 719 365 et
749 327 926 366 aliunde.
989 328 1088 366 Inde
1114 328 1293 376 sactum,
1324 335 1371 367 ut
1395 330 1543 368 veteris
1571 343 1723 371 novae-

267 398 345 438 que
383 384 587 435 dignitatis
625 396 775 421 nornen
818 381 937 422 simul
983 389 1151 435 gereret.
1221 383 1332 433 Quid
1377 383 1454 422 sibi
1500 383 1590 423 vult
1619 383 1722 423 illud

268 439 373 492 apud
413 439 622 476 Constant.
658 436 811 490 Porph.
845 438 895 476 de
923 437 1031 476 adm.
1067 440 1166 491 imp.
1197 437 1458 486 καθέζεσθαι
1486 452 1544 484 ως
1573 452 1726 490 πρωτο-

268 489 508 546 σπαθάριον
535 507 606 532 και
635 496 783 546 φορεῖν
813 489 1184 541 ἐπικουτζούλιονῒ
1238 493 1365 532 Estne
1394 493 1472 532 hoc
1494 508 1725 533 scaraman-

267 551 408 602 gium?
463 548 612 587 Fuitne
631 550 949 599 scaiamangium
979 548 1437 600 PJotospathaiiorum‘>

381 603 429 641 C.
459 616 527 644 ιο.
554 602 648 668 [25‚
678 601 750 656 3.]
790 600 888 649 τούς
927 601 1190 656 α’σηκρήτους
1234 603 1464 657 νοταρίους.
1521 604 1582 643 Μ.
1625 600 1724 652 τούς

270 653 508 751 ἄσηκρᾙητας
536 672 607 696 και
636 657 866 707 νοταρίους

378 714 432 751 D.
465 726 500 751 1.
521 712 662 767 [25‚7
672 712 712 765 .]
743 711 813 764 λέγ
803 726 852 749 ει
883 711 928 752 δὲ
957 708 1042 753 διὰ.
1099 713 1361 752 Membranae
1386 710 1496 765 λέγει
1525 709 1610 752 διὰ.

327 768 392 808 16.
417 767 469 806 A.
500 782 533 806 1.
559 728 775 822 [25‚18.]
817 766 1028 820 δευτέρου.
1086 767 1213 821 Saepe
1246 768 1422 807 occurrit
1469 769 1512 807 in
1545 768 1622 808 hoc
1673 768 1724 812 li·-

266 824 342 864 bro
367 823 562 862 'Deuterus
590 824 645 861 sic
677 823 811 871 nude,
855 831 894 862 et
927 831 1024 862 tunc
1059 837 1216 877 semper
1254 822 1501 887 intelligitur
1522 823 1725 864 Deuterus

266 879 442 932 Papiae,
475 878 517 916 id
549 885 608 916 est
631 852 915 917 seeundfwmae
943 879 1115 933 Papzae.
1175 877 1288 918 Alias
1318 879 1358 917 in
1383 879 1525 931 quovis
1557 893 1725 918 munere

268 943 338 973 aut
359 933 527 983 ordine,
559 935 628 986 qui
661 933 858 972 secundus
882 941 921 973 et
951 935 1154 986 pioximus
1186 941 1245 973 est
1273 935 1526 1000 primicerio,
1558 934 1724 1001 eiusque

268 990 445 1029 absentis
469 990 576 1028 vices
601 989 728 1057 gent
772 997 830 1027 est
863 987 1062 1042 δεύτερος.
1119 990 1212 1028 Ut
1203 1004 1245 1028 m
1267 988 1438 1039 militia,
1469 1002 1490 1027 ο
1521 987 1598 1039 μὲν
1627 988 1724 1042 Σέρ-

267 1059 355 1097 γιος
383 1041 652 1096 πριμικήριος
680 1038 754 1096 ἦν,
785 1039 806 1081 ὁ
839 1043 885 1083 δὲ
902 1026 1073 1095 Βάκχος
1106 1041 1300 1096 δεύτερος
1330 1041 1485 1094 αὐτοῦ,
1514 1044 1718 1098 Menolog.

268 1098 386 1139 Basil.
415 1100 465 1137 T.
489 1099 541 1137 11.
570 1114 611 1152 p.
634 1113 704 1153 99.
766 1099 826 1137 lia
855 1096 1116 1151 δευτερεύων
1144 1100 1225 1163 (id
1252 1101 1360 1138 enim
1385 1099 1492 1138 idem
1519 1101 1599 1150 est)
1640 1100 1724 1138 De-

267 1154 422 1194 marchi
448 1154 622 1193 habetur
647 1168 767 1207 supra
791 1169 831 1208 p.
857 1169 897 1207 9.
889 1183 918 1205 .‚
959 1134 1278 1205 ὸευτερεύοντας
1303 1154 1386 1193 τῶν
1414 1151 1721 1208 Δηφενσόρων,

267 1206 435 1263 ἱερέων,
474 1205 679 1248 διακόνων
709 1217 784 1247 etc.
818 1210 843 1247 h
848 1210 940 1248 1bet
967 1211 1035 1248 Du
1058 1210 1192 1263 Cange
1220 1209 1352 1248 Gloss.
1377 1209 1451 1247 Gr.
1480 1209 1523 1248 h.
1547 1223 1590 1248 v.

377 1264 486 1303 Ibid.
549 1263 737 1317 25‚1‹).]
768 1261 1008 1304 ἐιὸύεσθαι.
1066 1266 1125 1304 Μ.
1153 1264 1280 1315 ἐνδυ,
1310 1264 1351 1303 id
1373 1272 1431 1303 est
1447 1260 1694 1331 ἐνδυθῆναι.

380 1319 434 1358 A.
455 1320 496 1369 4.
493 1264 694 1386 ῒ2ἑζο
642 1319 736 1386 2ο.]
772 1316 846 1371 τὴν
874 1314 1067 1359 ἄκακιᾝαν
1124 1320 1234 1370 Quid
1272 1320 1323 1358 sit
1365 1313 1517 1358 ἀκακία
1554 1320 1723 1359 clemen-

268 1377 348 1423 tta,
401 1382 440 1413 et
477 1371 743 1426 ἅνεξικακιά,
784 1374 894 1429 quod
935 1374 1042 1414 idem
1074 1375 1295 1428 significat,
1343 1374 1424 1413 dixi
1466 1374 1518 1412 ad
1553 1389 1595 1428 p.
1622 1375 1720 1414 352.

380 1459 434 1523 A.
455 1499 496 1539 9.
520 1484 621 1538 [25,
642 1483 762 1539 25.].
790 1481 989 1525 ὑποκάτω
1035 1482 1347 1536 κουβουκλώειου
1402 1484 1463 1523 M.
1509 1477 1592 1522 ὖπὸ
1643 1484 1722 1524 τοῦ

268 1540 579 1591 κουβουκλειόυ.

378 1596 424 1633 Β.
450 1596 490 1634 3.
525 1597 585 1645 (ς.
617 1609 687 1634 2ι.
717 1610 751 1634 1.
769 1594 900 1649 )[26,
919 1610 958 1650 7.
974 1590 1117 1648 ]χρὴ.
1157 1595 1216 1632 Μ.
1246 1589 1323 1645 δὴ,
1354 1593 1394 1632 id
1422 1600 1480 1633 est
1506 1592 1582 1634 δεῖ.
1619 1594 1718 1634 Vid-

270 1650 319 1688 C.
354 1649 429 1688 ult.
467 1650 586 1689 huius
619 1652 740 1703 ipsius
774 1652 956 1703 paginae.
1017 1650 1084 1689 Nil
1104 1648 1352 1702 frequentius
1376 1651 1419 1687 in
1441 1649 1503 1688 his
1526 1650 1722 1690 membra·

268 1707 331 1744 nis
363 1706 658 1758 permutatione
686 1721 710 1759 η
743 1713 782 1744 et
810 1719 859 1746 ει.
883 1706 937 1745 V.
961 1705 1131 1745 Salmas.
1166 1705 1217 1743 ad
1244 1705 1332 1743 Scr.
1363 1704 1418 1743 H.
1445 1703 1552 1758 Aug.
1581 1705 1634 1744 T.
1659 1706 1717 1745 11.

421 1760 486 1800 52.

299 1775 360 1814 ag
382 1776 428 1854 g.
454 1815 494 1855 8.
521 1815 617 1870 [26,
637 1815 734 1871 2ο.]
777 1812 827 1853 οὕ
867 1814 1063 1868 γιᾛνονται
1121 1814 1309 1854 Scholion
1346 1813 1397 1853 ad
1435 1813 1544 1853 hunc
1582 1812 1718 1854 locum

270 1870 409 1910 multis
441 1871 687 1924 compendiis
729 1872 923 1923 scriptum
958 1878 998 1910 et
1026 1885 1049 1910 a
1081 1870 1311 1924 bibliopega
1347 1876 1595 1922 praesectum
1623 1870 1715 1910 fuit.

272 1927 383 1976 Quas
413 1927 571 1966 duobus
599 1929 714 1966 uncis
740 1925 882 1966 inclusi
909 1940 1054 1976 voces,
1085 1940 1153 1964 eae
1185 1940 1209 1964 a
1234 1923 1396 1963 cultello
1424 1925 1650 1978 penicrant,
1679 1932 1720 1964 et

269 1983 503 2048 sagacitate
513 1981 565 2021 cl.
587 1980 739 2021 Leichii
767 1981 986 2044 suppletae
995 1981 1173 2020 fuerunt.
1232 1979 1363 2018 Debet
1391 1987 1524 2019 autem
1546 1981 1600 2019 sic
1621 1979 1715 2034 legi.

269 2034 444 2099 Ἱστὲον,
484 2031 549 2076 ὅτι
575 2032 704 2091 ταύτῃ
733 2037 784 2091 τῇ
813 2029 1055 2087 προελεύσει
1083 2034 1135 2074 ου’
1163 2035 1343 2087 γίνονται
1374 2033 1553 2102 [δοχαὶ]
1585 2034 1629 2074 ἐν
1659 2035 1720 2102 τῷ

271 2069 446 2157 πόρτηκι
479 2090 613 2158 [τοῦ]
645 2091 927 2143 Αὕγουστέως
907 2119 950 2140 „
980 2090 1025 2130 ἐν
1054 2089 1154 2145 [τῇ]
1184 2090 1330 2156 χρυσῇ
1352 2103 1492 2153 χειρι,
1523 2085 1644 2153 [ἀλλ’
1672 2090 1719 2130 ἐν

271 2145 356 2208 τῷ]
387 2143 587 2214 ὀνοποὸύρ
617 2146 689 2185 καί
716 2146 760 2186 ἐν
789 2147 848 2202 τῷ
879 2143 1227 2201 [κον]σιστωρι’ῳ,
1255 2158 1327 2184 και
1353 2159 1405 2184 τα
1437 2141 1613 2200 [λοιπὰ]
1642 2158 1718 2184 κα-

273 2195 364 2246 &wc
397 2185 657 2255 προείρηται,

333 2254 774 2311 17.A.7.[27‚12.]
812 2251 999 2306 ἔμβολον.
1069 2256 1160 2295 Vox
1195 2255 1294 2295 haec
1338 2256 1534 2310 porticum
1572 2261 1716 2307 notat,

275 2310 555 2351 ambulacrum
587 2312 755 2365 desuper
778 2318 1040 2364 οοορειωω,
1081 2311 1123 2350 in
1150 2325 1270 2365 quem
1299 2312 1389 2365 quis
1418 2324 1460 2350 se
1483 2316 1613 2363 potest
1641 2308 1718 2360 ἐμ-

273 2358 467 2417 βάλλειν,
510 2367 711 2420 recipere,
753 2366 996 2419 confugere,
1036 2375 1268 2405 anter-trecen
1282 2396 1294 2414 ‚
1338 2380 1420 2420 quo
1448 2372 1558 2404 tutus
1581 2366 1633 2404 sit
1662 2364 1725 2403 ab

273 2418 428 2470 imbre,
463 2422 584 2472 nive,
625 2429 663 2461 et
692 2422 780 2460 aliis
807 2422 908 2460 a'e'ris
939 2422 1108 2460 iniuriis.
1167 2420 1349 2474 Duplicis
1379 2421 1536 2475 generis
1568 2418 1730 2459 emboli⁴

275 2481 402 2512 erant.
465 2477 672 2525 Quaedam
696 2477 849 2530 plateae
870 2490 951 2515 non
979 2491 1024 2515 ex
1049 2478 1205 2530 integro
1241 2477 1411 2530 desuper
1431 2483 1558 2515 tectae
1579 2482 1716 2527 erant,

273 2527 373 2566 sed
364 2543 403 2566 in
427 2531 558 2570 medio
590 2532 762 2571 liberum
790 2539 1044 2584 plospectum
1071 2531 1170 2570 coeli
1193 2532 1486 2579 concedebant,
1535 2537 1575 2570 et
1595 2530 1716 2569 ambo

274 2596 347 2620 sua
377 2583 500 2624 lateia
527 2593 686 2625 tintum
713 2587 918 2626 habebant
942 2587 1159 2640 porticibus
1188 2595 1422 2640 praetensa,
1460 2593 1508 2624 ut
1530 2587 1573 2624 in
1602 2585 1717 2624 urhi-

274 2635 350 2676 bus
376 2637 462 2676 Em
454 2654 563 2692 opac
588 2650 747 2681 nostrae
775 2643 920 2695 passim
941 2642 1078 2681 videre
1100 2649 1181 2692 est3
1211 2642 1408 2695 quaedam
1430 2641 1585 2694 plateae
1607 2647 1722 2679 totae

275 2699 390 2730 erant
415 2699 542 2733 tectae
571 2696 635 2734 vel
665 2697 879 2736 absidatae.
938 2697 1059 2736 Prius
1083 2672 1184 2736 illud
1216 2711 1338 2749 genus
1350 2697 1528 2749 designat
1552 2696 1712 2749 Papias,

274 2747 438 2801 quaudo
472 2749 542 2789 ait:
601 2750 749 2790 Imbzdi
780 2753 890 2792 dicct
892 2783 902 2802 ,
945 2753 1012 2792 vel
1039 2766 1133 2807 qula
1174 2753 1240 2791 sub
1271 2753 1466 2791 volumnae
1503 2760 1611 2802 sunt,
1649 2749 1719 2789 vel
