1884 3132
304 144 410 199 712
572 142 654 183 lo:
687 140 811 192 meg
840 140 1037 183 REISKH
1076 134 1454 185 communali

303 257 389 283 rem
418 255 510 282 cum
539 242 748 283 Saracenis
770 243 1024 283 Cretensibus
1053 243 1184 282 fuisse.
1241 244 1332 283 Non
1353 251 1485 284 tamen
1505 244 1636 289 obsmt
1652 251 1749 285 tem-

305 313 450 353 porum
485 299 600 347 ratio,
629 313 908 352 quemcunque
936 298 1098 337 tandem
1129 298 1315 337 Basilium
1345 306 1459 353 putes
1487 298 1563 338 hac
1589 299 1750 340 dedica-

303 357 414 393 tione
442 353 689 407 compellari,
720 355 932 407 quominus
960 361 1098 392 auctor
1128 356 1213 392 eius
1251 368 1627 408 paracoemomenus
1648 355 1750 394 Con-

306 411 468 449 stantini
506 408 880 462 Porphyrogenneti
912 409 1046 458 fuerit,
1075 415 1120 447 ut
1148 408 1269 448 fuisse
1296 425 1319 448 a
1347 409 1534 448 Naudaeo
1561 409 1749 463 perhibe-

305 473 386 505 tur.
443 465 541 503 Nam
577 466 607 503 si
645 464 789 503 Basilio
815 464 1029 503 Macedoni
1070 465 1226 503 iuvenis
1269 463 1539 504 Naumachica
1580 478 1650 503 sua
1689 465 1762 504 in-'

309 522 512 573 scripserit
536 518 703 558 Basilius
738 519 803 558 hic
832 521 1023 572 patricius
1040 549 1050 565 ,
1084 520 1214 573 potuit
1243 522 1374 559 senior
1402 519 1528 558 factus
1555 519 1754 558 Constan-

305 577 407 625 tino,
433 575 578 614 Leonis
606 574 716 624 filio,
751 575 956 613 accubitor
987 574 1120 614 fuisse.
1152 575 1304 625 Quodsi
1335 582 1468 614 autem
1499 574 1644 614 Basilio
1664 573 1753 614 Bul-

310 637 528 682 garoctono
563 629 712 669 librum
740 644 857 668 suum
887 630 1156 679 dedicaverit,
1185 634 1316 682 potuit
1343 630 1449 683 apud
1477 629 1640 668 fratrem
1669 630 1756 668 eius

309 687 621 725 Constantinum
662 685 902 724 accubitoris
929 683 1061 723 officio
1094 686 1250 723 functus
1290 685 1422 724 fuisse.
1480 684 1653 723 Videtur
1689 691 1752 724 ta-

309 756 419 789 men,
454 742 486 780 si
514 742 709 794 posterius
737 747 933 778 statuatur
951 769 962 788 ‚
993 740 1253 778 Constantino
1283 741 1428 779 iuniori
1454 739 1597 793 potiuS‚
1630 753 1754 793 quam

312 797 425 836 fratri
456 798 539 834 cius
571 809 669 849 opus
702 809 819 834 suum
849 796 1109 847 inscripturus
1139 794 1268 833 fnisse.
1326 796 1582 848 Quapropter
1618 794 1756 834 lectio-

308 866 400 891 nem
430 851 606 890 Fabricii
633 846 754 889 ἔνθεν
785 848 835 901 δὴ
865 847 1076 895 Βασιλεύς
1103 849 1258 894 πεδίον,
1295 865 1414 903 quam
1443 849 1657 904 aliquando
1689 849 1756 889 da·

310 907 526 955 mnabam,
559 905 759 958 praeferre
781 906 1078 944 Muratorianae
1106 918 1212 942 nunc
1240 919 1320 943 non
1361 905 1526 956 dubito,
1556 911 1594 943 et
1622 905 1756 944 Basilii

309 962 429 1002 titulo
459 961 766 1000 Constantinum
795 960 994 1012 Porphyr.
1032 961 1151 1012 Imp„
1187 961 1331 999 Leonis
1361 959 1488 999 filium
1506 989 1517 1011 ,
1547 959 1752 1012 appellari.

316 1016 437 1066 Quod
469 1015 705 1054 confirmare
734 1015 893 1053 videtur
924 1014 990 1053 illa
1020 1015 1058 1053 in
1088 1014 1333 1067 praefatione
1355 1015 1487 1053 Basilii
1515 1015 1670 1067 patricii
1704 1014 1757 1053 ad

313 1065 575 1110 fortissimum
596 1070 738 1109 ducem
752 1069 954 1117 allocutio,
970 1083 1088 1122 quem
1107 1070 1288 1122 quamvis
1307 1069 1516 1108 uberrimis
1532 1076 1570 1107 et
1590 1070 1759 1108 summis

313 1126 543 1180 quibusque
573 1124 758 1163 laudibus
786 1125 946 1171 efferat,
981 1132 1115 1163 tamen
1145 1138 1225 1162 non
1252 1125 1488 1163 nominavit.
1547 1124 1633 1177 Ego
1658 1138 1755 1163 vero

316 1180 587 1234 Nicephorum
618 1180 796 1219 Phocam
840 1180 958 1218 fuisse
996 1178 1132 1218 nullus
1171 1179 1328 1219 dubito.
1354 1176 1356 1178 ¹
1385 1179 1463 1217 Sed
1503 1178 1578 1217 hac
1616 1179 1667 1217 de
1711 1193 1759 1219 re

314 1237 491 1275 viderint
518 1235 601 1274 alii.
658 1235 838 1274 Ausones
869 1248 943 1287 pro
971 1235 1133 1272 Graecis
1157 1235 1275 1272 etiam
1307 1234 1404 1272 dixit
1429 1234 1588 1272 Nicetas
1607 1235 1647 1272 in
1677 1234 1758 1273 fine

316 1293 364 1333 L.
384 1292 456 1330 1V.
497 1304 632 1329 rerum
673 1289 870 1329 Manuelis
914 1289 1107 1328 Comneni
1152 1297 1189 1327 et
1235 1290 1278 1327 in
1307 1287 1550 1341 Anthologia
1602 1289 1755 1329 Graeca

320 1347 374 1385 H.
399 1344 538 1398 Steph.
570 1360 609 1398 p.
635 1344 727 1385 360.
756 1344 995 1398 Anonymus
1038 1343 1264 1383 describens
1302 1339 1377 1395 τήν
1415 1338 1639 1406 βασιλικῂν
1673 1343 1759 1383 ταῖν

316 1398 624 1452 παιδευτηρίων
663 1399 708 1439 ἐν
744 1399 988 1455 Βυζαντίῳ,
1023 1401 1078 1438 ait
1099 1429 1111 1450 ,
1147 1399 1202 1437 ibi
1232 1397 1379 1437 effundi
1408 1394 1544 1450 πηγὴν
1570 1397 1760 1451 αφθονον

317 1454 543 1496 Αὐσονίων
569 1453 765 1505 νομίμων.
820 1454 977 1493 Scilicet
1005 1456 1098 1494 novi
1121 1455 1265 1493 Graeci
1280 1461 1326 1493 ut
1346 1454 1528 1502 Romani,
1556 1453 1612 1492 sic
1638 1453 1759 1493 etiam

315 1510 491 1550 Ausones
521 1510 758 1549 affectabant
786 1509 992 1563 appellari.

427 1565 475 1604 C.
503 1564 580 1605 ult.
614 1565 728 1620 [606‚
764 1564 843 1618 ¹8.]
882 1564 921 1604 εἰ
945 1564 995 1615 ¹m'
1031 1566 1172 1611 θὲους.
1232 1565 1289 1604 Ita
1328 1563 1605 1613 membranae,
1647 1577 1763 1604 more

315 1634 387 1660 suo
406 1651 417 1671 ‚
447 1634 521 1674 pro
549 1618 776 1672 ἡμιθέους,
808 1620 916 1674 quod
945 1622 985 1659 in
1013 1622 1164 1659 Latinis
1193 1620 1365 1659 reddidi.

429 1675 522 1716 551.
555 1675 610 1714 A.
645 1674 684 1727 4.
721 1675 837 1729 [607‚
857 1674 920 1730 5.]
951 1672 1143 1714 διπλατὰ.
1204 1675 1263 1713 Ita
1292 1675 1563 1714 membranae.
1594 1671 1761 1712 Mallem

317 1737 387 1769 aut
417 1726 601 1770 ὃιπλωτά
620 1759 631 1779 ,
662 1738 731 1769 aut
759 1732 890 1782 potius
927 1727 1122 1780 διπλάτα,
1151 1730 1337 1785 duplata,
1378 1737 1549 1770 retracto
1581 1735 1762 1772 accentu,

428 1785 482 1824 A.
515 1786 554 1826 5.
587 1785 700 1840 [607‚
730 1785 785 1839 7.]
815 1785 996 1836 χασδιόυ
1025 1783 1244 1838 βηλαριόυ.
1302 1785 1556 1824 Vocabulum
1584 1782 1765 1835 χασδίον

316 1846 431 1878 notat
453 1840 568 1879 novis
581 1842 741 1879 Graecis
772 1850 956 1879 sarnetum
978 1841 1184 1887 villosum,
1215 1840 1328 1879 nobis
1346 1840 1535 1889 Samma,
1565 1837 1628 1878 vel
1641 1839 1762 1877 etiam

317 1894 452 1934 Plisch
467 1925 479 1946 ‚
509 1895 684 1934 deterius
703 1896 862 1935 examiti
881 1909 1020 1948 genus3
1038 1909 1075 1934 v.
1098 1897 1222 1934 Goar.
1241 1895 1291 1933 ad
1308 1895 1452 1933 Codin.
1477 1910 1514 1949 p.
1534 1894 1602 1934 (io.
1634 1907 1675 1932 n.
1692 1893 1760 1932 50.

317 1949 384 1987 Du
409 1950 544 2003 Gange
563 1949 692 1989 Gloss.
710 1952 782 1990 Gr.
804 1951 848 1989 h.
870 1964 912 1989 v.
941 1951 1128 1990 Occurrit
1149 1950 1302 2003 saepius
1318 1951 1359 1988 in
1381 1950 1556 1997 Arsenii,
1579 1948 1764 2002 Episcopi

316 2003 533 2051 Elassonis,
566 2005 701 2044 Itiner.
734 2007 774 2045 in
807 2007 1075 2052 Moscoviam‚
1107 2005 1212 2058 quod
1243 2019 1370 2058 nuper
1397 2006 1546 2058 prodiit
1574 2005 1615 2043 in
1648 2002 1765 2042 Cata-

316 2058 409 2112 logo
437 2062 798 2114 manuscriptorum
823 2060 948 2099 Codd.
985 2059 1089 2099 Bibl.
1122 2061 1267 2112 Regiae
1291 2061 1563 2099 Taurinensis.
1592 2058 1764 2097 Videtur

315 2124 514 2164 Arabicae
541 2133 611 2165 aut
625 2126 807 2165 Persicae
839 2127 1002 2179 originis
1029 2140 1126 2165 esse.
1191 2124 1295 2164 Sane
1329 2122 1414 2182 35,
1448 2126 1576 2164 Cleazz
1594 2154 1604 2172 ‚
1635 2130 1675 2162 et
1691 2133 1764 2181 js,

319 2180 437 2231 Cazz,
456 2189 514 2220 est
531 2183 698 2220 sericum
716 2181 896 2221 nondum
914 2181 1154 2228 laboratum,
1176 2183 1407 2233 praesertim
1426 2181 1597 2234 grossius
1612 2210 1622 2225 ‚
1642 2191 1766 2231 eaque

317 2248 394 2273 vox
423 2250 551 2288 neque
571 2237 722 2275 Latinis
746 2237 864 2275 medii
901 2237 987 2275 aevi
1017 2236 1166 2289 ignota3
1187 2250 1228 2274 v.
1253 2236 1320 2274 Du
1347 2236 1481 2289 Gange
1508 2249 1551 2274 v.
1572 2234 1761 2280 Alclmzz,

317 2289 386 2327 ubi
415 2304 438 2328 e
465 2291 603 2329 charta
630 2298 764 2330 vetere
795 2291 1009 2344 Hispanica
1041 2292 1138 2330 citat
1177 2290 1308 2331 locum
1326 2321 1336 2339 ‚
1375 2293 1417 2329 in
1447 2304 1527 2343 quo
1554 2289 1767 2328 nominan-

318 2351 387 2382 tur
419 2345 656 2398 ignorabiles
682 2344 832 2384 multae
871 2347 1019 2399 species
1059 2360 1313 2398 pannorum,
1357 2346 1397 2384 in
1432 2345 1577 2398 quibus
1598 2344 1766 2396 ‘paucas

317 2413 513 2451 agnosco,
550 2407 590 2439 et
616 2400 689 2439 has
709 2401 808 2439 duas
836 2414 960 2453 paene
991 2400 1119 2453 solas,
1149 2402 1361 2454 Bar-ragan
1385 2407 1425 2439 et
1447 2401 1628 2455 planetas
1642 2398 1765 2435 urcio-

315 2478 393 2502 ηας.
436 2466 553 2505 Prius
583 2474 642 2505 est
664 2481 739 2506 vox
761 2466 934 2505 Arabica
963 2456 1078 2523 0552,
1113 2466 1336 2520 significans
1355 2478 1531 2519 pannum
1561 2462 1768 2502 variorum

316 2518 519 2569 colorum,
559 2518 842 2569 ἄλλοέσσοντα,
882 2523 953 2574 qui
992 2536 1066 2574 pro
1096 2523 1218 2560 vvario
1246 2524 1322 2560 situ
1350 2520 1482 2559 varios
1510 2517 1673 2556 luminis
1698 2522 1769 2557 ra-‘

316 2572 403 2611 dios
427 2575 551 2614 oculis
575 2577 734 2629 ingerit,
755 2584 957 2615 momento
969 2576 1192 2616 mutabiles.
1225 2576 1414 2616 Planetae
1437 2580 1570 2612 autem
1597 2574 1766 2612 artiones

317 2646 410 2677 sunt
440 2645 543 2678 rosei
572 2643 725 2690 coloris,
749 2642 800 2680 ab
823 2643 901 2680 urd
922 2642 984 2680 vel
1012 2642 1089 2681 ord
1111 2649 1150 2681 et
1172 2642 1273 2681 orod
1295 2647 1361 2694 ὁ),
1392 2652 1496 2681 rosa.
1527 2638 1632 2679 Hinc
1654 2637 1766 2677 intel-

316 2690 414 2744 ligas
430 2723 442 2743 ,
483 2696 581 2747 quid
594 2698 670 2735 sint
698 2698 852 2735 casulae
879 2699 1114 2751 episcopales
1145 2697 1194 2735 de
1222 2697 1416 2736 orodonas
1438 2692 1545 2747 apud
1572 2693 1638 2734 Du
1662 2692 1771 2732 Can-

315 2758 423 2809 ginm
440 2773 479 2799 v.
494 2760 695 2800 orodona.
710 2763 810 2801 Sunt
821 2776 961 2815 nempe
975 2763 1076 2803 rosei
1086 2762 1240 2800 coloris.
1261 2762 1445 2814 Marayce
1464 2759 1622 2799 videtur
1640 2755 1769 2813 &dd-1⁸
