1832 3126
235 174 315 230 86
516 193 617 234 io,
657 190 763 234 1Ac.
807 192 1003 234 Rfflsxn
1045 190 1425 236 commum

234 297 277 334 in
296 292 455 335 laudem
473 294 736 347 Imperatoris
753 293 962 333 conditum
978 323 990 344 ‚
1020 301 1059 334 et
1076 294 1304 348 gratulandi
1330 310 1451 336 causa
1467 295 1522 337 ob
1538 296 1693 338 festum‘

234 350 343 389 diem
380 350 549 389 feliciter
587 349 744 388 obitum
758 380 770 401 ‚
826 351 903 402 ipsi
944 349 1139 389 traditum
1156 380 1168 400 ‚
1215 351 1341 390 verbo
1375 352 1688 406 gratulationem&

233 407 434 460 poeticam·
449 435 460 455 ‚
490 403 652 458 qualem
669 407 893 444 transeunti
918 405 1156 458 Imperatori
1179 403 1320 446 diebus
1346 406 1457 447 festis
1482 422 1683 462 unaquae-

236 475 315 514 que
341 460 460 498 factio
487 473 563 514 per
589 461 859 499 Democraten
883 474 1001 499 suum
1022 461 1223 500 tradebat.
1282 462 1416 501 Dictio
1447 457 1684 502 ἐπιδιδόναι

233 511 279 555 ’τὸ
312 513 550 568 λιβελλάριν
573 512 646 554 τὸν
687 511 890 568 δεσπότην
915 523 974 555 est
999 530 1107 556 nova
1133 518 1302 556 Graecia
1331 517 1476 571 digna,
1520 525 1560 557 et
1586 531 1683 571 per‘-

234 570 425 624 frequens
450 571 493 609 in
521 571 599 610 hoc
630 570 751 609 libro.

345 625 400 664 A.
420 625 460 665 5.
483 625 581 681 [12‚
615 624 708 679 16.]
756 622 1064 676 ἅκτολογοῦσιν.
1119 625 1224 665 Acta
1257 627 1414 676 dicunt,
1465 627 1688 667 acclamant

234 680 338 720 bona
363 678 472 720 v'ota.
531 680 651 720 Tales
676 680 982 720 acclamationes
998 710 1009 731 ‚
1051 673 1285 734 εὖφημίαι,
1320 682 1418 721 olim
1447 692 1538 722 acta
1576 682 1686 722 dice-

234 733 400 775 bantur.
458 737 652 776 Derivata
682 751 760 775 vox
789 737 832 775 in
858 750 1007 774 novam
1039 737 1249 775 Graeciam
1285 738 1361 776 suit
1375 768 1387 789 ‚
1429 745 1468 776 et
1500 745 1656 777 retenta
1670 765 1687 788 5

235 798 277 830 et
302 791 562 845 perfrequens
594 799 652 832 est
681 793 723 831 in
750 791 830 831 hoc
868 791 1005 830 codice
1031 790 1101 830 illo
1129 806 1262 831 sensu.
1320 793 1442 846 Apud
1466 793 1686 846 Theopha-

236 859 332 886 nem
359 861 403 901 p.
430 846 519 898 ¹54·
548 848 603 886 D.
638 862 675 887 c.
708 848 778 886 firi.
821 853 910 886 acta
939 861 1021 885 non
1055 853 1215 886 tantum
1244 847 1394 888 faustas
1430 847 1688 887 acclamatio-

236 915 307 941 nes
322 932 333 954 ‚
379 901 449 941 sed
480 904 602 941 etiam
638 901 820 956 querelas
849 902 1032 941 factionis
1063 903 1106 941 in
1136 903 1254 942 Circo
1285 911 1324 943 et
1351 903 1691 958 expostulationes-

236 972 330 996 eum
357 957 630 1011 Imperatore,
661 965 700 998 et
727 959 889 1008 omnia,
919 971 1022 1010 quae
1048 964 1146 996 tunc
1170 958 1278 998 dicta
1306 965 1346 998 et
1373 966 1462 998 acta
1494 959 1656 998 suerunt
1671 988 1685 1010 ,

237 1013 448 1066 significat.
506 1013 568 1052 Ut
593 1021 682 1053 acta
714 1014 757 1052 in
783 1013 941 1052 iudiciis
970 1020 1064 1052 sunt
1082 1042 1094 1063 ‚
1124 1028 1228 1067 quae
1257 1028 1280 1052 a
1311 1015 1494 1068 partibus
1523 1013 1686 1068 litigan-

235 1067 344 1107 tibus
374 1070 565 1122 utrin'q‘ue
598 1069 855 1122 disputantur
882 1082 1019 1107 coram
1046 1069 1267 1120 tribunali,
1314 1076 1354 1109 et
1382 1071 1427 1109 in
1454 1076 1570 1119 acta,
1614 1084 1686 1110 seu

236 1127 546 1162 commentarios
567 1154 578 1174 ‚
620 1139 644 1164 a
672 1125 838 1163 notariis
865 1123 1123 1174 referuntur3
1165 1126 1220 1164 ita
1254 1138 1417 1179 quoque
1444 1132 1534 1164 acta
1564 1132 1686 1176 sunt,

237 1192 346 1231 quae·
377 1194 400 1218 a
430 1179 670 1219 factionibus
705 1178 899 1233 opp'ositis
939 1193 1076 1218 coram
1109 1180 1382 1233 Imperatore,
1428 1187 1500 1219 aut
1539 1179 1688 1220 illustri

237 1234 471 1286 magistratu
487 1264 499 1284 .,
547 1235 762 1286 dicuntur,
803 1242 844 1273 et
870 1235 913 1273 in
944 1242 1033 1273 acta
1050 1265 1062 1285 ‚
1101 1249 1170 1274 seu
1201 1237 1510 1275 commentarios
1528 1265 1540 1285 ‚
1579 1235 1689 1275 refe-

237 1296 400 1329 runtur.
457 1288 697 1329 Scribebant
735 1304 880 1343 nempe
910 1291 1059 1329 notarii
1094 1291 1192 1343 quid
1223 1304 1407 1345 quaeque
1451 1291 1571 1330 factio
1589 1321 1602 1342 ,
1647 1298 1689 1331 et

238 1346 395 1397 quoties
426 1346 525 1399 quid
554 1346 743 1385 dixerint.
801 1346 908 1384 Hinc
934 1359 1052 1399 saepe
1079 1345 1217 1385 videas
1246 1348 1287 1384 in
1326 1347 1406 1386 hoc
1442 1347 1579 1385 codice
1611 1360 1686 1385 an-

238 1404 423 1439 nota-tum
439 1430 456 1451 r
497 1400 575 1441 hoc
614 1401 681 1442 vei
714 1400 814 1440 illud
850 1408 938 1453 ter,
983 1406 1054 1440 aut
1090 1401 1293 1440 interdum
1315 1403 1472 1455 saepius
1508 1402 1692 1441 recitari.‘

238 1454 277 1494 N
281 1455 396 1495 ullibi
431 1457 678 1510 frequentius
710 1456 810 1496 tales
846 1456 1152 1496 acclamationes
1189 1471 1312 1511 quam
1345 1459 1388 1496 in
1415 1456 1691 1510 Scriptoribus

241 1509 448 1550 Historiae
476 1512 681 1565 Augustae
706 1512 816 1565 legas
830 1541 843 1562 ‚
899 1519 947 1551 ut
979 1526 1017 1551 e.
1038 1527 1075 1551 c.
1104 1518 1194 1552 acta
1213 1513 1384 1552 Senatus
1403 1511 1455 1551 ad
1473 1513 1534 1551 M.
1554 1511 1687 1551 Anto-

239 1567 383 1605 ninum
422 1567 709 1620 philosophum
733 1574 826 1606 sunt
855 1567 963 1620 apud
996 1567 1161 1607 Vulcat.
1195 1567 1370 1607 Gallien.
1401 1569 1445 1606 in
1475 1569 1560 1607 vita
1586 1566 1689 1606 Avi-

241 1620 299 1659 dii
330 1621 458 1661 Cassii
478 1623 531 1662 Τ.
551 1620 588 1662 Ι.
617 1637 659 1676 p.
679 1622 776 1675 467.
793 1653 804 1675 ,
834 1623 886 1661 ad
905 1637 1025 1676 quem
1052 1623 1187 1663 locum
1211 1623 1471 1663 Casaubonus
1495 1629 1689 1662 consueto

241 1690 318 1716 suo
345 1692 457 1718 more
494 1678 611 1718 docte
633 1686 673 1718 et
703 1677 790 1718 fuse
815 1678 867 1717 de
902 1681 985 1717 ritu
1018 1678 1265 1718 acclamandi
1295 1686 1335 1718 et
1362 1678 1413 1718 de
1447 1677 1689 1732 etymologia

238 1734 349 1771 vocis
380 1743 468 1772 acta
496 1733 688 1787 disputat.
745 1734 847 1788 Pag.
877 1733 973 1784 524.
1003 1742 1097 1773 sunt
1123 1741 1212 1773 acta
1237 1734 1289 1772 ad
1317 1735 1568 1773 Pertinacem
1595 1739 1689 1786 post

238 1798 379 1827 necem
405 1789 643 1839 Commodi,
672 1804 715 1842 p.
737 1803 833 1843 772.
864 1796 952 1828 acta
978 1789 1030 1828 ad
1059 1790 1288 1828 Macrinum
1310 1797 1350 1828 et
1369 1788 1689 1839 Diadumenum,

238 1855 282 1895 p.
302 1843 399 1898 890.
430 1845 482 1883 ad
504 1844 777 1884 Alexandrum
803 1845 998 1883 Severum
1013 1874 1025 1895 ‚
1066 1859 1089 1883 e
1112 1859 1193 1898 quo
1220 1844 1310 1883 loco
1341 1843 1583 1898 etymologia
1610 1857 1686 1883 vo-

241 1899 298 1938 cis
319 1899 414 1939 satis
439 1900 545 1939 clare
572 1907 697 1954 patet.
754 1899 917 1939 Addam
934 1930 946 1951 ,
975 1901 1033 1938 ait
1064 1899 1322 1952 Lampridius
1336 1929 1349 1950 ‚
1387 1899 1692 1951 acclamationes

241 1953 428 2004 Senatus,
460 1957 595 2011 quibus
617 1957 664 1996 id
683 1955 876 1995 deeretzmz
897 1964 967 1994 est.
1024 1955 1101 1994 Ex
1119 1956 1218 1994 actis
1237 1955 1341 1993 urhis
1363 1954 1422 1994 ad
1446 1953 1534 2005 (vel
1555 1955 1690 2008 potius

243 2019 332 2048 ante
365 2010 472 2050 diem
486 2039 498 2060 ‚
540 2018 586 2050 ut
627 2010 888 2051 Casaubonus
916 2010 1028 2061 vult)
1069 2009 1208 2064 pridie
1245 2024 1369 2049 nonas
1405 2010 1578 2048 Mat-tias
1606 2016 1686 2048 etc.
1739 2037 1742 2041 ·

242 2063 351 2103 Haec
384 2073 423 2105 et
446 2066 543 2105 talia
569 2066 687 2119 plura·
708 2073 796 2105 acta
827 2066 881 2104 T.
906 2066 964 2104 II.
991 2066 1235 2118 scriptorum
1261 2065 1454 2104 historiae
1480 2064 1690 2119 Augustae

240 2122 482 2172 reperiunda
517 2122 771 2172 considerans
807 2134 995 2175 magnam
1022 2134 1162 2160 eorum
1197 2120 1502 2159 similitudinem
1542 2120 1687 2173 depre-

239 2173 388 2215 hendet
420 2190 512 2215 cum
540 2176 638 2217 actis
663 2178 705 2216 in
734 2183 872 2216 nostro
906 2176 1054 2215 Codice
1082 2175 1315 2229 frequenter
1342 2177 1533 2215 recitatis.
1564 2174 1684 2214 Conf.

241 2228 380 2282 Sigon.
414 2231 463 2271 de
490 2247 615 2286 regno
640 2232 780 2272 Italiae
805 2246 849 2285 p.
871 2230 939 2270 28.
969 2231 1046 2270 ult.
1103 2230 1349 2284 Plerumque
1385 2240 1476 2270 acta
1505 2223 1613 2269 ἔκτα
1642 2228 1685 2269 in

240 2283 387 2335 plurali
419 2287 582 2327 dicitur.
638 2287 811 2341 Reperio
835 2294 971 2325 tamen
999 2287 1043 2325 in
1071 2286 1150 2326 hoc
1177 2286 1313 2326 codice
1329 2285 1571 2340 singularem
1591 2299 1687 2338 quo·

241 2352 319 2391 que
349 2355 392 2393 p.
415 2342 482 2381 31.
513 2344 560 2382 Β.
582 2358 648 2397 7.:
675 2340 740 2383 Ἐν
767 2341 814 2382 δὲ
842 2342 899 2396 τῷ
931 2341 1159 2397 τελευταίῳ
1190 2334 1330 2396 fingo,
1374 2343 1417 2381 in
1446 2342 1585 2380 ultima
1617 2347 1686 2379 ac2

241 2394 496 2446 clamatione,
549 2395 592 2438 i'n
621 2399 760 2437 ultinia
799 2397 1000 2453 particula
1035 2406 1225 2436 actorum.
1283 2397 1337 2436 V.
1365 2395 1486 2450 paulo
1512 2401 1605 2449 post
1635 2395 1689 2434 de

243 2447 397 2488 Cractis
429 2464 498 2491 seu
529 2453 793 2505 praeconibus
816 2452 1001 2491 dicenda.
1058 2452 1189 2491 Multa
1214 2453 1411 2505 congessit
1432 2450 1482 2490 de
1510 2464 1624 2489 more
1648 2457 1688 2490 et

70 2498 135 2536 1⁴1·
146 2498 185 2536 1¹·
196 2500 241 2537 28
252 2503 434 2544 formulis
478 2508 724 2547 acclamandi
755 2507 818 2547 (Π.
846 2507 1031 2546 Leichius
1064 2508 1107 2546 in
1141 2507 1393 2546 Adversariis
1420 2505 1472 2545 ad
1498 2505 1690 2550 codicem.

252 2557 362 2598 hunc
380 2587 393 2610 ‚
437 2562 545 2601 unde
578 2564 709 2616 Caput
745 2563 843 2602 illud
876 2564 1047 2610 totum‚'
1077 2563 1141 2601 cui
1173 2561 1337 2601 titulum
1377 2561 1690 2601 Acclamation&

251 2614 506 2668 inscripserat
521 2646 534 2667 ‚
586 2618 665 2658 huc
698 2619 936 2658 transferam
955 2648 968 2671 ‚
1022 2616 1141 2672 quale
1180 2618 1313 2658 inveni
1339 2615 1560 2657 Collectan.
1591 2629 1688 2669 pag..

247 2664 317 2723 39.
346 2669 416 2722 40.
445 2670 517 2722 41.
