1884 3132
102 261 163 296 Ed.
177 260 217 294 L.
237 262 299 296 126

309 127 420 194 4ου
619 146 690 188 10.
732 146 836 190 1Ac.
875 147 1068 190 nmsxu
1109 147 1486 194 COMMENTARH

393 250 488 290 233.
511 251 563 291 D.
587 250 758 306 5.[401‚
782 251 862 308 ¹7¹]
893 249 1020 307 κόμης
1050 252 1131 293 τῶν
1158 249 1384 308 πριβάτων.
1452 255 1734 299 Vid.Casaub.

308 305 359 344 ad
380 306 466 344 Ser.
488 307 540 345 H.
564 306 668 360 Aug.
691 309 741 346 T.
762 310 796 347 I.
816 324 858 362 p.
881 309 989 363 609..
1009 309 1177 348 Gmher.
1202 309 1362 365 p.759.‚
1381 311 1516 351 vales.
1531 312 1583 352 ad
1595 312 1734 357 Arum.

308 361 491 400 Marcell.
513 377 553 414 p.
578 363 673 402 323.
697 371 735 402 et
763 365 829 402 Du
860 365 992 417 Gange
1020 364 1150 403 Gloss.
1171 367 1243 404 Gr.

417 417 470 454 D.
492 416 533 456 6.
554 417 668 471 [4οι,
696 418 779 473 17.]
808 418 1030 459 πιττάκιον.
1059 419 1312 473 *[Ρίιεαείιινη
1331 427 1388 460 est
1405 421 1605 466 schedula.
1625 421 1739 463 Ana·

307 478 400 510 stas.
424 486 515 525 pag.
547 472 683 527 ιο4.]*
739 475 835 514 Vid.
865 475 1031 513 Salmas.
1050 476 1100 513 ad
1119 476 1205 514 Ser.
1231 476 1281 515 H.
1300 475 1405 530 Aug.
1429 477 1479 515 T.
1499 477 1533 515 l.
1554 492 1597 531 p.
1619 492 1734 532 9¹²·²

309 527 485 566 Gretser.
524 528 574 568 ad
607 529 749 568 Codin.
782 544 823 582 p.
846 530 933 569 162.
994 530 1202 583 Interpret.
1231 531 1282 568 ad
1310 531 1560 571 Petronium.
1615 533 1743 572 Estssa

308 580 416 620 πέτω
431 613 442 633 ‚
462 579 600 622 πετάω
619 614 629 631 ,
653 585 839 639 expando
854 615 865 634 ‚
899 585 1022 632 πέταξ
1043 616 1052 632 ,
1085 582 1298 624 πεττάκιον
1320 615 1331 634 ,
1364 583 1589 628 πιττάκιον.
1619 587 1742 628 Unde

307 651 467 690 quoque
503 641 617 678 novis
657 640 817 679 Graecis
857 640 953 679 πίτυι
987 647 1024 678 et
1052 639 1174 679 πίττα
1201 647 1258 679 est
1278 640 1382 680 idem
1395 648 1516 694 atque
1533 642 1738 692 πλακοῦς,

301 693 508 745 placenta,
544 702 760 748 utrumque
788 710 810 734 a
839 695 985 748 plano,
1014 695 1190 748 repando
1218 703 1257 735 et
1288 696 1383 735 lato.

417 748 470 786 D.
495 749 571 788 ult.
594 749 703 803 [402.
728 749 790 804 5.]
823 749 860 790 οἱ
883 752 965 790 τῶν
998 750 1227 803 φαβρίκων.
1282 752 1533 790 Fabricenses
1552 781 1565 804 ,
1595 747 1633 790 οἶ
1654 765 1739 806 φα-

307 799 544 855 βρικὴσιοι,
574 807 642 857 qui
671 806 721 844 ad
750 806 929 859 publicas
958 806 1124 844 fabricas
1153 807 1382 859 pertinent,
1413 813 1452 845 et
1479 808 1520 845 in
1549 808 1596 846 iis
1623 806 1738 846 labo·

308 865 399 895 rant
421 888 432 909 ‚
464 867 533 898 aut
561 862 679 899 etiam
711 861 878 900 fabricas
905 861 1084 914 publicas
1112 861 1276 900 faciunt.
1321 861 1426 900 Sunt
1443 862 1548 900 enim
1568 861 1741 901 fabricae

308 919 380 950 aut
406 912 615 966 officinae,
645 917 685 954 in
714 916 858 969 quibus
884 930 995 955 arma
1026 923 1065 954 et
1093 915 1168 955 alia
1197 915 1291 955 talia
1319 916 1478 970 publica
1494 930 1616 969 opera
1643 919 1740 956 con·-

310 967 484 1017 fiebant,
514 971 783 1023 parabantur3
813 978 882 1010 aut
913 973 996 1024 ipsa
1025 985 1145 1025 opera
1173 971 1333 1024 publica
1351 1001 1362 1022 ,
1391 971 1568 1010 aedificia
1585 1001 1595 1020 ‚
1627 985 1740 1011 arma

309 1030 386 1061 etc.
447 1024 534 1063 Hoc
562 1040 678 1065 sensu
710 1027 901 1078 accipitur
929 1026 1036 1079 apud
1065 1027 1269 1079 Lamprid.
1299 1026 1417 1065 Alex.
1440 1026 1576 1065 Sever.
1610 1027 1662 1065 T.
1702 1027 1736 1065 Ῑ.

309 1077 396 1116 Ser.
421 1078 524 1118 Hist.
548 1081 651 1133 Aug.
670 1095 710 1133 p.
734 1095 855 1134 921.:
886 1082 1094 1134 vectigalia
1120 1082 1336 1120 civitatibus
1371 1080 1430 1120 ad
1457 1082 1644 1136 propr-ias
1657 1082 1740 1133 sa-

308 1133 435 1171 hricas
458 1135 682 1189 deputavit,
729 1136 771 1174 id
798 1144 857 1176 est
884 1139 1059 1186 remisit,
1109 1144 1155 1175 ut
1180 1151 1225 1175 ex
1254 1137 1300 1175 iis
1326 1143 1487 1190 possent
1513 1149 1633 1190 opera
1662 1150 1739 1189 pu-

309 1187 412 1227 blica
443 1189 555 1237 fieri,
604 1193 818 1230 restaurari
846 1198 885 1230 et
911 1191 1137 1231 sustentari.
1191 1191 1307 1230 Conf.
1341 1190 1512 1230 Guther.
1545 1205 1587 1244 p.
1611 1189 1707 1243 614.
1726 1219 1740 1244 ‚

308 1241 494 1283 Fabrott.
516 1245 647 1285 Gloss.
679 1246 845 1285 Cedreni
860 1276 871 1295 ,
901 1248 968 1286 Du
997 1244 1130 1299 Cange
1164 1246 1294 1285 Gloss.
1317 1247 1407 1285 Lat.
1428 1260 1470 1284 v.
1492 1247 1698 1285 Fabricae.

399 1298 494 1351 254.
518 1299 568 1340 A.
591 1315 631 1339 2.
670 1300 779 1355 [4oz‚
810 1300 870 1356 4.]
910 1301 955 1342 ἐκ
993 1301 1076 1340 τῶν
1106 1301 1352 1353 καπηλείων.
1405 1300 1511 1340 Puto
1539 1302 1741 1354 καπηλεῖα

310 1366 395 1392 esse
420 1354 593 1408 hospitia
615 1357 800 1408 publica,
841 1357 1026 1395 tabernas
1065 1357 1159 1395 vino
1199 1363 1238 1394 et
1266 1355 1354 1395 aliis
1381 1355 1603 1409 liquoribus
1640 1369 1744 1395 ven-

309 1408 464 1448 dendis.
520 1411 716 1461 Qualibus
744 1413 786 1450 in
818 1411 983 1450 aedibus
1011 1425 1135 1464 quum
1164 1410 1290 1450 multa
1317 1412 1396 1450 sint
1422 1410 1575 1464 agenda
1592 1440 1604 1462 ‚
1634 1409 1742 1450 mul-

309 1465 361 1501 tis
387 1478 487 1517 opus
516 1467 582 1517 sit,
611 1474 658 1505 ut
685 1468 726 1505 in
743 1467 952 1506 hominum
982 1466 1216 1520 frequentia,
1242 1466 1430 1505 ministris
1458 1473 1498 1505 et
1525 1465 1739 1519 vigilibus,

309 1519 429 1558 credo
446 1524 694 1561 consuevisse
721 1537 745 1561 a
771 1522 1006 1562 tabernariis
1027 1536 1048 1560 e
1075 1523 1272 1575 praetorio
1300 1520 1351 1560 ad
1378 1521 1543 1560 diurnos
1559 1535 1655 1560 usus
1671 1534 1742 1574 pe-

309 1575 404 1614 titos
432 1576 550 1615 ffiisse
576 1591 648 1630 pro
677 1577 858 1617 mercede
896 1579 937 1616 in
973 1577 1112 1616 fiscum
1139 1576 1344 1616 inserenda
1372 1578 1549 1629 captivos
1577 1576 1742 1615 Sarace—

310 1643 388 1668 nos
417 1638 456 1669 et
484 1630 581 1671 alios
599 1661 611 1684 ‚
646 1633 697 1671 ad
736 1633 963 1686 purgandas
990 1633 1106 1672 aedes
1152 1631 1307 1686 aliaque
1339 1631 1499 1670 sordida
1525 1632 1745 1670 ministeria

308 1686 532 1739 peragenda
553 1716 564 1738 ,
591 1688 925 1741 quemadmodum
955 1687 1085 1726 adhuc
1114 1687 1234 1726 hodie
1267 1686 1364 1726 CPli
1393 1686 1542 1740 captivi
1570 1685 1742 1724 Christi-

309 1741 376 1778 ani
408 1755 430 1779 e
470 1749 619 1795 septem
657 1745 713 1782 sic
751 1743 867 1782 dictis
910 1743 1090 1782 turribus
1127 1743 1277 1796 petenti
1319 1742 1462 1794 cuique
1500 1740 1552 1779 ad
1577 1740 1743 1779 diurnas

309 1809 449 1848 operas
475 1799 788 1850 permittuntur,
821 1813 894 1852 pro
923 1799 1105 1837 mercede
1136 1805 1282 1837 statuta
1303 1826 1315 1847 ‚
1348 1810 1470 1850 quam
1490 1795 1636 1850 captivi
1666 1796 1743 1848 ipsi

308 1851 482 1903 pendere
508 1867 580 1892 suo
608 1854 759 1893 custodi
787 1861 827 1893 et
855 1854 1006 1893 aerario
1035 1853 1196 1907 publico
1224 1852 1371 1891 debent
1388 1881 1400 1903 ‚
1431 1850 1507 1889 sub
1531 1864 1741 1903 vesperam

308 1906 479 1946 vinculis
507 1909 755 1948 restituendi.
812 1909 922 1948 Idem
959 1910 999 1947 in
1043 1908 1285 1947 nostratibus
1322 1919 1483 1960 quoque
1522 1905 1742 1944 maioribus

309 1961 478 2001 urbibus
505 1963 589 2002 fieri
617 1964 740 2015 solet,
777 1964 847 2003 ubi
876 1963 1043 2003 malefici
1073 1969 1349 2011 asservantur,
1390 1962 1560 2000 aeternis
1597 1962 1742 2000 vincu—

309 2014 358 2054 lis
402 2024 442 2055 et
481 2020 689 2058 structuris
725 2018 978 2058 castellorum
1017 2018 1264 2071 aliorumque
1292 2016 1548 2070 publicorum
1573 2028 1742 2070 operum

310 2070 511 2112 destinati.

420 2127 472 2170 A.
491 2141 533 2166 2.
557 2127 678 2182 [4ο2,
700 2127 759 2181 4.]
776 2129 998 2180 βαλανεῖον
1009 2127 1085 2167 τοῦ
1102 2123 1213 2166 οἴκου
1230 2121 1422 2166 ἑκάστου.
1454 2123 1602 2164 Adhuc
1619 2122 1741 2162 hodie

313 2180 412 2220 CPli
440 2190 533 2221 sunt
558 2191 714 2235 praeter
741 2183 902 2222 balneas
930 2184 1110 2237 publicas
1130 2183 1250 2221 etiam
1267 2183 1309 2220 in
1337 2181 1501 2220 aedibus
1525 2179 1740 2243 'lautiorum

312 2235 521 2276 hominum
549 2240 751 2290 privatae,
781 2240 942 2291 quiaet
969 2241 1009 2277 in
1041 2237 1211 2291 publicis
1253 2235 1422 2289 σαπρῶς
1458 2236 1653 2281 Mus-cac,
1692 2239 1739 2271 ut

314 2293 409 2330 scite
437 2294 492 2331 ait
517 2293 723 2345 Epictetus
751 2294 857 2346 apud
886 2293 1132 2344 Arrianum‚
1163 2300 1202 2331 et
1229 2291 1348 2331 aliam
1376 2302 1538 2343 quoque
1563 2288 1616 2327 ob
1645 2301 1740 2326 cau-

314 2359 400 2385 sam
416 2377 427 2394 ,
458 2348 511 2386 ob
539 2363 658 2401 quam
685 2349 828 2387 nolunt
856 2351 987 2387 mariti
1015 2362 1156 2387 uxores
1187 2361 1276 2386 suas
1315 2346 1367 2384 ad
1395 2344 1552 2398 publica
1579 2342 1739 2382 lavacra

313 2414 548 2442 commeare.
606 2404 758 2443 Tutum
799 2405 905 2442 enim
932 2418 1013 2442 non
1051 2410 1121 2442 est.
1181 2403 1263 2454 Qui
1302 2402 1400 2440 scire
1439 2399 1547 2451 cupit
1568 2426 1580 2448 ‚
1623 2397 1740 2436 adeat

312 2455 498 2496 Busbekii
524 2459 744 2510 Epistolam
764 2461 938 2498 tertiam.

423 2513 468 2550 B.
492 2528 530 2566 7.
557 2513 665 2567 [402,
695 2513 778 2567 18.]
807 2510 875 2553 ὅτε
901 2513 1088 2568 συνορᾷς.
1117 2511 1289 2564 Quando
1300 2508 1424 2554 voles,
1447 2504 1740 2568 quando-com-

314 2565 478 2604 modum
498 2568 571 2606 tibi
589 2569 708 2607 fuerit
729 2599 739 2620 ‚
769 2570 930 2622 quando
950 2569 1138 2607 censebis.
1160 2567 1327 2618 Proprie
1356 2562 1517 2616 quidem
1534 2567 1592 2599 est
1611 2559 1733 2625 idem3

314 2620 421 2669 quod
440 2621 539 2660 alter
559 2652 571 2671 ‚
602 2623 736 2662 videre
750 2654 761 2674 ‚
792 2639 964 2663 censere.
1023 2623 1100 2662 Sed
1121 2623 1185 2660 hic
1207 2619 1332 2659 nihilo
1353 2617 1443 2670 plus
1458 2645 1469 2665 ‚
1500 2629 1620 2668 quam
1642 2629 1738 2654 sim-

314 2673 401 2723 plex
431 2672 534 2725 ὁρᾶν
562 2685 687 2715 notat.
744 2678 866 2717 Amat
893 2681 933 2717 in
962 2691 1160 2717 novorum
1179 2677 1421 2713 ffiaecorum
1449 2684 1630 2709 sermone
1658 2683 1737 2709 συν

314 2727 356 2764 in
385 2716 607 2781 compositis
635 2733 872 2772 redundare.
932 2734 1018 2771 Imo
1047 2730 1221 2784 συνορᾷν
1248 2730 1325 2766 iam
1345 2729 1452 2780 Lyco
1480 2724 1738 2779 philosophus
