1884 3132
319 119 431 201 292
633 143 707 185 10.
750 143 859 185 1Ac.
902 145 1099 186 Rsslsxu
1128 144 1507 188 COMMENrAnn

429 245 483 283 D.
518 257 551 283 1.
581 243 695 298 [273,
734 244 817 298 12.]
850 244 1174 297 παραδιδοῦσιν.
1205 247 1263 285 Μ.
1288 244 1617 300 παραδιῖῗουσιν,
1645 253 1686 287 et
1712 249 1769 288 sic

322 314 483 354 quoque
510 300 549 337 D

546 353 816 408 .[273,15.]
859 355 936 396 τοῦ
979 354 1283 409 διατρέχοντος.
1360 355 1535 407 Cursor,
1567 362 1770 397 transcur-

323 424 414 460 sor,
434 356 674 460 discur,sor
705 411 975 450 internuntius
1016 411 1124 450 ultio
1155 412 1333 465 citroque
1351 425 1502 450 means.
1557 411 1680 451 Forte
1710 420 1771 452 est

322 466 576 512 vernaculus,
610 479 729 518 quem
759 468 946 519 magister
973 467 1145 518 regionis
1164 465 1239 505 sub
1276 481 1317 505 se
1344 465 1519 505 habebat
1546 467 1658 506 velut
1686 482 1769 506 ser-

323 534 423 559 vum
449 523 491 559 in
519 521 706 559 omnihus
743 528 782 560 et
823 523 1115 560 internuntium
1143 522 1329 574 regionis.
1373 523 1427 561 V.
1459 522 1656 575 Descript.
1684 522 1772 561 Ur-

323 575 385 614 bis
416 575 523 628 apud
555 576 623 613 Du
653 577 787 629 Cangc
815 577 855 614 in
891 577 988 615 CPli
1019 577 1233 615 Christian.
1263 591 1304 629 p.
1333 575 1400 628 64.
1429 575 1498 618 65.
1526 577 1678 617 Latinis
1707 592 1770 616 se-

324 632 535 683 quioribus
580 631 796 669 audiebant
832 632 1090 680 discursores,
1122 633 1231 670 missi
1255 633 1510 681 discursores,
1553 633 1662 671 missi
1686 633 1770 671 dis-

321 696 514 725 currentes
525 701 540 734 ,·
570 687 677 736 (nam
713 687 915 725 interdum
944 689 985 725 in
1034 688 1261 740 provincias
1299 686 1591 739 mittebantur3)
1626 702 1668 728 v.
1702 687 1772 727 Du

325 741 460 794 Gange
503 740 633 779 Gloss.
666 742 755 780 Lat.
794 756 835 781 v.
863 743 1078 782 discurrere
1103 749 1142 780 et
1169 742 1287 780 Missi
1314 741 1581 791 discurrentes,
1601 757 1669 782 seu
1697 743 1769 782 de-

324 805 531 835 currentes.
586 796 708 835 Unde
736 804 846 850 patet
864 826 875 846 ‚
907 811 973 835 eos
1005 797 1207 836 interdum
1236 797 1430 836 iudicasse
1469 805 1508 835 ct
1551 799 1771 837 exsecutio-

323 865 396 890 nes
423 851 706 890 mandatorum
735 853 1029 891 dominicorum
1074 853 1287 890 instituisse
1306 881 1318 902 ,
1349 852 1418 890 sed
1446 859 1602 891 tantum
1632 855 1673 892 in
1701 867 1769 892 re-

323 905 402 946 bus
429 906 598 946 minoris
622 909 830 947 momenti.
889 908 1138 947 Dicebantur
1152 921 1313 960 quoque
1329 909 1535 946 cort-erarii
1549 915 1589 947 et
1609 922 1769 948 correa-

325 963 383 1000 rii
408 976 431 1001 a
459 962 659 1002 currendo
681 991 693 1012 ‚
734 963 782 1002 ad
828 963 1051 1014 Graecum,
1082 970 1128 1002 ut
1165 969 1264 1015 puto
1286 990 1298 1013 ,
1328 962 1581 1015 exemplum3
1626 977 1669 1002 v.
1698 964 1768 1003 Du

325 1017 458 1070 Cange
504 1016 632 1056 Gloss.
670 1018 760 1057 Lat.
789 1017 833 1056 h.
863 1032 906 1056 v.
965 1018 1089 1058 Unde
1131 1017 1262 1056 adhuc
1291 1017 1413 1056 hodie
1441 1018 1547 1057 Galli
1583 1020 1770 1058 courtier-s

323 1071 525 1126 appellant
554 1072 756 1113 ministros
785 1072 994 1126 publicos,
1023 1087 1199 1127 quorum
1229 1079 1288 1111 est
1314 1073 1520 1111 variarum
1548 1075 1766 1125 mercium,

324 1142 429 1180 quae
446 1127 721 1180 advehuntur,
751 1136 822 1167 aut
842 1143 1016 1169 vaenum
1038 1130 1079 1167 in
1109 1129 1195 1167 foro
1224 1135 1502 1180 exponuntur,
1535 1128 1768 1181 qualitatem

323 1183 535 1235 inspicere,
555 1183 776 1236 expendere
802 1192 840 1223 et
876 1184 1098 1223 venditioni
1126 1182 1348 1234 invigilare,
1381 1182 1518 1236 quales
1546 1197 1618 1222 nos
1645 1185 1769 1223 variis

324 1238 552 1277 nominibus
581 1238 844 1292 appellamus,
902 1240 1146 1291 Illarlstvogss
1182 1237 1228 1277 V
1224 1239 1387 1286 isitacor,
1423 1239 1765 1278 Giiterbeschauer.

326 1292 542 1332 Habebant
574 1308 735 1357 quoque
779 1295 912 1334 Latini
937 1296 1151 1358 currerios,
1192 1294 1462 1357 apparitores,
1491 1308 1663 1346 quorum
1681 1300 1770 1333 erat

325 1350 604 1387 communitati
647 1351 822 1388 ostiatim
862 1350 1054 1400 indicare,
1085 1351 1118 1388 si
1145 1349 1357 1386 convenire
1384 1349 1427 1387 in
1466 1350 1619 1387 emtam
1645 1348 1769 1388 debe-

325 1411 434 1454 rent,
463 1412 532 1442 aut
557 1404 728 1443 indictos
755 1419 895 1444 census
922 1405 1090 1454 solvere,
1118 1403 1182 1442 vel
1210 1402 1378 1453 similia,
1411 1417 1453 1442 v.
1479 1404 1547 1442 Du
1576 1404 1771 1458 Gangev.

329 1459 533 1497 Currcrius
559 1466 600 1498 et
627 1460 786 1499 Cursor.
846 1461 963 1499 Certe
992 1460 1123 1498 adhuc
1151 1457 1271 1496 hodie
1303 1457 1485 1498 Cursorcs
1514 1459 1665 1498 Romae
1694 1473 1768 1498 au-

328 1513 445 1552 diunt
473 1514 709 1553 mandatalii
733 1515 880 1568 Papae,
909 1516 978 1569 qui
1007 1513 1226 1554 ca1dinales
1253 1512 1303 1550 ad
1331 1514 1562 1553 consistoria
1590 1522 1629 1553 et
1668 1513 1766 1553 alios

327 1576 439 1607 actus
468 1570 651 1608 excitant.
707 1569 790 1608 F01
792 1578 830 1609 te
859 1569 1149 1622 διατρέχοντες
1178 1568 1328 1607 CPtani
1366 1569 1407 1607 id
1436 1569 1542 1607 idem
1570 1568 1766 1608 fecerunt.

327 1623 518 1663 Cursores
546 1639 704 1678 quoque
732 1626 826 1664 dicti
854 1640 1070 1678 praecones
1097 1631 1181 1662 tam
1208 1624 1414 1662 civitatum
1430 1624 1594 1677 publici,
1623 1632 1670 1663 ut
1696 1626 1767 1678 qui

326 1679 630 1741 proclamabant
660 1695 722 1719 res
750 1681 979 1719 vendendas
997 1710 1007 1730 ,
1041 1694 1162 1734 quam
1182 1678 1436 1717 dominorum
1457 1686 1496 1718 et
1520 1680 1764 1733 principum,

328 1735 397 1787 qui
427 1749 518 1773 cum
564 1737 685 1774 a1mis
729 1750 798 1774 seu
848 1736 1068 1789 insignibus
1104 1735 1282 1788 ipsorum
1308 1741 1574 1787 praecurrunt
1601 1735 1694 1787 ipsis
1725 1741 1766 1774 et

327 1791 437 1828 viam
465 1798 633 1842 parant,
675 1798 745 1829 aut
782 1805 920 1829 eorum
951 1792 1112 1830 nomine
1151 1790 1192 1828 in
1225 1790 1396 1828 Giustris
1425 1796 1464 1827 et
1483 1788 1577 1828 alibi
1606 1789 1765 1852 publice

327 1845 591 1911 proclamant.
676 1847 844 1911 Ioannes
875 1846 1149 1908 Chrysostom.
1191 1844 1312 1882 Hom.
1344 1844 1385 1882 3.
1415 1845 1457 1882 in
1486 1844 1654 1884 Iobum:
1687 1838 1766 1884 οὖκ

328 1894 437 1946 εἶδες
464 1913 532 1939 και
554 1913 654 1947 τους
669 1901 765 1954 παρ’
794 1896 892 1953 ἡμῖν
913 1894 1132 1964 α’ρχοντας,
1155 1893 1257 1937 ὅταν
1283 1894 1390 1948 μετὰ
1409 1898 1543 1963 τιμῆς
1569 1913 1663 1939 τινα
1692 1914 1768 1939 κα-

327 1955 494 2002 λοῦσιν,
527 1970 615 2002 πως
644 1955 946 1994 ἀποστέλλουσι
986 1952 1085 2002 τούς
1117 1953 1298 2006 δρομεῖς,
1345 1967 1588 2006 κουρσωοας
1613 1955 1766 1992 καλου-

328 2008 479 2057 μένους
502 2007 755 2061 “Ρωμαϊστι’.
804 2010 899 2050 Vid.
926 2024 1028 2064 quae
1065 2009 1143 2048 alia
1183 2009 1252 2046 Du
1292 2008 1424 2062 Cange
1465 2006 1762 2063 ν.1(οὑρσωρ

329 2064 467 2103 habet.

421 2119 509 2159 160.
540 2119 593 2159 A.
629 2134 662 2163 1
694 2120 806 2174 [274,
837 2117 899 2172 5.]
936 2117 1011 2157 τοῦ
1052 2116 1329 2169 ποαιτωξηόυ.
1397 2117 1532 2168 Nam,
1565 2124 1612 2155 ut
1653 2131 1762 2170 sym-

330 2188 461 2227 ponus
483 2182 568 2214 erat
592 2175 750 2214 adiutor
776 2175 961 2227 piaefecti
988 2173 1100 2211 urbis
1136 2175 1178 2211 in
1219 2157 1378 2212 iudiciis
1412 2180 1451 2211 et
1472 2171 1676 2211 sententiis
1699 2172 1762 2210 di-

330 2230 467 2268 cendis
487 2260 497 2278 ‚
548 2231 602 2268 ita
643 2230 844 2293 logotheta
880 2242 1038 2282 quoque
1063 2230 1252 2280 plaetoiii
1282 2236 1366 2266 erat
1393 2228 1468 2266 sub
1493 2227 1575 2265 eius
1596 2227 1764 2279 disposi-

329 2285 466 2334 tione,
498 2285 595 2336 (vid.
632 2286 776 2338 Script.
804 2292 892 2337 post
922 2283 1158 2335 Theophan.
1195 2297 1235 2335 p.
1267 2283 1358 2337 294.
1402 2284 1448 2321 C.
1462 2285 1474 2334 )
1503 2288 1543 2320 et
1589 2281 1763 2320 habebat

328 2341 541 2392 praecipue
586 2354 724 2379 curam
785 2340 953 2378 carceris
1003 2346 1042 2377 et
1092 2329 1408 2391 delinquentium
1448 2338 1490 2376 in
1543 2336 1762 2376 custodiam

329 2396 557 2434 missorum.

443 2450 490 2488 B.
522 2466 557 2504 7.
592 2448 709 2504 [27ss
746 2448 832 2503 16.]
863 2463 921 2500 μη
952 2444 1178 2500 εὑρεθῆναι
1205 2446 1250 2487 ἒν
1277 2443 1401 2500 ταύτῃ
1429 2445 1480 2498 τῇ
1506 2442 1760 2495 προελεύσει.

333 2503 376 2542 Si
413 2506 644 2558 contingat,
682 2511 729 2542 ut
753 2518 801 2543 eo
838 2504 902 2542 die
946 2518 989 2541 m
1022 2506 1176 2542 cuiiam
1211 2510 1328 2554 atque
1365 2502 1406 2539 in
1443 2499 1619 2538 tribunal
1641 2514 1759 2540 suum

334 2572 415 2596 non
438 2561 701 2610 processerit,
725 2567 770 2598 ut
793 2559 922 2598 facele
951 2558 1119 2597 debebat
1140 2572 1184 2596 ex
1217 2557 1360 2596 officio.
1366 2557 1380 2582 ᾗ

443 2614 495 2650 D.
524 2613 719 2667 4[275,
764 2613 845 2667 11.]
864 2609 1118 2675 μανιάκιον.
1177 2613 1236 2650 Μ.
1273 2604 1480 2660 μανιάκιν.
1543 2609 1644 2648 Erat
1677 2617 1761 2649 toi-

333 2680 429 2718 ques
446 2697 455 2712 ‚
484 2668 686 2719 μανιάκης
703 2698 715 2719 ,
742 2663 990 2718 μανιάκιον,
1035 2668 1186 2719 insigne
1210 2665 1404 2713 militum,
1433 2666 1661 2716 praesertim
1686 2665 1760 2703 ho-

333 2722 644 2761 nest1ss1m01um
661 2751 673 2774 ,
714 2725 782 2776 qui
818 2736 900 2761 uno
933 2721 1067 2775 aliquo
1106 2720 1292 2760 inferiore
1328 2719 1488 2772 magistr
1490 2725 1557 2759 atu
1597 2717 1759 2758 militari
