1884 3132
342 120 450 196 752
634 137 707 181 10.
741 139 847 183 mc.
886 142 1080 183 Rssisxn
1119 141 1497 188 coimm‘mm

340 242 449 283 Novi
478 243 620 283 Graeci
663 246 775 285 miris
813 246 942 294 modis
991 249 1160 287 aoristos
1195 250 1347 302 primos
1388 249 1579 289 formant.
1636 252 1788 293 Omnes

340 301 511 338 -aoristos
540 301 736 340 secundos
767 310 921 342 mutato
951 315 972 340 ο
1001 304 1043 341 in
1073 318 1099 341 α
1131 304 1421 344 transfundunt
1447 306 1489 344 in
1517 306 1681 359 primos.
1725 309 1787 348 Ex

343 350 541 408 ἐγενόμην
558 356 711 395 faciunt
726 354 946 410 ἐγενάμην,
977 371 1022 396 ex
1049 351 1180 410 ἦλθον
1209 359 1360 398 faciunt
1388 353 1517 411 ἧλθας
1546 361 1614 400 vid
1634 376 1673 416 p.
1694 362 1785 417 187.

343 409 390 448 C.
409 409 470 462 8.;
501 425 545 449 ex
576 409 814 464 ἑσκεπόμην
829 412 983 453 faciunt
1010 409 1263 467 ἐσκεπάμην.
1321 414 1604 468 Deprehendet
1622 445 1634 467 ‚
1679 418 1789 471 quod

341 465 455 513 dico,
502 480 641 505 verum
686 481 755 520 qui
786 482 927 506 eorum
955 469 1111 521 scriptis
1140 469 1204 509 vel
1232 484 1377 523 parum
1404 479 1650 511 consuescet.
1707 472 1790 524 Qui

339 527 477 560 autem
505 517 744 561 σκεπάσθαι
771 525 877 562 tueri
905 522 1002 563 velit
1019 554 1030 572 ‚
1072 539 1137 563 me
1165 539 1245 563 non
1275 525 1545 565 intercedente
1571 534 1612 566 et
1639 529 1790 580 optima

338 590 434 614 cum
464 578 618 616 ratione
647 577 777 617 faciet.
837 579 977 620 Potest
1006 579 1112 618 enim
1141 581 1364 620 infinitivus
1389 581 1553 634 perfecti
1582 583 1727 635 passivi
1764 597 1789 623 a

342 632 468 670 verbo
497 627 689 682 σκεπάζω
717 647 826 684 esse,
861 642 1075 688 augmento
1114 636 1223 675 iuxta
1250 650 1405 676 morem
1442 650 1570 677 novae
1597 637 1791 678 Graeciae

342 701 495 728 carens.

455 744 502 783 C.
533 743 574 796 4.
604 742 714 798 [639,
741 743 823 799 [9.]
854 745 1211 799 περινενοημένης.
1269 747 1331 786 Ita
1359 746 1615 787 membranae
1635 754 1675 787 et
1691 762 1790 801 apo-

343 799 555 853 graphum.
612 800 689 839 Sed
720 800 771 839 cl.
804 801 942 841 Leich.
973 801 1341 855 περινενοημένους
1369 803 1510 856 edidit,
1541 811 1587 843 ut
1615 803 1789 844 versioni

344 870 439 894 suae
468 863 665 894 constaret
697 858 929 896 auctoritas.

453 910 500 949 C.
532 911 574 951 5.
607 910 721 965 [64o‚
753 913 807 964 1.]
842 911 901 958 εἰς
930 908 1004 951 τὸν
1031 909 1149 951 ναόν.
1203 912 1336 963 Libri,
1364 913 1407 951 in
1438 914 1584 967 quibus
1605 913 1792 954 ecclesia-

342 981 436 1006 rum
455 965 611 1005 cimelia
621 974 758 1005 notata
785 974 914 1017 erant,
948 967 1082 1006 brevia
1098 966 1416 1021 appellabantur.
1450 970 1567 1008 Anna
1585 970 1791 1010 Comnena

343 1021 526 1060 Alexiad.
549 1036 587 1074 p.
614 1021 703 1061 156.
719 1022 843 1062 A.6.:
875 1023 927 1061 τὰ
948 1019 1092 1072 βιβλία
1112 1023 1169 1069 εἰς
1185 1021 1314 1072 μέσον
1334 1018 1602 1075 προῦτίθετο.
1634 1023 1787 1076 βρέβια

342 1077 475 1115 ταῦτα
513 1073 538 1129 ἡ
577 1072 780 1128 συνήθεια
816 1070 906 1116 οἶδε
949 1078 1118 1128 καλεῖν,
1165 1077 1209 1117 ἐν
1239 1071 1300 1124 οἷς
1330 1075 1636 1131 ἀναγέγραπται
1664 1077 1715 1119 τὰ
1747 1078 1792 1119 ἑν

342 1125 500 1186 ἑκάστῳ
540 1130 700 1182 τεμένει
740 1127 949 1184 κειμήλια.
1011 1132 1109 1171 Plus
1144 1135 1336 1185 temporis
1375 1141 1414 1172 et
1453 1134 1575 1173 studii
1602 1134 1790 1174 monachi

343 1194 440 1225 tunc
468 1187 753 1240 impendebant
785 1187 976 1226 codicillis
1010 1188 1297 1237 conficiendis,
1341 1191 1383 1228 in
1415 1189 1562 1242 quibus
1589 1188 1791 1228 describe-

346 1249 459 1292 rent,
492 1242 623 1296 qualis
655 1241 782 1281 abbas
809 1250 878 1281 aut
906 1243 1018 1296 Papa
1051 1242 1185 1295 qualia
1217 1243 1365 1296 pallia,
1400 1258 1538 1284 cruces
1568 1251 1607 1284 et
1634 1244 1711 1284 alia
1728 1258 1792 1284 sa-

345 1312 412 1336 cra
439 1312 531 1336 vasa
561 1297 774 1337 confecerit
790 1327 801 1347 ,
833 1305 933 1352 quot
958 1306 997 1337 et
1025 1305 1176 1351 quanta
1207 1300 1263 1351 pii
1292 1299 1357 1338 vel
1384 1299 1580 1353 simplices
1606 1299 1674 1339 alii
1701 1299 1792 1339 laici

344 1354 586 1392 monasterio
619 1361 689 1391 aut
720 1360 879 1392 sanctae
910 1354 994 1392 sedi
1035 1353 1275 1406 apostolicae
1319 1354 1578 1402 donaverint,
1627 1362 1697 1394 aut
1732 1355 1793 1394 ia-

345 1410 440 1447 ctati
469 1408 600 1447 saltim
619 1408 780 1448 suerunt
803 1409 985 1456 donasse,
1016 1424 1096 1462 quo
1118 1409 1245 1448 aliena
1273 1409 1324 1448 ad
1345 1424 1386 1448 se
1405 1411 1641 1464 arriperent,
1672 1424 1794 1463 quam

345 1463 563 1503 condendis
596 1463 775 1503 historiis
802 1479 938 1503 rerum
969 1475 1194 1517 gestarum,
1236 1479 1339 1517 quae
1370 1465 1474 1504 sorte
1502 1479 1660 1520 quoque
1690 1465 1794 1504 infe-

344 1518 411 1558 lici
453 1519 524 1558 illo
568 1519 726 1559 saeculo
745 1551 755 1568 ,
804 1520 1095 1559 maledictionis
1145 1520 1306 1559 divinae
1349 1519 1391 1559 in
1439 1520 1561 1560 rebus
1606 1521 1793 1560 humanis

346 1576 573 1614 tristissimo
607 1575 787 1628 exemplo
806 1605 816 1623 ‚
849 1590 930 1614 non
964 1575 1114 1614 multae
1134 1574 1306 1614 illustres
1322 1575 1499 1615 fuerunt.
1559 1576 1794 1615 Invenimus

344 1637 478 1669 tamen
510 1632 629 1670 etiam
663 1631 703 1670 in
743 1637 989 1670 vetustorum
1023 1631 1292 1670 monumentis
1319 1629 1418 1670 tales
1445 1630 1610 1670 indices.
1671 1631 1728 1670 Ut
1754 1645 1792 1671 e.

347 1700 381 1728 c,
414 1686 539 1725 edidit
568 1686 738 1725 Chishul
759 1685 927 1740 Antiqu.
949 1685 1112 1724 Asiatic.
1134 1700 1176 1739 p.
1202 1685 1270 1739 67.
1305 1688 1576 1725 recensionem
1604 1685 1794 1724 donario-

344 1755 436 1779 rum
466 1743 507 1780 in
534 1741 685 1795 templo
714 1741 913 1794 Apollinis
942 1741 1155 1795 Didymaei
1175 1740 1283 1794 apud
1317 1741 1492 1780 Milesios
1509 1741 1793 1794 repositorum,

346 1797 422 1835 sub
450 1796 567 1835 titulo
602 1798 839 1835 monumenti
872 1797 1024 1835 M‘Iesii
1048 1796 1200 1835 Seleuci
1227 1796 1413 1835 Callinici
1442 1804 1482 1835 et
1513 1795 1633 1835 aliam
1665 1811 1708 1849 p.
1725 1810 1794 1850 9¹·

454 1853 509 1896 D.
529 1867 566 1892 2.
596 1851 712 1907 [64ο,
737 1850 800 1907 5.]
821 1850 1160 1907 χρυσοτρικλίνῳ.
1209 1851 1256 1890 Id
1276 1851 1497 1905 significare
1516 1851 1667 1891 credidi
1685 1865 1795 1891 com-

345 1953 538 2007 pendium
558 1955 791 2007 scripturae,
825 1951 933 2007 quod
961 1953 1003 1992 in
1032 1951 1276 1991 membranis
1304 1960 1390 1993 erat
1430 1921 1507 2046 ἥρ(
1533 1982 1546 2003 ,
1568 1952 1676 2007 quod
1698 1950 1796 1991 alias

347 2065 496 2104 Christi
530 2079 676 2105 nomen
703 2065 912 2119 significat.
970 2065 1092 2105 Recte
1124 2078 1353 2118 expressum
1386 2079 1410 2105 a
1439 2065 1554 2104 nobis
1570 2079 1653 2105 esse
1683 2078 1795 2104 com·

346 2121 556 2174 pendium,
587 2134 668 2159 non
698 2121 792 2160 sinit
824 2120 1007 2159 dubitare
1038 2120 1149 2159 locus
1177 2120 1313 2161 Nostri
1344 2135 1384 2174 p.
1416 2118 1456 2172 4.
1486 2120 1540 2158 D.
1575 2120 1618 2162 5.

417 2179 426 2186 “
454 2177 508 2214 D.
544 2175 586 2215 8.
618 2176 727 2230 [64o,
758 2175 818 2230 9.]
849 2172 1160 2215 κατακλειδίων.
1230 2175 1346 2215 Verti
1374 2175 1571 2214 vec-ticulis
1599 2175 1705 2215 hanc
1741 2174 1795 2214 ob

347 2233 575 2270 rationem:
620 2231 880 2276 κατακλεῑὸες
921 2238 960 2269 et
1005 2228 1272 2270 κατακλείδια
1314 2230 1504 2270 videntur
1542 2229 1648 2269 idem
1676 2237 1796 2282 atque

344 2286 500 2338 μοχλοί
537 2287 669 2326 fuisse.
732 2285 799 2325 Ad
840 2285 987 2324 horum
1025 2284 1325 2325 similitudinem
1363 2285 1474 2324 infixi
1500 2283 1633 2324 baculi
1662 2292 1795 2324 trans-

344 2343 466 2391 versi,
495 2341 621 2380 veluti
641 2341 742 2382 clavi
773 2341 838 2380 vel
865 2341 1046 2392 brachia,
1080 2341 1225 2392 quibus
1255 2355 1396 2380 manus
1413 2341 1625 2392 innititur,
1651 2339 1793 2379 viden-

345 2403 413 2435 tur
441 2395 707 2437 κατακλεῖὃια
739 2396 845 2436 dicta
885 2396 1021 2435 fuisse.
1077 2396 1219 2435 Fuerit
1253 2410 1346 2450 ergo
1374 2394 1516 2435 talium
1555 2393 1796 2435 baculorum

346 2497 445 2537 haec
463 2499 594 2551 imago
755 2497 806 2536 ad
834 2498 960 2537 instar
990 2498 1132 2536 crucis.

458 2610 514 2649 D.
544 2609 619 2648 ult.
650 2608 760 2664 [64o‚
790 2608 877 2663 12.]
921 2605 1113 2648 ὁλόκανα.
1183 2609 1399 2659 Dubstavi,
1444 2605 1656 2669 quomodo,
1689 2605 1794 2645 hanc

347 2678 488 2703 vocem
514 2665 736 2703 redderem.
768 2666 952 2704 Recurrit
970 2664 1070 2703 infra
1099 2680 1138 2717 p.
1165 2665 1260 2713 4¹1.
1282 2664 1330 2702 A.
1353 2663 1390 2701 5.
1419 2676 1495 2701 vox
1522 2673 1796 2712 χρυσοκανος,

350 2719 420 2757 ubi
441 2719 590 2758 credidi
620 2719 842 2773 significare
869 2721 1008 2774 capulo
1037 2734 1154 2759 aureo
1183 2721 1400 2766 instructus,
1430 2724 1622 2770 tanquam
1652 2717 1683 2754 si
1701 2730 1797 2754 can-
