1826 3126
299 154 371 221 54
602 175 674 215 10.
714 173 818 214 lAC.
859 174 1055 215 REISKII
1095 173 1480 216 coMMENTAmi

296 276 593 314 occurrentium
620 289 714 313 cum
743 275 892 327 ingenti
918 275 1000 314 risu
1021 282 1062 313 et
1083 274 1316 329 petulantia.
1377 275 1545 316 Invenio
1568 281 1674 314 certe
1697 276 1740 315 in

295 333 400 370 notis
426 331 532 369 Saxii
565 329 616 367 ad
643 329 874 382 Landulphi
899 331 1069 369 Iunioris
1090 331 1232 369 histor.
1261 330 1479 370 Mediolan.
1512 344 1554 383 p.
1577 329 1671 384 489.
1694 345 1740 370 ex

296 386 437 424 ordine
471 383 781 423 Mediolanensis
819 384 1006 424 ecclesiae
1035 386 1320 424 Vicecomitem
1353 386 1395 424 in
1423 385 1742 439 processionibus

294 440 472 494 praelata
503 439 630 478 ferula
658 440 914 492 praecessisse
938 447 977 479 et
997 441 1104 479 viam
1129 455 1287 494 parasse
1313 440 1646 494 Archiepiscop0‚
1680 441 1745 480 sti-

295 503 436 548 patum
461 509 671 535 servorum
700 503 860 535 caterva
883 510 968 534 cum
987 495 1169 551 flagellis
1194 497 1330 549 ligneis
1353 506 1392 535 et
1417 497 1557 534 scissis.
1614 495 1744 534 Erant

296 565 366 588 eae
389 549 539 589 serulae
564 552 801 602 crepitantes
832 565 924 589 eum
956 551 997 589 in
1021 552 1140 589 finem
1164 558 1325 604 paratae
1342 582 1352 597 ‚
1394 559 1440 590 ut
1462 551 1645 589 homines
1673 564 1742 589 oo-

296 613 503 644 currentes
533 607 774 659 processioni
794 636 804 652 ,
837 606 1042 645 audientes
1073 621 1094 645 e
1124 606 1342 659 longinquo
1369 607 1545 645 sonitum
1578 619 1752 658 earum,x

295 668 452 700 mature
483 661 533 700 de
557 663 623 700 via
662 661 913 700 decederent.
974 663 1229 715 Quapropter
1262 663 1383 700 etiam
1418 661 1564 714 leprosi
1599 675 1744 714 panem

293 717 568 755 mendicantes
600 715 695 754 olim
730 717 936 769 gestabant
969 716 1102 770 lignea
1127 717 1222 755 talia
1254 717 1393 768 sistra,
1426 724 1473 756 ut
1501 717 1556 755 ita
1586 715 1743 766 dicam,

295 771 444 825 quibus
476 772 738 811 admonerent
772 779 1051 822 occurrentes,
1088 786 1128 811 se
1165 771 1339 825 leprosos
1379 785 1488 819 esse,
1533 785 1664 824 neque
1692 771 1744 810 ad

295 841 338 866 se
369 827 533 880 propius
571 827 703 866 accedi
734 835 940 880 oportere,
982 826 1182 880 simulque
1210 826 1468 880 porrigebant
1495 839 1587 865 suos
1611 827 1745 878 fustes

296 881 361 921 vel
377 884 497 934 susos
527 884 598 933 (eo
620 883 727 921 enim
751 883 913 935 proprio
945 882 1143 922 vocabulo
1169 881 1238 920 illa
1268 883 1530 922 instrumenta
1554 888 1650 920 tunc
1672 895 1743 935 ap-

295 936 525 990 pellabant)
572 952 652 991 quo
684 939 920 976 extremitati
955 951 1094 977 eorum
1127 937 1314 977 solatium
1346 951 1415 976 seu
1451 935 1743 990 eleemosynam

296 994 562 1046 imponerent.
622 994 711 1046 Ipse
730 1007 801 1047 ego
827 1007 943 1046 saepe
967 993 1126 1046 Leydae
1150 991 1273 1031 talem
1301 993 1503 1045 leprosum
1537 1006 1629 1030 eum
1654 1005 1742 1031 cre-

296 1048 472 1101 pitaculo
513 1049 729 1090 obeuntem
768 1056 807 1088 et
842 1048 1134 1088 mendicantem
1164 1048 1262 1087 vidi.
1322 1048 1370 1087 In
1406 1046 1569 1100 vulgata
1599 1053 1658 1086 est
1689 1047 1738 1085 L.

298 1103 353 1142 II.
386 1104 540 1155 Regum
569 1118 604 1142 c.
635 1105 674 1144 3.
712 1105 882 1159 leprosus
912 1113 1042 1142 tenens
1055 1105 1212 1155 ficsum.
1244 1103 1330 1142 Ubi
1361 1110 1499 1142 auctor
1521 1103 1741 1141 Mamotre-

298 1158 376 1197 cti:
430 1160 555 1198 Fusm
577 1168 633 1198 est
651 1161 941 1199 instrumentum
968 1159 1130 1211 filandi.
1187 1159 1333 1197 Flavum
1361 1158 1523 1214 quidam
1548 1158 1683 1196 dicunt
1702 1158 1746 1196 in

297 1215 382 1252 loco
406 1215 478 1253 isto
510 1215 623 1253 breve
649 1216 908 1254 ventilabrum
938 1205 988 1253 cie
1004 1214 1128 1266 soliis
1157 1214 1408 1268 palmarum,
1436 1213 1544 1268 quod
1571 1213 1748 1251 volvitur

296 1270 400 1307 inter
427 1269 569 1322 digitos
603 1271 729 1308 instar
738 1271 833 1322 fusi
842 1299 853 1318 ,
885 1271 952 1308 vel
987 1271 1280 1308 instrumentum
1312 1269 1504 1321 ligneum,
1536 1281 1623 1306 cum
1645 1267 1746 1306 dua-

298 1324 367 1362 bus
398 1325 566 1363 tribusve
605 1326 778 1374 tabellis,
821 1339 917 1379 quas
947 1325 1113 1363 concutit
1139 1324 1311 1378 leprosus
1335 1322 1557 1378 quaerendo
1579 1336 1742 1376 panem.

300 1379 456 1418 Verum
484 1381 604 1418 etiam
627 1379 792 1419 baculos
811 1379 958 1419 solidos
987 1372 1172 1418 ἄλλακτα
1199 1377 1480 1432 appellabant3
1510 1385 1555 1416 ut
1589 1383 1745 1416 constat

299 1447 322 1472 e
347 1433 435 1472 loeo
461 1434 643 1474 Thomae
666 1436 845 1489 Magistri
861 1466 871 1479 ,
903 1436 972 1501 qui
999 1433 1204 1473 hodiernis
1231 1434 1391 1472 Graecis
1414 1426 1614 1472 ἅλλακτον
1637 1431 1744 1471 idem

300 1502 384 1527 esse
409 1490 490 1537 ait,
522 1491 631 1543 quod
657 1491 823 1530 vetustis
851 1485 1077 1543 ἅναφορον.
1130 1489 1204 1528 Est
1238 1495 1373 1528 autem
1400 1481 1615 1542 ἇνάφορον
1641 1486 1744 1526 illud

297 1545 422 1583 vectis
446 1559 570 1598 genus
585 1574 597 1594 .,
628 1561 710 1599 quo
731 1542 855 1584 baiuli
872 1543 1094 1598 aquigeruli
1116 1544 1280 1598 hydrias
1302 1558 1406 1597 aqua
1423 1542 1561 1596 plenas
1582 1549 1741 1595 gerunt,

300 1606 370 1637 aut
401 1599 442 1637 in
471 1599 629 1653 Belgio,
661 1602 730 1654 qui
755 1603 880 1654 pisces
902 1600 1063 1640 venales
1085 1599 1127 1638 in
1152 1600 1297 1652 sportis
1312 1629 1323 1647 ‚
1355 1605 1425 1638 aut
1445 1593 1488 1637 in
1511 1596 1671 1636 doliolis
1682 1596 1745 1636 lae

302 1653 445 1693 venale
464 1656 778 1706 circumferunt3
808 1670 954 1695 cavum
979 1657 1021 1694 in
1046 1656 1208 1708 regione
1233 1655 1396 1694 cervicis
1414 1684 1424 1702 ‚
1457 1660 1503 1692 ut
1529 1659 1622 1706 apte
1650 1650 1747 1692 hae-

301 1716 387 1748 reat
407 1710 447 1748 in
471 1710 664 1750 humeris.
725 1713 858 1750 Locus
878 1718 937 1750 est
959 1711 999 1749 in
1022 1717 1257 1760 argumento
1281 1710 1487 1748 Ranarum
1509 1707 1746 1773 Aristopha-

300 1764 386 1803 nis:
425 1761 530 1815 μετὰ
559 1761 746 1809 Ξανθιόυ
776 1766 853 1804 τοῦ
881 1763 1036 1804 οἰκέτου
1066 1761 1147 1820 ὄνῳ
1167 1764 1474 1816 ἐποχουμένου,
1501 1765 1589 1809 τοῖς
1617 1775 1748 1812 ωμοις

301 1817 348 1867 δὲ
375 1817 588 1873 οἷνάφορον
632 1821 855 1873 φέροντος,
895 1814 919 1858 ὃ
949 1814 1154 1859 &mamona
1193 1817 1520 1871 δημωδεστὲρως
1547 1818 1748 1857 καλεῖται.

303 1874 431 1928 Origo
465 1876 656 1914 vocabuli*
685 1877 837 1915 Gmeca
870 1889 952 1914 non
985 1882 1044 1914 est
1058 1906 1068 1923 ,
1098 1874 1167 1913 sed
1196 1873 1433 1912 Germanica
1448 1902 1459 1920 ‚
1491 1879 1561 1911 aut
1587 1873 1749 1925 Longo-

302 1929 479 1969 bardica.
539 1932 661 1982 Quod
689 1932 805 1970 nobis
839 1930 960 1969 hodie
984 1938 1042 1968 est
1073 1930 1212 1978 Lacte,
1244 1929 1396 1983 pertica
1424 1926 1488 1967 vel
1524 1941 1632 1966 asser
1658 1926 1748 1966 lon-

302 1999 374 2036 gus
393 2015 403 2033 ‚
446 1985 514 2024 sed
545 1993 736 2037 angustus
775 1993 813 2024 et
841 1984 997 2038 gra'cilis
1010 2015 1020 2032 ‚
1061 1984 1249 2037 qualibus
1281 1990 1516 2023 sternuntur
1544 1989 1651 2022 tecta
1680 1996 1750 2021 ae-

304 2039 415 2078 dium
431 2071 441 2087 ‚
472 2048 518 2079 ut
537 2041 583 2079 iis
604 2041 746 2080 lateres
770 2042 869 2079 cocti
895 2039 1128 2079 inhaereant
1142 2070 1152 2087 ‚
1183 2039 1226 2078 id
1254 2046 1410 2078 veteres
1437 2038 1628 2077 Germani
1653 2035 1749 2076 effe-

302 2094 444 2134 rebant
481 2097 705 2148 promiscue
732 2111 758 2135 a
787 2096 899 2134 Lacte
917 2124 928 2143 ,
971 2102 1010 2134 et
1035 2110 1062 2134 a
1094 2095 1264 2142 Lae-late,
1295 2094 1405 2133 unde
1432 2093 1564 2132 adhuc
1599 2093 1641 2132 in
1670 2106 1747 2131 usu

305 2158 484 2200 superest
509 2152 696 2198 Laclzter‚
736 2165 809 2204 pro
835 2151 987 2204 pertica
1017 2150 1268 2205 decempeda.
1326 2148 1436 2197 Illud
1473 2163 1500 2188 a
1526 2161 1749 2202 praepone-

302 2202 401 2242 bant
436 2206 602 2245 vocibus
645 2213 692 2245 ut
718 2220 790 2245 nos
827 2205 950 2244 hodie
972 2207 1084 2254 eine,·
1121 2220 1219 2254 une,·
1257 2211 1297 2243 et
1326 2204 1442 2257 plebs
1465 2211 1601 2243 nostra
1627 2209 1748 2256 atque

304 2257 424 2312 Angli
453 2261 719 2300 retinuerunt.
777 2260 818 2299 A
841 2261 968 2308 lacta,
999 2261 1084 2299 eine
1112 2260 1244 2308 Lente,
1275 2274 1350 2298 une
1367 2260 1484 2308 laete,
1515 2271 1595 2298 una
1621 2258 1749 2313 perti-

302 2327 370 2361 ca,
403 2315 695 2356 contrahebant
719 2317 860 2355 Graeci
894 2315 989 2354 novi
1019 2317 1062 2353 in
1093 2329 1222 2354 unum
1255 2314 1500 2354 vocabulum
1532 2307 1748 2352 ἅλλακτον.

306 2367 360 2405 V.
379 2369 467 2408 DC.
490 2385 532 2410 v.
562 2372 703 2422 Lame,
737 2371 808 2410 ubi
827 2385 849 2409 e
866 2370 990 2423 Papia
1010 2369 1086 2408 hoc
1102 2371 1221 2409 citatt
1253 2384 1396 2409 asseres
1412 2369 1506 2424 pali
1523 2368 1591 2406 vel
1602 2367 1748 2422 paxil-

305 2422 359 2470 li,
392 2426 509 2477 vulgo
542 2427 668 2465 laetae·
692 2427 888 2466 dicuntur.
946 2425 1028 2464 Has
1056 2424 1172 2464 lattas
1194 2425 1260 2464 vel
1292 2425 1415 2464 lactas
1440 2422 1680 2463 sustinendis
1706 2429 1747 2460 et

306 2476 528 2518 baiulandis
552 2481 742 2521 oneribus
756 2512 766 2528 ‚
796 2481 1004 2520 nominant
1036 2480 1177 2519 Graeci
1204 2479 1282 2519 alio
1305 2493 1468 2533 quoque
1491 2477 1654 2516 nomine
1676 2490 1745 2516 κα·

305 2526 435 2581 Raima
447 2563 459 2581 ‚
471 2536 648 2584 festucas
664 2566 675 2586 ‚
705 2537 755 2575 ad
774 2537 897 2575 instar
915 2535 1150 2574 Latinorum
1166 2566 1176 2583 ‚
1208 2535 1278 2589 qui
1305 2534 1432 2589 tigilla
1454 2547 1640 2586 quaeque
1654 2531 1744 2571 lon-

305 2587 483 2637 giuscula
509 2596 548 2626 et
579 2591 739 2642 gracilia
769 2591 938 2630 festucas
962 2589 1177 2644 appellant.
1237 2590 1400 2629 Glossae
1417 2588 1524 2642 apud
1544 2588 1612 2626 Du
1637 2587 1744 2626 Can-

306 2655 355 2689 ge
384 2656 424 2680 v.
462 2636 696 2695 Ἀμφορέα.
746 2642 1155 2698 Ἀμφοριαφόρους,
1182 2641 1276 2692 τοὺς
1302 2639 1525 2695 μισθίους,
1567 2638 1665 2688 τούς
1690 2639 1743 2680 τὰ

306 2692 494 2746 καλάμια
525 2698 590 2750 [id
614 2707 673 2737 est
703 2697 755 2740 τοὶ
786 2697 1011 2753 ἆνάφορα]
1043 2698 1259 2753 φέροντας.
1313 2699 1391 2738 Sed
1416 2697 1630 2752 praevideo
1660 2695 1745 2736 fore

306 2751 500 2803 quosdam
516 2783 527 2802 ⁷
570 2754 641 2806 qui
674 2748 854 2795 ἄλλακτα
883 2756 1004 2795 fustes
1043 2762 1252 2809 propterea
1284 2753 1424 2794 malint
1450 2753 1576 2792 dictos
1607 2750 1741 2799 fuisse,
