1884 3132
213 124 288 168 An
330 124 625 168 consum.
664 123 863 167 Pom‘n.
901 125 974 166 DE
1011 124 1192 167 cmm.
1219 126 1317 166 Lm.
1357 124 1411 167 ιι.
1462 104 1576 181 599

140 223 236 274 ἕξις.
289 226 551 280 Subintellige
581 223 863 280 πραγμάτωνε
902 241 1031 266 rerum
1066 228 1354 282 um’uscuiusque
1381 227 1570 266 aninmlis

135 281 287 320 habitus
309 282 607 321 admiranbnem
631 296 804 320 movens.
825 279 872 321 Ὁ
900 277 1148 334 φυσιολόγος
1171 281 1268 321 alias
1298 289 1358 320 est
1387 281 1478 320 libri
1510 283 1574 320 in·-

136 337 320 389 scriptio,
350 336 416 375 hic
458 337 580 390 ipsius
609 337 732 389 ignoti
771 337 944 375 auctoris
972 336 1205 389 designatio.
1262 337 1317 375 Et
1347 336 1441 375 hinc
1467 350 1571 389 pon-

137 389 212 429 dus
239 391 391 430 accedit
426 391 479 430 ad
524 405 661 430 eorum
693 398 948 441 sententiam,
988 392 1055 444 qui
1085 405 1164 429 non
1203 391 1454 444 Epiphanio,
1501 391 1570 430 sed

135 443 353 499 Anonymo
380 446 538 484 cuidam
554 475 566 496 ,
608 452 649 484 et
674 445 776 484 forte
804 447 1039 494 vetustiori,
1068 460 1188 498 quam
1215 445 1464 499 Epiphanius
1491 453 1565 493 est,

136 501 288 539 auctori
311 501 509 539 tribuunt.
577 500 720 539 Editus
762 508 895 539 tamen
931 507 989 539 est
1017 499 1082 538 hic
1111 500 1374 553 Physiologus
1404 501 1445 539 in
1473 515 1568 554 ope-

132 554 245 594 ribus
261 555 492 608 Epiphanii.
549 555 641 594 Vid.
669 555 843 594 Fabricii
873 554 975 595 Bibl.
993 555 1134 593 Graec.
1159 554 1250 595 Vol.
1279 556 1373 593 VII.
1402 570 1444 608 p.
1467 554 1563 610 427.

217 623 312 664 297.
333 610 381 648 C.
402 609 442 660 4.
471 609 585 664 [5·6‚
612 608 688 662 ιι]
732 605 852 660 ἔτυχε
897 611 1143 662 συγγραφῆς
1182 604 1264 647 ὑπό
1302 623 1411 655 τινος
1440 608 1568 649 οὖδα-

135 663 240 714 μός.
270 665 379 704 Haec
406 678 488 703 non
519 664 636 702 nimis
665 666 799 703 stricte
841 664 892 702 ad
919 663 1094 702 litteram
1122 664 1365 717 accipienda.
1425 665 1569 704 Insunt

135 719 243 757 enim
270 718 364 758 huic
390 733 551 772 quoque
582 718 803 767 volumini,
841 733 943 772 quae
972 726 1113 757 auctor
1138 733 1219 757 non
1248 719 1299 758 de
1325 733 1397 757 suo
1426 719 1535 758 dedit
1553 751 1566 771 ,

134 772 203 811 sed
227 787 273 812 ex
300 774 473 827 antiquis
511 773 714 812 codicibus
747 773 1011 812 Bibliothecae
1038 773 1245 812 Palatinae
1272 777 1491 825 excerpsit,
1521 782 1568 814 ut

133 834 192 866 est
217 827 432 881 Epiphanii
460 829 600 867 notitia
640 829 974 882 Episcopatuum,
1010 828 1320 881 Cletorologium
1364 828 1568 868 Philothei

130 880 377 933 Articlinae‚
406 884 501 922 item
528 884 658 936 capita
686 897 754 939 27.
775 883 842 923 28.
864 897 931 937 29.
950 884 1018 938 37.
1049 882 1118 935 44.
1142 882 1210 938 49.
1235 883 1300 922 50.
1321 883 1387 923 51.
1416 891 1455 922 et
1483 883 1566 923 sor-

130 942 172 976 te
196 936 274 977 alia
302 938 513 992 quaedam.

239 992 294 1031 D.
317 1006 351 1031 ι.
383 992 498 1048 [516,
533 990 620 1045 16.]
663 987 735 1031 τόν
763 987 936 1044 φθόνον.
1004 991 1048 1029 ld
1079 1004 1138 1031 est
1173 989 1245 1032 niv
1293 993 1470 1045 φθῖνον,
1523 1001 1570 1033 ut

129 1046 186 1084 ita
213 1045 369 1097 dicam,
417 1048 624 1089 imeritum.
698 1046 907 1099 Quidquid
947 1047 1053 1086 enim
1093 1049 1298 1086 vetustatis
1327 1049 1495 1100 interiit,
1526 1049 1568 1088 id

133 1100 296 1141 fortuna
335 1116 471 1142 rerum
518 1101 787 1140 humanarum
838 1101 955 1141 nobis
1004 1102 1157 1142 invidet
1200 1109 1239 1142 et
1282 1103 1483 1142 subtrahit
1521 1118 1569 1143 ex

129 1154 271 1196 oculis.

210 1209 305 1264 ²98.
324 1211 370 1250 Β.
388 1210 540 1266 penult.
577 1209 694 1266 [517,
722 1209 808 1265 12.]
839 1209 1122 1262 διανέστημεν.
1180 1211 1265 1251 Nos
1297 1214 1566 1262 minumus,

132 1267 474 1314 consurreximus,
505 1266 675 1319 aggressi
694 1280 842 1304 sumus.
897 1265 1143 1319 Frequentes
1171 1274 1263 1305 sunt
1291 1268 1334 1305 in
1362 1267 1436 1305 hac
1469 1282 1570 1306 voce

131 1320 226 1358 novi
252 1321 418 1371 Graeci3
462 1320 547 1359 vid.
590 1320 828 1372 Theophan.
865 1334 905 1372 p.
929 1320 994 1373 78.
1024 1321 1069 1358 B.
1106 1334 1139 1360 t.
1181 1322 1354 1361 Cedren.
1387 1320 1481 1374 591.
1514 1323 1566 1362 D.

128 1372 204 1413 ult.
238 1374 331 1427 593.
359 1376 413 1414 A.
434 1376 470 1415 5.
493 1375 589 1413 601.
610 1374 663 1412 A.
686 1374 728 1413 6.
749 1374 841 1413 633.
873 1374 919 1412 C.
941 1374 981 1413 6.
1013 1382 1053 1413 et
1087 1390 1149 1414 12.
1179 1376 1305 1414 Nicet.
1335 1391 1376 1428 p.
1400 1390 1492 1414 200.
1515 1377 1562 1415 Β.

127 1427 171 1468 6.
201 1436 242 1467 et
267 1429 317 1468 C.
357 1429 400 1468 6.
458 1429 591 1467 Habet
628 1435 764 1474 temen
801 1430 904 1466 inter
946 1435 1099 1468 veteres
1140 1430 1257 1468 etiam
1299 1429 1493 1482 Polybius
1519 1446 1563 1483 p.

133 1481 220 1522 158.
250 1484 318 1522 23.
347 1483 412 1522 ed.
456 1484 581 1523 Gron.
624 1490 664 1521 et
704 1480 1011 1522 ἐπανίστασθαι
1052 1483 1191 1522 eodem
1236 1498 1355 1523 seusu
1398 1484 1565 1524 Arrian.

126 1536 296 1576 Dissert.
326 1539 460 1591 Epict.
477 1552 518 1590 p.
542 1538 635 1576 235.
666 1551 728 1575 12.

205 1606 297 1646 299.
318 1594 371 1631 D.
392 1592 433 1644 4.
462 1592 502 1645 [5
513 1607 575 1646 19,
604 1590 684 1644 14.]
727 1585 1010 1644 ῥωμανησΐου.
1065 1592 1139 1631 Est
1166 1594 1418 1632 mmanisiztm
1445 1593 1564 1644 obex,

125 1648 277 1698 vectis,
320 1661 401 1700 quo
428 1647 532 1686 fores
572 1646 833 1696 obserantur,
869 1646 1086 1699 interprete
1121 1648 1188 1685 Du
1230 1648 1364 1701 Cange
1401 1648 1477 1687 hac
1516 1662 1559 1687 v.

124 1711 215 1750 Vox
245 1719 304 1750 est
318 1712 516 1751 Arabicae
542 1713 719 1763 originis:
753 1703 873 1767 OQ),
890 1726 1084 1761 romman,
1110 1719 1168 1751 est
1184 1712 1388 1752 Arabibus
1414 1714 1564 1752 malum

122 1776 344 1818 granatum.
405 1768 509 1805 Hinc
541 1774 692 1805 vectem
723 1767 763 1804 iu
792 1781 874 1804 uno
901 1774 1078 1805 extremo
1104 1766 1268 1820 globum
1296 1774 1365 1805 aut
1391 1767 1564 1808 bulbum

125 1820 190 1858 vel
219 1835 363 1874 corpus
390 1821 603 1860 habentem
629 1820 733 1859 malo
758 1828 925 1874 granato
955 1820 1083 1860 simile
1109 1823 1411 1860 rommanisium
1425 1822 1564 1874 appel-

124 1873 289 1925 larunt3
320 1883 360 1914 et
386 1875 482 1914 hinc
524 1875 627 1915 libra
655 1877 834 1914 Romana
858 1905 869 1924 ‚
902 1890 982 1914 non
1011 1876 1120 1928 quod
1150 1891 1173 1915 a
1200 1877 1392 1915 Roma'nis
1418 1878 1562 1915 inven—

125 1935 166 1967 ta
192 1937 263 1968 aut
298 1930 383 1969 sola
419 1939 608 1982 usurpata
636 1938 761 1977 esset,
800 1931 869 1969 sed
894 1931 1003 1984 quod
1031 1945 1159 1969 unum
1188 1933 1312 1970 vectis
1341 1939 1563 1971 extremum

123 1984 180 2022 sic
222 1984 435 2023 formatum
471 1992 571 2023 essct
587 2014 600 2034 ‚
638 1992 683 2023 ut
724 1993 934 2037 granatum
963 1998 1143 2038 pomum.
1212 1986 1255 2024 Si
1282 1993 1388 2024 recte
1415 1999 1461 2024 ex
1485 1985 1565 2024 hae

124 2051 222 2077 voce
248 2039 483 2078 concludere
509 2039 607 2092 quid
643 2038 735 2078 licet
755 2070 766 2087 ,
797 2042 839 2078 in
868 2055 944 2079 usu
982 2040 1145 2078 fuerunt
1173 2040 1306 2079 medio
1333 2039 1465 2079 adhuc
1493 2054 1561 2079 ae-

124 2105 178 2130 vo
202 2092 374 2132 claustra
401 2101 440 2132 et
466 2093 599 2132 claves
625 2095 676 2133 ad
705 2102 879 2133 veterem
897 2109 1050 2134 morem
1069 2095 1185 2134 facta.
1243 2095 1564 2134 Traiiciebantur

125 2154 257 2186 autem
286 2147 381 2186 olim
419 2155 550 2187 vectes
590 2163 660 2201 per
686 2157 837 2202 postem
864 2151 936 2199 sic,
962 2157 1007 2188 ut
1035 2149 1142 2188 ultra
1168 2164 1261 2188 eum
1287 2151 1561 2201 prominerent

125 2202 220 2240 nodi
246 2202 310 2241 vel
338 2201 450 2240 bulbi
487 2204 659 2241 vectium
677 2233 689 2250 ‚
724 2206 818 2256 qui,
848 2205 880 2242 si
909 2204 1099 2243 deberent
1126 2204 1239 2253 tolli,
1285 2218 1366 2242 non
1399 2211 1559 2242 tantum

122 2256 380 2306 retrahendi,
409 2255 477 2295 sed
509 2259 628 2296 etiam
656 2260 767 2310 prius
798 2259 839 2296 in
865 2258 991 2297 altum
1017 2267 1131 2298 erant
1158 2258 1341 2297 tollendi.
1394 2259 1468 2296 Est
1487 2258 1560 2296 ad-

123 2311 289 2350 modum
326 2311 493 2350 obscura
530 2325 593 2350 res
637 2315 783 2351 seraria
814 2320 994 2352 veterum
1007 2343 1020 2366 ,
1046 2327 1175 2367 neque
1210 2313 1344 2352 verbis
1388 2312 1559 2352 describi

121 2372 250 2418 potest
264 2395 277 2417 ,
297 2366 373 2404 nisi
401 2379 534 2403 coram
562 2366 866 2406 demonstretur.

207 2433 302 2475 299.
332 2419 465 2458 Schol.
493 2419 565 2458 lin.
597 2418 669 2458 ult.
701 2420 815 2474 [518‚
838 2436 904 2460 22.
949 2421 1047 2474 not.]
1089 2417 1264 2474 ῥαῳίου.
1319 2421 1367 2459 Id
1395 2427 1453 2459 est
1479 2419 1560 2473 ῥα-

125 2473 262 2524 φείου.
320 2475 426 2514 Puto
465 2473 596 2513 locum
625 2474 771 2519 fuisse,
814 2475 885 2513 ubi
913 2484 1082 2515 sartores
1111 2475 1332 2528 imperiales
1358 2474 1557 2514 officinam

126 2526 350 2576 habebant,
381 2528 451 2567 ubi
479 2536 606 2567 vestes
633 2529 784 2568 aulicae
812 2537 852 2568 et
877 2530 1066 2568 denariae
1093 2530 1457 2570 consarciebantur.

207 2583 300 2622 300.
323 2583 377 2622 A.
402 2584 440 2625 5.
469 2583 584 2637 [5¹9²
609 2581 694 2636 20.]
731 2580 1098 2636 ἐστηλογράφηται.
1153 2586 1269 2624 Picta
1288 2594 1357 2624 esc.
1414 2585 1555 2631 Graeci

128 2637 223 2674 novi
250 2633 377 2689 στήλη
401 2652 480 2677 non
507 2638 556 2676 de
584 2644 714 2676 statua
746 2645 927 2684 tantum,
960 2639 1027 2677 sed
1059 2639 1110 2677 de
1138 2641 1278 2692 quavis
1303 2640 1474 2692 imagine
1503 2642 1558 2692 pi-

128 2696 192 2730 cta.
227 2700 435 2744 usurpant.
499 2692 594 2731 vid.
625 2693 692 2731 Du
720 2692 850 2747 Gange
890 2692 1021 2734 Gloss.
1051 2694 1123 2732 Gr.
1166 2692 1207 2736 h.
1235 2709 1293 2747 v.‚
1333 2693 1403 2734 ubi
1437 2695 1556 2734 etiam
