1884 3132
275 131 390 189 508
555 152 627 194 10.
668 152 772 194 IAC.
814 153 1010 194 nmsxn
1050 150 1429 195 COMMENTARH

274 255 337 294 hit
365 254 519 303 virum,
569 257 613 295 fit
639 257 725 296 eius
756 248 949 308 ἄγαλμα,
990 257 1201 306 delicium,
1235 263 1306 296 aut
1337 256 1446 310 quod
1484 250 1647 312 ἄγεται,
1675 261 1719 300 in

274 311 578 351 matrimonium
607 312 767 351 ducitur
796 327 818 351 a
856 313 959 351 viro.

386 367 434 405 Β.
462 381 520 406 ιο.
540 367 655 422 [465,
683 367 738 422 1.]
769 367 1059 407 ηλατυλίσκια.
1108 367 1231 407 Vocis
1258 366 1380 406 huius
1408 367 1634 421 exemplum
1653 377 1724 409 aut

278 421 452 460 indicem
480 424 826 476 Lexicographum
855 437 936 461 non
978 422 1125 462 habeo.
1184 422 1252 461 Ad
1280 422 1447 462 ductum
1478 424 1600 477 igitur
1625 438 1722 464 con-

276 479 454 516 iecturae
483 485 523 517 et
548 481 660 518 vocis
687 474 872 524 πλατύς,
914 493 1018 532 quae
1046 485 1199 531 partem
1238 479 1535 531 compositionis
1574 479 1724 528 efficit,

277 534 383 571 verti
401 533 526 587 palae
545 535 650 573 latae
681 533 925 573 averrendae
956 544 1110 584 terrae,
1146 531 1332 586 qualibus
1361 533 1597 586 vespillones
1625 550 1662 574 e.
1686 550 1723 574 c.

280 587 477 627 effodiunt
506 588 677 628 humum
707 597 746 629 et
775 603 913 628 rursus
942 596 1188 628 converrunt
1209 596 1382 642 egestam
1409 603 1530 643 super
1557 590 1730 631 cadaver

282 643 325 683 iu
355 644 470 684 fovea
499 645 739 698 depositum.
797 644 881 683 Nos
911 645 1159 698 appellamus
1186 643 1376 699 Spatlaen.

394 701 442 738 B.
471 714 531 739 10.
556 700 674 756 [462
701 698 754 753 1.]
785 697 983 753 πτυάρια.
1014 700 1188 739 Reddidi
1216 700 1353 739 bottas.
1412 698 1632 752 Appellant
1648 701 1730 740 La-

283 755 360 794 tini
402 755 523 795 bottas
565 756 630 795 vel
659 757 785 795 buttas
818 769 935 794 omne
967 770 1038 795 vas
1062 755 1328 809 cylindricum
1365 768 1539 806 cavum,
1569 769 1733 796 omnem

284 825 449 863 scapum
478 825 636 851 cavum.
699 812 805 851 Hinc
825 825 965 850 ocreae
992 812 1118 850 bottae
1147 810 1291 849 dietae.
1348 810 1433 849 Nos
1450 825 1612 865 quoque
1633 813 1733 851 Ger-

285 866 395 904 mani
438 867 479 905 in
524 881 706 906 sermone
735 873 873 906 nostro
902 868 1121 906 retinemus
1149 865 1280 905 adhue
1308 879 1398 905 eam
1427 879 1566 905 vocem
1594 868 1635 905 in
1663 867 1734 906 ilia

287 922 464 961 dictione
491 924 578 962 eine
614 923 800 961 Lolzbutte
830 921 891 961 vel
920 923 1005 961 eine
1049 921 1307 960 Butae-Lolz.
1367 920 1528 960 Induxit
1567 935 1658 972 me,
1687 930 1735 962 ut

290 977 348 1016 sie
366 978 592 1028 redderem,
614 979 682 1016 Du
702 977 838 1031 Gange
854 1007 865 1028 ,
894 979 964 1030 qui
997 973 1126 1015 πτύον
1159 978 1288 1027 (cuius
1318 975 1604 1016 diminutivum
1629 991 1737 1017 utv-

289 1028 412 1082 «⁹910»
442 1035 512 1082 est)
542 1036 597 1074 ait
627 1033 828 1072 veteribus
862 1033 1122 1071 ventilabrum
1155 1032 1420 1085 significasse,
1450 1032 1738 1071 recentioribus

291 1095 426 1127 autem
458 1089 629 1140 ligneum
653 1089 829 1127 batillmn
858 1087 1079 1141 significare
1097 1116 1107 1134 ,
1137 1101 1219 1140 quo
1246 1093 1354 1126 terra
1385 1088 1574 1139 egeritur.
1622 1087 1736 1127 Nihil

293 1150 454 1196 poterat
468 1144 521 1183 V.
541 1145 593 1182 D.
613 1143 773 1198 planius
801 1143 996 1197 aptiusve.
1057 1143 1125 1181 Me
1151 1148 1285 1181 tamen
1316 1141 1471 1194 decepit
1503 1142 1738 1196 ambiguum

292 1211 405 1237 vocis
432 1199 603 1238 batillus.
661 1200 802 1250 Quum
830 1200 935 1238 enim
960 1212 1040 1237 non
1062 1211 1248 1250 praesens
1268 1199 1402 1236 animo
1422 1196 1613 1236 haberem
1629 1228 1640 1244 ,
1663 1197 1737 1237 ba-

292 1253 426 1293 tillum
466 1254 599 1307 palam
635 1269 795 1308 quoquo
838 1253 1010 1307 ligneam
1044 1260 1212 1301 notare,
1258 1252 1364 1291 ferro
1405 1266 1486 1291 non
1514 1260 1738 1304 armatam,

292 1323 374 1362 qua
402 1317 510 1349 terra
538 1311 734 1363 egeritur,
766 1313 851 1358 (nos
884 1310 1065 1363 Selu'ippe
1093 1306 1338 1361 appellamus
1354 1309 1380 1358 ,)
1412 1307 1480 1346 sed
1508 1306 1638 1347 solum
1666 1308 1740 1347 ba-

293 1364 428 1403 tillum
469 1364 728 1419 gestabilem,
775 1379 856 1418 quo
895 1364 1118 1403 candentes
1147 1377 1299 1416 prunae
1335 1362 1578 1412 conduntur,
1607 1371 1742 1403 mente

296 1422 573 1473 conciperem,
615 1435 660 1460 ex
706 1434 754 1459 eo
783 1421 932 1459 factum
961 1427 1045 1469 est,
1092 1425 1139 1457 ut
1181 1413 1386 1470 πτυάριον
1427 1432 1500 1471 Ρθι·
1529 1419 1652 1457 bottas
1686 1419 1746 1458 ad

295 1475 533 1529 efferendum
560 1490 718 1515 coenum
746 1475 970 1515 redderem.
1029 1473 1136 1513 Male
1156 1473 1296 1526 procul
1317 1473 1454 1512 dubio.
1513 1473 1619 1512 Nam
1641 1488 1745 1525 πτυ-

299 1529 402 1583 άρια
431 1539 526 1570 sunt
548 1533 686 1586 palae.
745 1532 900 1570 Verum
919 1537 1062 1569 suntne
1088 1529 1381 1583 praeseri-atae,
1410 1543 1461 1569 an
1488 1528 1638 1582 absque
1665 1529 1746 1568 fer-

298 1601 347 1627 ro
364 1616 376 1633 ‚
397 1601 479 1625 non
508 1589 619 1626 novi.
678 1586 802 1640 Apud
823 1588 890 1626 Du
912 1587 1046 1638 Cange
1072 1585 1234 1624 invenio
1263 1581 1411 1638 φτιάρι
1428 1614 1439 1632 ,
1465 1584 1567 1637 pala
1576 1585 1744 1636 jem-ea.

300 1643 342 1683 Si
374 1638 576 1692 πτυάριον
603 1643 654 1681 sit
681 1641 774 1696 pala
819 1641 949 1696 lignea
985 1639 1228 1693 praeferrata
1263 1640 1339 1691 (ein
1372 1638 1558 1694 Spatlaen)
1576 1667 1588 1689 ,
1627 1639 1747 1681 debet

300 1697 598 1737 πλατνλίσκιον
636 1712 720 1737 esse
758 1698 860 1752 pala
895 1698 1025 1749 lignea
1059 1709 1166 1750 pura
1206 1707 1276 1734 seu
1317 1694 1458 1749 absque
1467 1695 1590 1746 firm
1647 1696 1748 1746 (eine

300 1752 514 1806 Schic‘ppe).
571 1753 657 1792 Aut
685 1754 771 1792 vice
799 1766 928 1792 versa.

413 1808 461 1846 C.
487 1808 526 1847 5.
547 1807 661 1862 [463,
684 1806 745 1860 5.]
775 1803 932 1859 ῥέτινα.
991 1806 1037 1846 ld
1066 1812 1124 1845 est
1150 1806 1310 1848 retinas.
1367 1803 1443 1845 Est
1481 1804 1589 1844 enim
1622 1805 1750 1844 retina

302 1861 410 1901 idem
426 1893 438 1915 ,
469 1864 578 1916 quod
605 1864 872 1906 retinaculum.
902 1862 1089 1915 Superest
1117 1861 1159 1899 in
1187 1860 1384 1903 Francico
1402 1872 1586 1899 sermone
1604 1859 1748 1909 oeknes,

302 1919 407 1958 lora.
466 1919 584 1958 Conf.
609 1919 677 1958 Du
706 1919 841 1972 Gange
870 1933 910 1957 ν.
925 1916 1108 1958 Ῥέτενα.

416 1974 470 2012 D.
494 1973 533 2024 4.
555 1973 668 2027 [463,
695 1972 781 2028 11.]
812 1970 1007 2026 α’σήμιον.
1033 1971 1173 2012 Novae
1191 1970 1382 2011 Graeciae
1412 1968 1654 2009 vocabulum
1673 1968 1752 2008 hoc

306 2035 423 2068 notat
451 2038 661 2082 argentum
698 2043 817 2067 omne
837 2058 848 2079 ,
877 2042 1044 2078 cusum,
1090 2041 1174 2066 non
1202 2039 1369 2073 cusum,
1399 2025 1442 2063 in
1470 2026 1646 2063 nummis
1666 2053 1679 2075 ,
1709 2025 1750 2064 in

309 2083 570 2137 supellectile.
630 2085 798 2137 Proprie
827 2090 867 2123 et
893 2085 935 2122 in
963 2083 1116 2136 origine
1146 2089 1279 2121 tamen
1299 2088 1357 2119 est
1384 2087 1593 2133 argentum
1611 2093 1752 2119 cusum

307 2139 350 2177 in
382 2154 643 2179 nummorum
669 2154 802 2179 usum.
862 2139 1035 2178 Putatur
1063 2137 1226 2190 quidem
1245 2135 1368 2189 vulgo
1389 2136 1565 2175 Graecae
1587 2135 1752 2187 originis

306 2208 418 2243 esse,
447 2202 488 2233 et
514 2209 587 2248 pro
615 2190 790 2247 ἄσημον,
813 2209 891 2233 non
920 2207 1008 2232 cuso
1023 2222 1034 2242 ,
1063 2206 1141 2235 non
1173 2194 1340 2245 signato,
1365 2192 1571 2244 positum-⁶,
1608 2188 1753 2229 deinde

307 2249 500 2302 ampliato
517 2250 738 2303 significatu
767 2249 819 2290 ad
837 2263 972 2288 cusam
999 2261 1159 2302 quoque
1188 2248 1399 2300 pecuniam
1427 2252 1599 2286 tractum
1617 2243 1751 2289 fuisse.

307 2305 412 2343 Mihi
441 2305 626 2358 quidem,
672 2305 856 2358 quamvis
895 2303 1006 2343 nolui
1048 2309 1248 2356 receptam
1281 2302 1386 2340 hanc
1414 2300 1651 2340 sententiam
1677 2312 1752 2350 op-

308 2372 513 2413 pugnare,
542 2360 733 2400 videntur
772 2366 909 2398 tamen
949 2357 1146 2412 quaedam
1187 2357 1246 2396 illi
1274 2356 1432 2397 obstare
1472 2354 1582 2394 haud
1617 2360 1756 2392 conte-

309 2427 512 2477 mnenda3
545 2432 792 2480 quapropter
811 2425 947 2465 malim
959 2424 1012 2464 ab
1028 2423 1205 2466 Arabico
1231 2412 1371 2473 Mi,
1398 2420 1581 2467 assisnuh,
1599 2413 1645 2458 τὸ
1673 2416 1756 2470 χὰ-

310 2505 453 2544 ραγμα
474 2522 486 2544 ,
514 2492 762 2544 σημείωμα,
790 2491 986 2530 derivare.
1020 2491 1107 2529 Hoc
1136 2504 1160 2528 a
1193 2503 1274 2545 fan>
1292 2518 1304 2540 ,
1332 2489 1512 2540 signare,
1533 2484 1754 2535 descendit,

311 2553 358 2584 ut
385 2547 485 2586 adeo
532 2543 714 2598 α’σήμιον
733 2561 817 2585 non
845 2553 1004 2585 tantum
1032 2551 1268 2599 argentum,
1307 2542 1376 2581 sed
1421 2542 1542 2579 etiam
1577 2553 1721 2577 aurum
1740 2569 1755 2590 ‚

311 2614 443 2653 neque
468 2609 626 2640 tantum
651 2603 693 2639 in
723 2615 910 2641 nummos
929 2615 1089 2648 cusum,
1120 2599 1189 2638 sed
1208 2599 1326 2637 etiam
1345 2595 1541 2635 caelatum
1556 2595 1755 2648 significa-

313 2669 359 2693 re
386 2657 525 2708 possit.
583 2658 720 2706 Quare
746 2663 881 2695 autem
919 2656 971 2695 ad
1007 2661 1216 2708 argentum
1251 2666 1325 2690 usu
1367 2651 1592 2688 restrictum
1636 2649 1756 2688 suerit

312 2709 391 2748 hoc
419 2710 687 2760 vocabulum,
714 2711 896 2763 quamvis
923 2724 1069 2749 aurum
1095 2722 1177 2747 non
1206 2707 1339 2745 minus
1367 2718 1509 2743 cusum
1536 2703 1756 2743 caelatum-

315 2778 394 2818 que
423 2764 543 2804 suerit
559 2794 570 2816 ,
612 2779 744 2804 meum
768 2780 849 2806 non
876 2772 934 2804 est
953 2765 1108 2812 dicere,
1136 2775 1266 2816 neque
1294 2760 1411 2800 debet
1426 2759 1523 2800 haec
1545 2758 1756 2803 difficultas
