1884 3132
222 139 300 183 An
340 136 639 192 CONSTANT.
679 135 877 179 Pomm.
915 135 1004 177 DE-
1026 133 1208 177 cmm.
1245 133 1343 174 Lm.
1382 135 1417 175 1.
1469 115 1580 171 203

133 255 295 308 gemmis
321 260 361 292 et
385 261 570 306 argento,
618 265 736 306 quam
762 257 907 291 vocant
930 248 1154 295 Manet-am,
1182 245 1223 285 id
1251 253 1311 286 est
1354 235 1456 302 §UA
1497 254 1580 287 tur*-

135 311 215 350 n'm
229 338 241 355 .‚
268 307 335 348 vel
357 309 544 363 pharum.
603 305 931 362 Propitiaeoriwn
958 303 1098 342 dicunt
1133 309 1336 351 auctores,
1383 316 1485 356 quos
1513 302 1582 342 Du

137 365 272 418 Gange
310 363 354 402 h.
389 376 430 402 v.
462 361 599 401 laudat
615 391 627 413 ,
670 367 806 400 exacte
850 358 902 399 ad
951 359 1148 411 originem
1188 356 1431 397 Hebraicam
1473 358 1582 398 vocis

138 413 352 460 Κιπώοιν.

253 455 302 512 (Ξ.
322 472 364 512 6.
388 470 475 525 [08,
501 469 565 526 5.]
593 467 678 510 διὰ.
734 470 838 518 Per,
896 468 1041 522 accipit
1065 463 1220 516 ιἐὕμα,
1247 465 1429 506 divinam
1456 481 1583 507 αηηιι-

140 529 327 568 ἰαεὶοηεηι
354 517 663 582 ab⁸Imperatore
676 523 1027 588 per-praepositum
1055 530 1240 576 tanquam
1263 536 1341 578 per
1366 523 1579 562 traducem.

250 583 304 622 D.
334 595 368 621 ι.
389 580 479 636 [98‚
505 579 589 634 ιι.]
620 579 857 629 α’ριστωσιν,
899 578 959 616 Μ.
991 573 1250 630 ἅριστοῦσιν.
1304 576 1407 617 Novi
1440 578 1583 618 Graeci

144 651 179 677 ω
206 644 251 678 et·
274 650 324 676 ov
351 637 576 690 promiscue
602 635 766 674 habent.

254 693 309 731 D.
331 690 577 744 antepenult.
607 704 676 729 seu
696 690 735 728 in
751 688 902 729 scholio
931 685 1021 743 [98‚
1046 683 1136 740 23.]
1154 680 1296 738 ταύτῃ.
1322 685 1383 725 Μ.
1398 685 1452 740 τῇ
1464 685 1586 742 αιῖτῇ.

253 747 308 786 D.
326 745 482 800 penult.
504 745 590 800 [98‚
611 744 699 801 24]
738 743 798 792 εἰς
832 744 909 784 τοῦ
948 739 1069 795 ἁγίου
1115 737 1364 781 ἀποστόλου.
1418 743 1477 781 Μ.
1523 742 1585 790 εἰς

143 797 247 849 τούς
268 797 416 853 7ἁγίους
445 796 711 846 ἀποστόλους.

201 855 270 911 59.
290 856 346 896 A.
364 855 407 895 8.
427 855 513 910 [99‚
537 854 595 908 2.]
626 849 899 905 α’σπαθάριοι.
953 853 1003 892 Id
1030 858 1088 892 est
1106 847 1441 904 Protospatharii.
1496 851 1587 892 Sae-

142 925 197 966 pe
224 925 253 951 α
278 912 322 951 in
347 913 634 964 compositione
674 910 840 960 πρῶτον
878 907 1001 949 valet.
1060 908 1106 946 In
1142 906 1384 946 membranis
1421 906 1586 962 quidem

144 967 293 1006 nostris
319 981 348 1005 α
375 966 483 1006 illius
510 966 682 1004 notionis
710 972 780 1004 aut
805 964 1005 1018 triangulo
1043 962 1300 1017 aequicruri‚
1348 961 1435 1001 basi
1464 962 1587 1002 desti-

145 1029 262 1073 tuto,
305 1028 375 1060 aut
417 1028 644 1060 transversa
682 1020 839 1073 virgula
859 1022 906 1072 s
928 1019 1180 1072 designatum
1215 1024 1316 1057 erat.
1373 1017 1439 1056 Ad
1474 1020 1588 1071 prius

145 1077 270 1130 idque
295 1077 540 1130 frequentius
566 1074 790 1129 exemplum
818 1076 956 1115 curavi
984 1087 1058 1128 ego
1074 1103 1086 1124 ‚
1128 1075 1169 1112 in
1197 1073 1267 1112 ina
1294 1079 1409 1125 parte
1426 1103 1439 1123 ‚
1483 1088 1587 1127 quae

147 1132 226 1172 sub
250 1133 350 1171 meis
377 1131 502 1213 oeildis
527 1134 718 1186 impressa
747 1131 849 1182 fuit,
898 1145 922 1170 a
948 1124 1210 1185 typographis
1244 1128 1354 1168 hunc
1381 1127 1588 1168 characte-

149 1232 237 1258 rem
263 1220 375 1272 poni.
435 1234 478 1259 α.
535 1220 624 1259 Mos
654 1218 722 1258 ille
739 1249 750 1267 ,
791 1233 819 1256 α
847 1232 921 1271 pro
949 1229 1111 1269 πρωτος
1138 1217 1341 1256 scribendi
1358 1247 1371 1268 ‚
1400 1219 1591 1272 antiquus

149 1280 224 1314 est.
269 1273 550 1315 Artemidorus
576 1274 753 1329 aquilam
781 1273 823 1314 in
853 1272 1135 1313 Onirocriticis
1162 1273 1218 1311 ait
1240 1274 1419 1328 primum
1442 1288 1589 1314 annum

149 1357 307 1400 notai-e.
346 1362 456 1416 Ergo
483 1357 604 1408 οἴει-ὂς
630 1360 735 1400 idem
755 1368 814 1400 est
833 1367 954 1414 atque
979 1326 1019 1399 ἓ
1041 1355 1129 1406 ἔτος
1157 1358 1197 1398 id
1226 1364 1285 1398 est
1304 1360 1469 1409 πρῶτον
1488 1356 1592 1408 ἔτος.

152 1414 286 1454 Locus
314 1415 381 1455 hie
410 1425 469 1456 est
494 1431 536 1469 p.
571 1430 661 1471 ¹⁰7·
692 1416 764 1455 lin.
802 1430 889 1469 ¹7*
923 1414 1117 1464 σημαίνει
1145 1413 1192 1452 δὲ
1221 1410 1242 1452 ὅ
1272 1411 1396 1460 ἀετὸς
1422 1415 1496 1454 καί
1519 1412 1592 1454 τὸν

153 1467 357 1510 ἐνεστῶτα
383 1465 587 1513 ἐνιαυτόν.
645 1468 738 1509 ἐστι’
762 1466 840 1521 γὰρ
870 1466 915 1508 τὸ
955 1467 1088 1519 ὄνομα
1119 1467 1251 1507 αὐτοῦ
1276 1469 1440 1521 γραφὲν
1468 1467 1593 1509 οὐδὲν

153 1517 258 1607 ἄλλο
278 1519 312 1578 ἢ
338 1527 500 1580 πρῶτον
527 1521 630 1572 ἔτος.
686 1525 792 1576 Quia
820 1538 916 1563 vero
951 1525 1117 1578 πρῶτος
1149 1530 1189 1562 et
1217 1515 1276 1569 εἷς
1314 1523 1454 1562 eodem
1481 1525 1595 1579 signo

155 1626 187 1651 α
212 1610 396 1652 solebant
421 1613 612 1666 exprimi,
641 1612 792 1651 factum
820 1612 896 1650 fuit
910 1642 922 1662 ‚
962 1618 1008 1650 ut
1035 1610 1220 1650 socordes
1248 1617 1318 1649 aut
1345 1609 1518 1663 imperiti
1545 1610 1596 1651 li-

153 1665 280 1711 b'rarii
317 1667 535 1708 lectoresve
574 1675 644 1707 aut
679 1667 912 1734 typothetae
936 1665 1081 1705 'unum
1118 1680 1194 1719 pro
1220 1665 1347 1704 altero
1384 1674 1595 1719 ponerent,

157 1735 196 1762 e.
218 1737 256 1762 c.
289 1719 316 1775 ἦ
343 1722 424 1773 μιά
460 1724 543 1764 τῶν
570 1723 795 1774 σαββατων
834 1724 1032 1777 reperitur
1058 1736 1133 1776 pro
1162 1719 1188 1774 ἡ
1216 1716 1360 1774 πρώτη
1388 1722 1472 1760 τῶν
1498 1735 1554 1762 σα

158 1802 324 1902 fidusque,
368 1809 436 1850 die
462 1810 669 1849 Paschatis
686 1811 800 1865 fisco
814 1841 827 1864 ‚
870 1812 940 1866 qui
978 1824 1090 1850 error
1123 1822 1145 1848 e
1175 1809 1287 1862 signo
1312 1773 1353 1847 2
1370 1815 1440 1847 aut
1468 1803 1496 1847 ά
1523 1823 1597 1849 na-

159 1869 225 1902 tus
268 1865 344 1903 uit.
1345 1876 1352 1880 “

267 1919 315 1958 Β.
338 1918 377 1959 5.
400 1918 484 1974 [99‚
508 1918 568 1974 8.]
598 1917 671 1960 ἐπὶ
694 1921 774 1960 τοῦ
799 1920 959 1972 κυρίου.
1018 1921 1079 1959 Ita
1109 1932 1269 1974 quoque
1295 1919 1357 1958 M.
1412 1917 1501 1973 Ego
1528 1933 1599 1960 ve·-

161 1985 209 2014 ro
235 1983 316 2013 non
346 1975 485 2014 dubito
513 1976 708 2029 quaedam
736 1976 803 2014 hic
831 1976 1031 2015 excidisse.

267 2029 376 2068 Ibid.
400 2029 486 2084 [99,
504 2029 565 2084 9.]
596 2028 812 2083 διἀσπρον.
867 2032 1018 2070 Amant
1045 2029 1187 2069 Graeci
1228 2030 1468 2069 recentiores
1507 2045 1602 2084 par-

161 2083 327 2123 ticulam
357 2083 427 2123 dici
458 2093 496 2124 et
526 2085 568 2124 δι
596 2087 638 2125 in
666 2088 892 2140 compositis
928 2086 1083 2126 colores
1121 2085 1354 2124 notantibus
1381 2099 1602 2139 praepone-

161 2152 228 2190 re,
268 2147 314 2178 nt
343 2137 533 2191 δι’ροδον,
576 2141 821 2193 δικίτρινον,
862 2140 1068 2192 δίβέιέτον
1097 2147 1173 2179 etc.
1232 2140 1346 2179 Nihil
1379 2147 1497 2193 auget
1524 2141 1601 2182 hoc

162 2193 516 2247 significationem,
545 2196 614 2234 sed
644 2203 786 2235 notant
814 2211 860 2235 ea
889 2196 1120 2250 simpliciter
1146 2195 1305 2244 album,
1338 2209 1514 2245 roseum,
1543 2199 1602 2236 ci-

162 2250 327 2298 m'num,
374 2258 552 2288 venetum
581 2257 656 2289 etc.
711 2251 902 2302 'Retinent
930 2252 1126 2305 quaedam
1154 2265 1293 2289 eorum
1322 2250 1454 2288 adhuc
1483 2251 1576 2291 Itali
1589 2283 1602 2304 ,

162 2310 211 2342 ut
236 2304 411 2360 diaspro.
471 2301 556 2343 Διά
585 2315 680 2344 vero
708 2308 750 2346 in
782 2307 858 2345 hac
886 2308 1172 2359 compositione
1209 2306 1391 2359 exprimit
1419 2306 1604 2347 incrusta-

163 2359 304 2398 tionem
320 2389 331 2407 ‚
363 2359 569 2412 significat,
598 2359 707 2400 hunc
734 2361 899 2401 illumve
926 2362 1100 2401 colorem
1128 2362 1171 2399 in
1206 2363 1266 2399 rei
1294 2361 1439 2399 extima
1463 2376 1606 2416 super-

165 2412 255 2452 ficie
281 2416 538 2467 conspicuum
568 2429 668 2454 esse.
726 2416 788 2454 Ita
816 2417 962 2456 dicitur
990 2413 1248 2468 διάχρυσον,
1296 2430 1377 2454 non
1405 2417 1514 2470 quod
1541 2425 1605 2458 to-

165 2474 253 2506 tum
291 2483 458 2508 aureum
486 2477 546 2508 est
561 2499 572 2520 ,
617 2471 686 2509 sed
723 2471 832 2524 quod
868 2486 1034 2510 aureum
1065 2476 1245 2523 apparet.
1302 2470 1406 2510 Sane
1422 2485 1476 2536 J).
1504 2473 1526 2512 5
1589 2503 1601 2513 .

163 2522 220 2561 D.
251 2530 291 2562 et
318 2522 413 2563 582.
444 2525 491 2563 Β.
509 2525 551 2564 8.
584 2523 750 2579 ἅργυρᾶ
778 2521 989 2579 διάχρυσα
1017 2532 1278 2578 opponuntur
1305 2528 1391 2574 τοῖς
1416 2529 1571 2593 ολοχξυ
1589 2553 1603 2560 -

169 2589 273 2622 σοις.
327 2578 476 2618 Contra
504 2594 601 2619 vero
630 2581 697 2619 Du
727 2581 860 2634 Gange
887 2581 1186 2633 v.'D1·agnatus
1213 2588 1432 2632 asseverat,
1466 2581 1537 2622 δια
1565 2586 1606 2624 in

168 2631 315 2685 talibus
343 2634 696 2687 compositionibus
723 2635 842 2674 valde
871 2649 1014 2689 augere
1045 2633 1372 2688 significationem
1387 2666 1400 2686 ,
1439 2637 1608 2693 ideoque

171 2685 401 2738 diac-ierimu-
427 2691 548 2728 vertit
574 2691 713 2729 coloris
738 2691 872 2739 citrini
896 2691 1139 2739 ιἠίεηεὶονιὶςς
1192 2689 1476 2743 ἆίαιγηὶΙιὴιιις,
1508 2695 1608 2746 hya-

174 2741 340 2782 cinthini
371 2744 511 2783 coloris
553 2746 771 2786 intensionis·
797 2752 873 2787 etc.
930 2745 1009 2786 Sed
1047 2759 1181 2786 annon
1207 2743 1340 2801 potius
1379 2741 1450 2786 διὰ
1478 2750 1519 2788 in
1547 2749 1609 2788 his
