1884 3132
216 111 292 155 An
331 111 631 157 consum.
661 114 860 157 Pomm.
901 117 973 157 DE
1014 114 1196 159 cmm.
1235 117 1334 159 Lm.
1375 118 1429 160 ιι.
1471 101 1580 176 743

247 217 302 256 D.
328 232 360 257 1.
390 218 507 271 [631,
525 217 583 273 8.]
612 215 822 272 ποτήριον.
881 218 967 259 Hoc
994 227 1054 259 est
1081 221 1238 261 celebre
1256 221 1357 261 illud
1376 223 1582 276 poculum,

138 269 299 326 de'quo
323 273 528 313 Cedrenus
556 289 598 327 p.
632 274 727 328 557.
758 275 846 313 init.
885 282 926 314 et
964 275 1109 329 Script.
1151 285 1241 330 post
1266 277 1506 330 Theophan.
1538 277 1586 333 μ’

145 327 215 367 151
227 356 237 366 .
257 327 318 378 Β.,
330 342 450 382 quem
466 335 712 382 postremum
727 327 860 368 locum
877 329 1063 369 Leichius
1080 345 1241 384 quoque
1269 334 1475 372 citaverat.
1501 333 1582 373 Ca-

138 389 214 435 put
244 382 321 421 hoc
336 390 375 422 et
404 384 607 436 sequentia
639 386 774 422 omnia
805 399 929 437 usque
946 385 997 423 ad
1017 398 1060 438 p.
1084 385 1178 427 568.
1199 387 1247 426 B.
1269 401 1308 426 2.
1332 389 1467 427 omnia
1487 396 1581 428 sunt

138 451 221 476 non
248 437 516 489 Constantini,
541 439 609 478 sed
629 453 652 477 e
678 441 944 478 monumentis
970 436 1235 480 bibliothecae
1253 441 1478 493 Palatinae,
1504 444 1581 483 sub

141 490 339 546 Michae'le
354 491 527 531 Ebrioso
554 495 739 545 exaratis,
770 494 956 548 decerpta
971 524 983 546 ,
1014 503 1058 534 ut
1077 496 1355 550 praecedentia
1383 512 1406 537 e
1434 512 1579 538 monu-

136 547 281 586 mentis
306 548 392 586 aevi
424 546 665 587 Heracliani.

244 601 300 641 D.
322 603 363 642 5.
395 601 513 657 [631‚
542 602 627 657 1o.]
655 599 962 656 χρυσοεψητὴς.
1018 603 1095 644 Vel
1113 601 1371 659 χρυσοχόης,
1403 608 1503 648 sorte
1518 618 1578 650 est

134 670 259 696 comes
282 659 387 707 auri,
415 657 466 696 de
493 673 573 711 quo
605 673 646 697 v.
670 658 840 697 Gutber.
861 674 903 712 p.
929 658 1027 699 660.
1063 661 1145 701 Leo
1162 662 1387 701 Grainmat.
1417 679 1459 716 p.
1483 663 1579 716 450,

134 711 183 751 Β.
209 711 250 751 5.
280 712 382 751 sorte
410 712 517 751 hunc
547 707 729 765 ἄρχοντα
758 714 835 752 τοῦ
861 715 1118 766 χρυσοχείου
1146 715 1333 769 appellat.
1393 717 1504 758 ldem
1532 735 1573 773 p.

135 764 230 821 497.
252 766 298 806 C.
318 782 359 820 9.
391 765 579 819 νοτάριον
617 768 690 806 καί
725 761 913 820 ἄρχοντα
942 770 1017 808 τοῦ
1043 766 1287 823 χρυσοχόου
1318 770 1456 812 habet.
1516 776 1577 814 Ex

134 827 307 875 utraque
323 821 491 861 lectione
511 837 589 861 una
610 822 716 862 bona
736 823 981 862 conficienda
993 826 1274 877 χρυσοχοεῖον
1288 855 1300 876 ,
1329 841 1432 880 quae
1456 830 1577 869 etiam

135 875 353 930 Anouymo
390 877 430 916 in
457 877 603 930 Script.
639 885 728 930 post
756 878 995 932 Theophan.
1023 894 1063 933 p.
1088 877 1180 933 247.
1198 881 1252 919 D.
1295 881 1373 920 fine
1412 885 1576 923 restitu-

134 931 238 983 enda
274 946 350 984 pro
387 946 512 985 prava
538 930 843 984 χρυσοχέστου.
903 933 1152 973 Artemidor.
1180 949 1222 988 p.
1254 949 1351 977 221.
1383 951 1473 992 cap.
1504 939 1575 980 53.

133 986 210 1026 τοῦ
234 986 458 1038 βασιλικοῦ
474 986 655 1038 χρυσίου
689 983 989 1040 ἐργειτιστάτην
1016 989 1204 1042 appellat.

218 1041 314 1081 365.
351 1041 398 1080 B.
426 1056 460 1080 1.
500 1042 613 1096 [652,
635 1040 697 1095 4.]
738 1041 1071 1095 αὐτοκρατορίας
1101 1043 1175 1082 καί
1199 1045 1423 1095 οτεψΐμου.
1479 1047 1575 1087 Fal-

133 1095 289 1144 luntur,
316 1098 386 1150 qui
415 1103 559 1150 putant
584 1097 756 1135 eundem
787 1111 872 1136 esse
896 1097 968 1148 τῆς
995 1097 1322 1152 αὐτοκρατορίας
1338 1107 1379 1140 et
1396 1101 1472 1141 τοῦ
1489 1117 1576 1143 ate-

131 1148 268 1201 ψίμου
298 1151 403 1190 diem
420 1181 431 1199 ‚
472 1166 554 1205 quo
582 1151 793 1205 imperium
822 1152 973 1191 adierat
1001 1152 1146 1205 aliquis
1183 1162 1222 1193 et
1252 1166 1340 1207 quo'
1361 1166 1576 1197 coronatus

131 1205 290 1257 fuerat,
317 1221 439 1260 quam
465 1214 598 1245 tamen
630 1209 671 1245 in
698 1207 929 1259 opinionem
957 1209 1095 1247 venire
1122 1222 1295 1261 pronum
1322 1217 1398 1250 est.
1453 1213 1574 1252 Multi

132 1259 266 1300 adhuc
294 1261 453 1314 parvuli
493 1261 662 1300 infantes
690 1275 713 1300 a
745 1261 926 1314 patribus
955 1263 1255 1303 coronabantur
1294 1271 1335 1303 et
1364 1270 1573 1307 renuntia-

133 1315 284 1354 bantur
310 1316 503 1370 Augusti,
554 1330 694 1354 verum
726 1313 1030 1367 αὐτοκράτορες
1059 1317 1208 1357 fiebant
1237 1319 1399 1358 demum
1432 1329 1471 1360 et
1498 1337 1573 1364 au-

134 1369 299 1409 diebant
314 1378 403 1423 post
420 1378 581 1424 patrum
597 1371 765 1409 obitum.
809 1370 1001 1424 Exemplo
1022 1371 1147 1424 liquet
1166 1373 1317 1412 Nostri.
1350 1374 1454 1428 Pag.
1475 1376 1571 1427 448.

135 1425 188 1464 D.
204 1439 245 1464 2.
269 1425 415 1464 dicitur
433 1422 478 1464 τὸ
510 1423 716 1474 στέψιμον
745 1424 820 1463 τοῦ
848 1422 1051 1464 δεσπότου
1072 1426 1318 1466 celebratum
1349 1428 1468 1468 fuisse
1485 1461 1496 1481 ,
1529 1433 1570 1470 id

134 1486 194 1518 est
220 1479 471 1519 Constantini
502 1479 887 1533 Porphyrogenneti‚
925 1479 990 1518 die
1028 1488 1118 1533 post
1145 1482 1288 1520 festum
1318 1483 1571 1525 Pentecostes

132 1535 339 1588 proxim03
366 1550 408 1589 p.
423 1533 517 1586 451.
536 1535 590 1572 D.
617 1547 651 1572 1.
678 1534 744 1572 die
764 1534 830 1573 30.
846 1534 1018 1587 Augusti
1036 1535 1230 1575 celebrari
1250 1537 1390 1576 natalis
1406 1540 1480 1590 τῆς
1491 1539 1569 1578 αὖ-

131 1588 398 1642 τοκρατορίας
430 1590 575 1629 Leonis
598 1596 636 1628 et
664 1588 884 1629 Alexandri
914 1589 1097 1639 fratrum,
1127 1589 1253 1631 altero
1277 1592 1343 1631 die
1355 1601 1569 1647 postquam

131 1652 246 1698 pater
272 1659 411 1684 eorum
438 1644 607 1684 Basilius
635 1645 738 1683 vivis
769 1645 1007 1683 excessisset.

218 1699 313 1739 366.
344 1699 456 1753 A.9.
488 1699 600 1754 [633.
628 1698 705 1750 16]
734 1698 808 1749 τῆς
845 1698 1068 1750 πολιτικῆς.
1122 1697 1339 1740 Subintell.
1369 1701 1569 1742 συστάσε-

131 1767 206 1805 ως,
235 1756 414 1808 oorporis
432 1755 499 1793 vel
520 1755 677 1806 collegii
700 1754 843 1792 civilis.
903 1753 1007 1792 Nam
1026 1769 1139 1794 mssa
1169 1763 1208 1795 et
1233 1756 1324 1794 alba
1350 1764 1466 1796 erant
1482 1758 1567 1797 col-

133 1809 234 1863 legia
261 1808 509 1861 suburbana,
537 1810 735 1862 peratica3
774 1810 932 1862 prasina
958 1815 999 1847 et
1026 1817 1166 1849 veneta
1193 1825 1290 1850 vero
1318 1810 1487 1854 urbana.

241 1865 288 1902 B.
308 1878 346 1903 2.
365 1863 482 1918 [633,
511 1862 597 1917 19.]
624 1862 669 1902 ἐν
698 1863 751 1918 τῇ
782 1859 955 1916 τετάρτῃ
985 1886 1041 1893 -
1068 1861 1324 1904 καταστάσει
1347 1867 1422 1904 τοῦ
1448 1866 1568 1914 adgl-

130 1931 233 1965 μου.
285 1919 478 1958 Proceres
505 1918 714 1958 saltatione
740 1933 852 1956 suam
868 1916 1109 1957 hilaritatem
1140 1920 1180 1958 in
1209 1920 1273 1958 die
1299 1921 1474 1973 quodam
1492 1922 1569 1959 Im·

131 1974 326 2026 peratoris
354 1974 475 2012 natali
512 1974 767 2027 significaturi
807 1988 877 2025 per
916 1986 1084 2026 corpora
1110 1974 1174 2012 vel
1203 1974 1344 2015 classes
1372 1975 1569 2014 saltabant

130 2029 289 2066 barbati
327 2031 500 2081 primum
530 2030 648 2081 primi
680 2028 858 2077 ordinis,
889 2035 976 2066 tum
1005 2028 1180 2067 eunuchi
1210 2031 1442 2083 praecipui,
1472 2030 1567 2070 dein

131 2083 334 2130 officiales,
365 2091 455 2136 post
473 2098 541 2122 eos
571 2084 746 2122 eunuchi
766 2083 981 2135 sequiores,
1011 2083 1184 2136 denique
1211 2083 1410 2124 factiones.
1467 2084 1568 2124 Cho-

130 2151 242 2176 ream
270 2139 390 2190 igitur
430 2152 553 2177 unam
592 2138 655 2176 vel
686 2138 877 2187 classem,
917 2151 1061 2190 corpus
1092 2138 1320 2177 saltantium
1341 2168 1352 2189 ,
1383 2140 1423 2180 in
1451 2141 1566 2179 cuius

130 2192 358 2231 decedentis
384 2194 512 2232 vicem
538 2193 647 2231 aliud
674 2193 792 2240 subit,
821 2193 962 2231 Noster
985 2187 1236 2231 κατάστασιν
1263 2193 1450 2246 appellat.
1491 2195 1567 2233 Lu-

130 2245 311 2286 culenter
338 2247 446 2286 hunc
473 2248 605 2286 locum
633 2247 804 2286 illustrat
831 2247 932 2286 alius
957 2247 1091 2286 Nostri
1118 2263 1160 2300 p.
1191 2248 1279 2302 ¹75·
1314 2248 1360 2287 C.
1392 2250 1466 2299 D.,
1494 2249 1567 2288 uhi

129 2302 239 2354 quod
280 2302 344 2340 hic
375 2298 623 2341 κατάστασιν
659 2302 777 2347 dicit,
823 2302 942 2340 modo
979 2301 1056 2340 hoc
1096 2303 1179 2354 ipso
1219 2304 1407 2354 nomine,
1445 2304 1566 2344 modo

130 2355 248 2404 τάξιν
285 2356 457 2409 appellat
474 2386 485 2405 ‚
514 2364 554 2395 et
581 2357 815 2395 nominatim
845 2357 1047 2410 designat,
1078 2360 1243 2409 quinam
1270 2371 1454 2411 proceres
1480 2361 1566 2398 sin·

130 2411 231 2464 gulis
270 2408 550 2451 καταστάσεσι
599 2426 668 2450 seu
704 2413 844 2458 scenis,
875 2419 921 2450 ut
948 2415 1003 2450 ita
1032 2411 1188 2462 dicam,
1234 2414 1472 2465 (Azfiritlen)
1500 2413 1564 2453 vel

130 2467 284 2506 vicibus
320 2466 506 2505 saltatum
545 2468 833 2518 processerint,
886 2474 926 2505 et
966 2479 1092 2518 usque
1118 2466 1167 2504 ad
1196 2481 1262 2504 sex
1291 2464 1566 2515 καταστάσεις

130 2522 298 2569 (ordines
325 2519 446 2559 vertit
471 2521 669 2569 Leicbius)
699 2528 919 2559 enumerat.
976 2521 1130 2559 Eodem
1161 2521 1356 2560 vocabulo
1382 2524 1423 2560 in
1442 2522 1562 2562 simili

129 2588 172 2612 re
199 2579 326 2615 utitur
351 2577 581 2615 Athenaeus
611 2576 657 2613 L.
682 2577 753 2613 IV.
785 2591 825 2628 p.
849 2575 936 2614 155.
963 2576 1008 2613 B.
1040 2590 1098 2628 9.:
1132 2572 1223 2613 ἐπεὶ
1242 2575 1301 2621 εἰς
1322 2575 1563 2630 Ἡγησιάνα-

130 2642 207 2667 κτα
243 2627 315 2669 τὸν
352 2628 429 2676 τὰς
462 2627 648 2696 ἱστιορίας
684 2625 903 2683 γράψαντα
931 2625 956 2682 ἧ
982 2630 1052 2683 τῆς
1092 2627 1305 2684 ὀρχήσεως
1332 2629 1446 2681 τάξις
1470 2631 1562 2685 e‘ys'-

131 2695 236 2731 νετο,
271 2682 448 2732 ἀναστὰς
474 2698 575 2723 aas.
