1884 3132
357 142 471 210 844
647 160 720 203 10.
762 160 866 204 1Αο.
909 151 1102 204 ΒΕιεΚιι
1152 162 1526 206 commmunia

353 277 487 302 rerum
527 269 773 316 repertarum
816 266 857 302 in
902 263 1066 303 aedibus
1094 264 1324 316 mobilium,
1372 269 1447 304 auf
1468 267 1539 320 qui
1565 267 1788 308 inventaria

351 320 599 371 recognoscit
627 325 666 358 et
696 333 788 358 cum
826 319 945 358 rebus
987 320 1260 372 praesentibus
1283 350 1294 370 ,
1327 335 1363 359 e.
1384 336 1419 363 c.
1448 323 1489 360 in
1518 321 1787 373 haereditate,

351 373 394 411 in
422 373 748 425 sublmstatione,
778 376 1112 427 sequestratione,
1143 383 1374 428 comparat,
1405 383 1470 426 et,
1500 383 1546 415 ut
1572 377 1694 431 vulgo
1725 377 1789 416 di-

351 436 460 477 cunt,
491 429 743 478 confi-ontat3
773 430 856 468 vid.
883 430 933 469 ad
964 445 1001 482 p.
1032 430 1124 482 416.
1147 431 1189 469 Β.
1219 444 1256 469 2.
1287 431 1336 470 de
1362 445 1404 470 v.
1433 431 1619 484 σκέπτωρ
1650 433 1789 472 dicen-

351 483 416 522 da.
475 484 552 523 Vel
596 492 725 537 potest
765 484 1007 537 βουλλωτὴς
1048 499 1257 538 percussor
1290 488 1532 526 monetarius
1553 516 1566 538 ‚
1612 488 1789 541 signator

349 546 533 578 monetae
550 546 648 587 esse,
664 541 732 593 qui
754 538 942 590 formam,
960 542 1036 580 den
1055 541 1239 592 Scempel‚
1264 541 1418 580 incudit
1434 549 1631 582 monetae.
1654 542 1787 582 Gloss.

348 593 582 634 Basilicor.:
612 593 778 650 pcoglzoe,
807 591 1099 648 βουλλοτήριον
1141 593 1170 648 ἦ
1195 593 1241 635 τὸ
1266 594 1501 647 ἀρχέτυπον
1532 594 1790 650 σφραγιστῆ-

347 662 439 698 ριον
461 679 472 700 ,
508 650 609 699 μεθ’
638 651 686 688 οὑ
720 645 741 689 ὃ
772 649 854 688 τῶν
882 645 1143 701 νομισμάτων
1170 648 1295 696 τύπος
1322 650 1635 702 ὲγχαράττεται.
1663 653 1787 691 Prae-

349 703 432 743 fero
471 712 605 743 tamen
645 705 818 757 priorem
859 706 1144 746 coniecturam.
1202 707 1318 745 Esset
1355 706 1420 744 hic
1449 705 1558 745 locus
1590 707 1639 746 de
1666 707 1789 746 bullis

346 761 463 809 regiis
494 768 533 799 et
557 759 692 812 sigillis
722 761 877 813 imperii
917 761 1119 814 loquendi.
1179 761 1257 800 Sed
1296 775 1435 814 parum
1484 761 1584 799 mihi
1624 762 1674 801 de
1710 762 1788 801 illis

348 821 516 854 constat.
578 815 779 854 Videntur
809 816 1071 868 Imperatores
1100 816 1256 856 diversa
1284 816 1412 868 sigilla
1439 816 1638 855 habuisse.
1670 817 1788 856 Certe

346 883 471 909 unum
488 900 498 920 ‚
528 884 608 924 quo
633 867 704 917 τὰς
731 867 891 923 δωρεὰς
919 869 1167 924 ἐπὲσήμαινε
1197 871 1389 922 manuel,
1419 879 1613 911 memorat
1641 871 1788 912 Cinna-

347 938 437 966 mus
468 941 509 978 p.
532 927 599 980 75.
624 925 676 964 A.
706 940 768 965 11.

453 981 506 1019 D.
530 980 683 1033 penult.
722 981 833 1036 [7¹7⁹
880 980 961 1034 ιι.]
1003 979 1245 1031 προστάται.
1299 981 1439 1020 Sintne
1471 981 1702 1035 praesides,
1735 996 1811 1021 anr

338 1038 532 1089 patroni,
561 1037 710 1074 nescio.
769 1037 976 1075 Praesides
1005 1037 1108 1074 forte
1138 1037 1256 1074 nimis
1281 1037 1516 1089 magnificus
1544 1043 1601 1075 est
1620 1036 1787 1089 titulus,

343 1105 465 1142 quam
504 1097 550 1128 ut
591 1090 671 1129 huc
710 1098 917 1144 congruat.
978 1090 1125 1129 Melius
1167 1105 1261 1143 ergo
1290 1098 1349 1129 est
1373 1100 1561 1146 patronos
1598 1099 1786 1143 vertere3

343 1146 426 1183 vid.
456 1145 647 1184 Libanius
678 1147 859 1185 oratione
890 1142 989 1195 περὶ
1014 1146 1304 1196 προστασιῶν,
1333 1160 1455 1199 quam
1474 1146 1609 1185 Iacob.
1631 1147 1795 1186 Gotho--

341 1200 477 1239 fredus
507 1201 630 1239 edidit
661 1202 848 1240 Genevae
884 1200 1001 1240 1631.
1030 1208 1069 1240 et
1097 1214 1198 1253 quae
1226 1201 1280 1239 V.
1305 1201 1359 1239 D.
1402 1201 1459 1240 ibi
1497 1201 1620 1243 habet
1647 1203 1688 1240 in
1717 1216 1788 1240 ar-

341 1263 554 1308 gumento,
606 1263 644 1295 et
683 1255 904 1294 subiunctis
956 1258 1146 1308 excerptis
1185 1269 1208 1293 e
1246 1255 1382 1294 codice
1421 1255 1701 1296 Theodosiano
1737 1257 1790 1296 de

335 1313 520 1364 patronis
550 1312 743 1358 vicorum,
775 1319 813 1350 ct
841 1311 984 1349 Petav.
1019 1311 1070 1349 ad
1101 1309 1246 1348 Iulian.
1278 1325 1318 1363 p.
1334 1310 1429 1350 365.
1452 1310 1506 1349 A.
1529 1310 1568 1349 6.

423 1365 520 1416 4ι6.
544 1365 595 1405 Α.
615 1365 657 1405 8.
677 1365 790 1420 [717‚
819 1367 896 1420 ιγ]
926 1362 1094 1417 κόμῃ-ες
1127 1360 1312 1404 ὑδάτων.
1370 1366 1436 1404 Ad
1457 1374 1640 1405 comitem
1663 1381 1788 1420 aqua-

341 1435 432 1459 rum
471 1420 726 1473 pertinebant
771 1421 1066 1474 aquaeductus,
1106 1420 1331 1474 nymphaea
1351 1451 1362 1473 ,
1408 1421 1589 1461 thermae
1609 1451 1619 1470 ‚
1660 1423 1790 1462 font&

343 1476 493 1530 publici
522 1483 562 1515 et
592 1476 753 1528 privati.

331 1568 333 1570 ,
450 1531 502 1572 A.
520 1546 561 1586 9.
583 1531 701 1585 [7172
728 1530 806 1585 ¹7·]
838 1527 859 1568 ὃ
895 1526 1087 1576 κιστικὸς,
1129 1531 1190 1568 Ita
1218 1533 1347 1571 estin
1376 1531 1633 1570 membranis.
1666 1531 1788 1582 Quod

341 1589 373 1626 si
401 1587 490 1639 quis
517 1586 614 1626 velit
642 1588 896 1639 interpretari
931 1588 1151 1641 praefectus
1191 1587 1293 1624 cistis
1311 1615 1328 1633 ,
1357 1587 1397 1626 id
1427 1594 1486 1626 est
1513 1586 1692 1625 cisternis
1717 1601 1791 1625 seu

341 1642 532 1693 lacubus,
576 1643 618 1680 in
648 1642 794 1694 quibus
822 1656 927 1694 aqua
955 1643 995 1679 in
1023 1640 1203 1693 publicos
1231 1656 1326 1680 usus
1370 1649 1596 1680 asservatur
1613 1671 1624 1691 ‚
1670 1656 1790 1694 prae-

342 1699 469 1737 sectus
493 1726 504 1746 ,
538 1704 668 1749 potest
698 1697 876 1735 tolerari.
937 1696 1077 1734 Malim
1106 1703 1240 1734 tamen
1283 1697 1450 1736 reddere
1482 1711 1527 1735 ac
1555 1698 1586 1734 si
1617 1695 1788 1735 οἰκιστι-

341 1748 413 1798 κὸς
437 1754 674 1791 invenissem
693 1753 788 1802 (vid.
808 1767 848 1805 p.
870 1751 964 1804 426.
984 1751 1029 1790 C.
1050 1751 1203 1804 antep.)
1234 1753 1441 1804 scriptum.
1471 1751 1697 1790 Notandum
1713 1750 1790 1789 ad·-

342 1807 441 1855 huc,
471 1807 570 1846 duas
597 1807 749 1846 litteras
778 1821 818 1845 κι
848 1822 871 1846 a
900 1808 1119 1845 recentiore
1139 1821 1259 1845 manu
1289 1808 1506 1861 adscriptas
1532 1821 1631 1856 esse,
1660 1809 1790 1846 veteri

341 1861 510 1901 lectione
540 1877 665 1901 erasa.
722 1863 901 1915 Cogitavi
944 1876 1103 1915 quoque
1135 1863 1184 1900 de
1214 1858 1412 1908 πιστικός.
1467 1863 1526 1901 lta
1555 1861 1786 1914 appellaba-

346 1925 414 1956 tur
442 1917 614 1956 famulus
642 1918 871 1971 quicunqne
901 1917 1028 1956 fidelis
1056 1924 1096 1956 et
1126 1917 1274 1970 probus
1297 1931 1308 1965 3
1343 1919 1384 1956 in
1415 1932 1544 1969 specie
1565 1918 1787 1971 praefectus

342 1974 456 2012 navis
478 2002 490 2023 ,
522 1976 615 2011 item
646 1974 798 2026 gregi53
829 1973 908 2013 vid.
938 1973 1003 2010 Du
1034 1972 1167 2026 Gange
1197 1987 1236 2012 v.
1269 1971 1476 2018 Πιστικὸς
1519 1979 1560 2010 et
1601 1971 1786 2010 Credita-

344 2029 438 2067 rius.
493 2028 572 2066 Sed
613 2029 711 2067 haec
755 2027 944 2066 alieniora
974 2028 1174 2066 videntur.
1229 2028 1386 2066 Turcae
1424 2030 1688 2079 inspectorem
1717 2041 1786 2065 ae-

343 2093 568 2132 dificiorum
610 2085 666 2128 [ἐς
690 2084 813 2147 λ-[μῑὰ
844 2095 997 2133 Mimar
1014 2094 1106 2145 Aga
1123 2093 1350 2146 appellant3
1384 2095 1442 2132 La
1463 2094 1580 2132 Croix
1597 2090 1648 2130 de
1666 2091 1788 2131 l'Etat

344 2148 394 2187 de
432 2149 590 2202 l'Eglise
607 2151 789 2202 Grecque
816 2164 904 2203 pag,
926 2163 991 2188 20.
1047 2149 1278 2188 Einhardus
1309 2149 1415 2202 apud
1444 2149 1509 2187 Du
1527 2148 1721 2200 Gangium
1743 2160 1786 2190 v.

348 2204 563 2257 Operarius
612 2205 877 2244 Gerwardum
916 2204 1087 2258 aliquem
1120 2211 1314 2243 memorat
1354 2202 1489 2256 palatii
1516 2202 1784 2241 bibliotheca-

344 2261 449 2298 rium
467 2289 478 2307 ,
525 2266 564 2298 et
604 2260 722 2298 simul
744 2261 1016 2314 palatinorum
1045 2274 1204 2314 operum
1230 2273 1277 2298 ac
1304 2268 1585 2297 structurarum
1614 2271 1730 2296 curae
1755 2271 1784 2296 a

344 2329 431 2366 rege
467 2314 731 2369 praefectum,
771 2322 811 2353 et
852 2316 1092 2354 Sozomenus
1137 2315 1184 2352 L.
1239 2315 1293 2354 11.
1324 2314 1427 2352 Hist.
1482 2311 1594 2354 Eccl.
1632 2327 1665 2352 c.
1717 2326 1790 2350 11.-

343 2367 507 2408 πάντων
537 2363 721 2421 ἄρχοντα
751 2371 832 2408 τῶν
859 2370 936 2408 τοῦ
962 2369 1167 2420 βασιλέως
1195 2368 1403 2420 τεχνιτῶν.

452 2424 505 2463 A.
528 2439 566 2478 9.
590 2423 703 2478 [717.
738 2423 816 2477 18.]
857 2420 1181 2476 κουμερκιάριοι.
1245 2422 1507 2476 Κουμέρκιον
1533 2428 1572 2460 et
1598 2420 1780 2471 κομμὲρ-

345 2492 433 2519 κιον
462 2481 558 2530 (vid.
590 2481 656 2518 Du
688 2479 819 2532 Gange
848 2479 892 2519 h.
924 2480 981 2529 v.)
1024 2487 1082 2518 est
1119 2478 1285 2532 vectigal
1317 2492 1390 2530 pro
1431 2476 1694 2522 commercio,
1738 2475 1781 2515 id.

345 2542 404 2574 est
431 2535 627 2573 mercibus
670 2535 908 2573 intrantibus
945 2542 985 2572 et
1019 2534 1253 2573 exeuntibus
1294 2533 1490 2572 debitum.
1545 2531 1647 2569 Sunt
1685 2544 1780 2583 ergo

346 2590 632 2628 commerciarii
670 2589 922 2642 vectigalium
951 2597 1161 2628 exactores.

454 2644 506 2682 A.
529 2659 569 2697 9.
594 2645 708 2698 [717‚
734 2644 820 2698 18.]
852 2640 873 2682 ὅ
906 2642 979 2695 τῆς
1012 2640 1312 2695 κουρατωρίας.
1341 2638 1545 2693 Quidquid
1575 2638 1780 2692 peculium.

348 2705 449 2736 esset
479 2699 750 2751 Imperatoris,
780 2700 979 2739 curatoria
1007 2699 1225 2737 dicebatur.
1281 2698 1327 2735 In
1359 2697 1495 2749 'specie
1522 2693 1624 2733 duae
1662 2701 1776 2734 erant

349 2755 591 2806 curatoriae‚
627 2768 771 2808 magna
810 2756 852 2795 in
881 2754 1006 2807 Asia,
1046 2761 1084 2792 et
1113 2754 1402 2806 Manganorum
1432 2749 1539 2790 dicta
1570 2750 1613 2788 in
1641 2749 1776 2802 urbe;
