1884 3132
466 213 541 254 AD
579 211 878 254 CONSTANT.
918 213 991 252 DE
1029 210 1212 253 CERIM.

126 311 337 359 ἀναφέρειν
363 312 495 346 referre
520 315 806 360 sententiamque

177 371 312 413 rugare
320 360 461 399 61,10.

133 405 241 452 εἶναψ
246 400 316 452 0ρᾶ
341 407 469 440 relatio
483 405 540 447 61,
569 407 622 440 15.

127 453 331 532 ἀνάἑρορον
362 455 470 487 vectis
513 453 559 487 ad
593 454 808 499 portandum

175 502 197 534 5
224 525 234 538 ‚
259 500 317 533 23.

130 544 388 592 ἀνδρειότατοι
428 547 649 592 στρατιῶται
668 543 752 587 414,
787 545 810 579 9

176 605 192 626 s

129 642 182 678 εἰς
193 604 403 720 ίεξιξῗιέγερσιν
423 638 499 675 τῶν
524 638 706 687 ῥωμαίων
731 639 811 679 146,

131 732 301 768 α’νελθεῖν
336 734 374 766 in
403 733 540 766 Circum
574 733 697 766 venire
731 729 812 771 302,

176 779 211 812 8.
249 799 295 804 -
330 778 558 825 ἀνέρχεσθαι
589 785 739 812 notetne
775 781 813 812 in

175 831 312 870 partem
345 826 526 859 borealem
562 827 659 859 urbis
696 827 813 870 regiae

182 875 235 906 ire
262 872 348 906 ibid.

130 919 343 958 ἀνεξικακία
370 919 559 952 clementia
585 918 666 958 662,
693 918 750 952 39.

133 965 338 1010 ἄνθρωπος
352 966 519 1007 famulus,
530 966 714 999 familiaris
733 965 814 1006 288,

179 1013 235 1047 21.

135 1058 352 1095 ἀνθύπατοι
385 1059 619 1104 proconsules
658 1070 687 1091 s.
724 1058 816 1091 Illu-

180 1112 276 1153 stres·
291 1105 351 1146 68,
363 1106 398 1138 5.
446 1106 601 1139 feminae
627 1104 789 1142 166,·34.

134 1152 220 1188 ἀνθ’
245 1154 300 1188 ὧν
323 1157 514 1198 propterea
539 1153 636 1198 quod
655 1151 815 1193 239,38.

134 1199 276 1239 ἄνοιξις
296 1199 353 1232 vel
377 1199 523 1239 ιίνοίξια
549 1199 728 1232 dedicatio
744 1211 818 1232 -ec-

183 1247 312 1279 clesiae
326 1245 409 1287 616,
420 1244 478 1279 43.
529 1245 672 1291 ἀνοίγει
687 1243 728 1279 τὸ
742 1259 818 1280 πα-

182 1292 312 1327 λάτιον
333 1303 399 1337 pro
423 1292 611 1338 ἀνοίγεται
641 1292 719 1332 173,
741 1293 800 1327 30.

138 1338 331 1399 ἀνταίρειν
357 1339 531 1372 rebellare
560 1338 643 1378 453,
667 1340 725 1374 22.

140 1389 224 1421 arn
238 1397 276 1418 ιιι
299 1387 535 1442 compsitioue
567 1396 654 1430 prae
671 1384 748 1426 164,
761 1385 819 1420 40.

141 1431 373 1478 ἇντιβάλλειν
398 1444 442 1466 τα
466 1431 645 1478 κάγκελλα
661 1443 819 1466 carceres

186 1478 415 1524 comparandi
441 1491 516 1512 mos
539 1479 619 1519 319,
645 1479 702 1512 32.

140 1525 388 1606 ιῖνῑτιιγραΐφεῖς
413 1526 674 1607 ἒηὲἓιγιιιὶηόφιει
699 1525 820 1570 dig'ni-

200 1584 219 1605 a
239 1585 258 1605 e
307 1584 408 1606 uerm
603 1597 612 1605 .

138 1617 351 1665 ιέντίδωρον
373 1619 447 1652 vid.
473 1597 654 1664 εὐλογίαι.

140 1665 496 1711 ἀντικωνσιστόριον
530 1667 658 1699 atrium
701 1667 820 1700 consi-

188 1714 288 1746 storii
313 1711 396 1753 164,
419 1713 476 1746 32.

141 1757 429 1816 ἀντιλαμβάνειν
454 1758 533 1799 145,
556 1757 614 1792 42.

141 1804 334 1851 ιιντὶληψις
357 1807 527 1839 auxilium
556 1805 635 1846 145,
662 1805 719 1840 40.

138 1853 356 1910 ἐντιμίσιον
368 1854 467 1886 arula
479 1855 657 1897 portatilis
675 1851 821 1894 164,13.

140 1900 364 1935 α’ντιπιένιον
387 1901 436 1933 ib.
458 1900 518 1934 39.

144 1945 358 1992 ἀντὶπιισχα
387 1946 464 1986 149,
485 1947 516 1981 7.

144 1993 359 2028 ιῖντίπεπτοι
383 1995 504 2026 valvae
531 1993 612 2033 282,
639 1993 672 2026 7.

142 2039 373 2098 ιεντισηιεοῦνι
392 2040 484 2073 idem
504 2041 617 2074 facere
640 2038 720 2074 859
737 2037 795 2072 34.

141 2089 181 2126 ἐξ
205 2086 456 2134 ἀντιστρόφου
483 2098 645 2132 perverse
669 2086 750 2124 361,
764 2086 821 2119 38.

144 2132 231 2168 ἄντί
214 2136 354 2180 &ponor
369 2135 468 2167 locus
493 2140 576 2167 ante
600 2134 714 2167 forum
740 2133 822 2173 235,

214 2181 233 2203 0

141 2181 292 2305 siggino
314 2228 407 2274 μέρη
430 2202 544 2260 tei-rae
561 2227 724 2260 boreales
743 2225 823 2268 379,

146 2317 461 2366 ἇνωφιλλικὴσιμε
503 2321 599 2353 vivat
633 2321 824 2365 imperator

194 2366 440 2399 felicissimus!
467 2367 603 2406 126,1.

147 2409 234 2451 ἀξία
256 2422 321 2456 pro
359 2412 511 2453 ἀξίωσις
530 2424 656 2447 munus
683 2412 765 2453 861,
788 2412 821 2446 3.

143 2457 384 2513 ἆξινορύγιον
406 2461 585 2504 pastinum
616 2459 697 2500 507,
719 2459 754 2492 8.

144 2503 246 2545 ἄξιος
268 2506 474 2550 spectabilis
500 2506 580 2547 569,
612 2505 669 2540 39.

144 2550 337 2598 ἀξιώματα
361 2552 549 2596 dignitates
563 2564 708 2586 munere
731 2552 824 2584 libe-

192 2610 250 2632 rae
274 2597 355 2638 234,
381 2600 416 2632 3.
465 2601 646 2644 sportulae
671 2600 741 2635 859
758 2600 822 2631 ult.

146 2642 389 2700 ἆξιωματικοὶ
413 2645 482 2679 233
508 2646 571 2678 ult.
597 2645 678 2685 839,
706 2644 765 2679 26.

146 2691 294 2724 aoristus
324 2693 455 2737 primus
494 2694 594 2726 novis
628 2693 771 2726 Graecis
805 2704 822 2724 a

195 2738 349 2770 secundo
373 2739 413 2772 sit
432 2740 510 2777 752,
538 2741 567 2772 1-

146 2782 384 2826 Apambarum
411 2786 542 2819 familia
567 2785 648 2827 456,
674 2785 729 2818 34.

1446 211 1557 268 927

884 313 1100 357 ἀπαρτίζειν
1123 315 1174 358 τῷ
1197 311 1353 359 νεύματι
1380 317 1471 346 nutu
1496 313 1563 346 de-

929 360 1085 405 pendere
1110 359 1192 400 443,
1223 359 1275 393 16.
1302 360 1361 392 ubi
1387 361 1494 393 etiam
1518 360 1565 393 de

930 418 995 439 usu
1008 407 1137 439 latinae
1147 406 1388 450 iinguaeapud
1400 407 1566 441 Graecos.

884 452 1066 488 ἀπελιὶται
1090 454 1206 496 abigei
1242 454 1374 486 milites
1399 454 1480 496 820,
1507 455 1565 488 37.

886 495 1108 535 ιῖπελατικόν
1132 511 1271 533 carmen
1294 501 1364 534 350
1388 502 1452 534 ult.

887 548 1018 586 ἀπέλτξ
1042 546 1129 592 quid
1142 547 1210 581 411
1237 547 1301 582 ult.

888 592 1176 639 ᾶπευχαριστεῖν
1189 594 1283 627 varia
1307 594 1568 636 significatione.

933 640 991 682 59,
1009 640 1067 674 26.

890 688 1176 732 ἀπευχιτριστεῖν
1190 691 1227 719 et
1242 686 1476 732 εὐχαριστεῖν
1491 700 1570 731 gra-

936 735 1041 768 tulari
1075 734 1140 768 727
1179 745 1261 778 pen.
1296 754 1347 762 —
1370 740 1572 782 άπευχαρι-

938 788 1040 817 στεῖν
1074 780 1200 824 gratias
1235 792 1339 824 agere
1362 784 1572 828 Imperatori

937 839 1001 873 pro
1026 839 1118 860 novo
1144 827 1280 871 collega
1306 827 1390 861 dato
1417 830 1574 863 debebat

938 877 1089 907 senatus
1118 872 1187 907 47)
1216 875 1280 907 ult.
1318 895 1366 902 —-
1389 877 1466 909 Deo
1492 888 1572 920 gra-

937 923 1004 954 tias
1030 920 1184 964 agebant
1203 933 1325 955 recens
1351 925 1507 968 promoti
1537 925 1574 956 in

939 968 1087 1000 ecclesia
1113 967 1196 1006 473,
1224 968 1257 1000 5.

893 1014 1078 1056 ἄπληκτον
1102 1025 1166 1058 pro
1179 1015 1389 1058 applicitum
1414 1017 1436 1048 i.
1451 1027 1482 1049 e.
1502 1022 1575 1049 sta-

942 1062 1007 1101 tio,
1034 1061 1170 1093 mansio
1198 1063 1279 1100 480,
1302 1065 1336 1098 9,

893 1107 1040 1143 ἆιιῖηῠν
1058 1107 1216 1152 χλανίδα
1231 1109 1386 1142 tunicam
1408 1111 1446 1142 in
1459 1110 1575 1143 sinum

940 1165 1155 1209 componere
1179 1154 1260 1196 307,
1288 1157 1344 1188 21.

895 1197 971 1236 α’πό
996 1213 1075 1234 cum
1100 1203 1300 1235 accusativo
1326 1203 1406 1241 231,
1431 1201 1469 1236 4.

896 1243 970 1283 (ἐπὸ
986 1249 1022 1280 in
1035 1249 1238 1292 compositis
1250 1255 1351 1282 notat
1363 1249 1455 1282 idem
1480 1249 1578 1294 quod

941 1291 989 1328 αὖ
1012 1305 1130 1327 rursus
1159 1295 1237 1336 126,
1264 1295 1322 1329 36.
1346 1296 1428 1332 601,
1455 1298 1509 1330 17.

896 1337 970 1376 ἀπὸ
1005 1341 1174 1384 singulari
1207 1342 1314 1374 ιιιοιΙο
1349 1342 1484 1376 dictum
1519 1343 1577 1380 20,

941 1387 1000 1426 44,
1029 1399 1092 1432 pro
1119 1387 1212 1433 μετά
1237 1388 1294 1428 50,
1326 1389 1383 1423 37.

897 1429 971 1468 ἀπὸ
998 1433 1182 1480 στόιιατος
1206 1434 1382 1480 δέχεσθαι
1407 1434 1490 1468 vide
1512 1435 1578 1467 sub

942 1480 1075 1526 σιόιια.

898 1522 973 1562 ἀπο
998 1527 1151 1564 ὑπάτων
1176 1529 1357 1569 exconsul,
1388 1526 1578 1573 proconsul

944 1573 1011 1607 431
1040 1585 1124 1618 pen.

897 1620 1116 1665 ἀποβάλλειν

942 1666 1024 1703 482.
1049 1666 1106 1699 311

898 1713 1157 1758 ἀποδέχεσθαι
1174 1713 1430 1758 licentiaripro
1452 1713 1577 1748 ‹raude-

941 1765 1078 1805 χεσθαι
1103 1760 1186 1799 288,
1212 1760 1270 1792 30.

899 1806 1180 1853 ἀποδιαλύσιιια
1224 1807 1490 1852 praeparatoria
1533 1805 1579 1838 ad

946 1865 1085 1886 cursum
1114 1841 1297 1898 publicum
1322 1853 1485 1893 310,19.

900 1900 1125 1935 ἀποδιδόναι
1137 1900 1236 1942 λιτίν
1248 1902 1510 1945 processionem
1541 1899 1579 1932 in

946 1948 1058 1980 eccles
1062 1948 1129 1979 iam
1154 1946 1331 1980 deducere
1351 1945 1431 1986 224,
1450 1944 1509 1979 41.

899 1993 1087 2028 ἀπόθετον
1112 1994 1275 2026 horreum
1300 1992 1369 2027 504
1387 1999 1558 2037 antepen.

899 2039 1131 2096 (ἔπιοκόιιβιον
1145 2041 1303 2073 sacculus
1313 2041 1371 2073 cui
1395 2044 1579 2081 argentum

946 2089 1101 2120 insutum
1138 2093 1191 2120 cst
1230 2088 1367 2128 122,1.
1406 2085 1488 2125 487,
1520 2083 1576 2117 24.

946 2133 1149 2179 pertinebat
1183 2133 1228 2166 ad
1258 2134 1346 2167 ritus
1371 2133 1577 2166 coronatio-

944 2182 1000 2213 nis
1026 2180 1090 2214 150
1118 2181 1183 2213 ult.

899 2225 1111 2262 ἀποκοπτόν
1144 2226 1344 2260 convivium
1379 2230 1579 2271 sequestra-

945 2280 1019 2306 tum
1056 2272 1146 2314 304,
1180 2272 1216 2307 4.
1282 2271 1491 2310 ἇποκοπτος
1526 2276 1580 2303 est

944 2328 1128 2364 separatus
1178 2331 1205 2353 s.
1246 2319 1380 2352 divisus
1415 2318 1507 2357 613,
1544 2318 1578 2351 5.

944 2366 1133 2410 ἀποκοπτὴ
1158 2372 1320 2410 separata
1341 2367 1430 2411 Imp.
1456 2376 1576 2399 mensa

948 2413 1035 2452 168,
1062 2413 1117 2446 35.
1144 2413 1224 2453 613,
1250 2413 1283 2446 5.
1346 2424 1439 2458 quae
1464 2411 1579 2445 tribus

947 2459 1112 2502 gradibus
1136 2460 1243 2492 altior
1259 2464 1346 2499 erat,
1359 2470 1464 2504 quam
1481 2463 1580 2491 cete-

946 2517 1006 2539 rae
1029 2504 1111 2547 870,
1136 2506 1193 2539 35.
1243 2511 1279 2540 et
1303 2506 1484 2539 circularis
1497 2505 1579 2544 871,

900 2598 1024 2657 cineae&
1048 2598 1294 2643 compendium
1319 2599 1405 2646 quid
1428 2598 1508 2636 846,
1520 2598 1576 2631 28-

901 2644 1105 2691 ιῖπόκρισις
1126 2646 1349 2687 significatio,
1375 2647 1579 2679 mandatum

947 2693 1028 2733 223,
1057 2693 1109 2725 17.
1138 2692 1217 2732 259,
1244 2693 1275 2725 5.

901 2739 1182 2784 ιῖποκρισιάριοι
1208 2739 1288 2777 259,
1317 2740 1346 2772 7.

902 2785 1020 2822 «πόλιν
1015 2797 1083 2825 νσις
1106 2785 1308 2821 sacriossicii
1330 2786 1409 2818 {iuis
1423 2787 1502 2825 212,
1521 2783 1575 2817 39.

1155 1621 1187 1667 f
1179 1633 1256 1656 ure
1301 1631 1374 1654 une
1413 1619 1579 1654 dese-eme
