1884 3132
235 107 310 150 An
357 107 656 150 CONSTANT.
693 108 890 151 ponpa.
932 109 1003 149 DE
1042 108 1223 150 cuum.
1265 111 1361 150 Lm.
1404 113 1439 151 1.
1488 92 1590 147 261

157 217 272 250 actus
305 212 620 267 desponsationis
652 212 892 251 nubentium
914 242 926 264 ‚
962 227 1068 266 quae
1099 215 1404 254 coronationem
1432 217 1597 269 nuptia-

154 264 235 305 lem
257 266 429 307 debebat
457 268 706 321 praecedere.

264 321 320 361 A.
343 321 647 378 1o.[212,21.]
677 318 869 375 στάντων,
895 321 1122 362 δεσποτῶν.
1183 325 1244 363 Μ.
1289 322 1476 365 στάντων
1509 323 1594 365 τῶν

151 374 372 416 δεσποτῶν.

260 431 368 470 Β.8.
391 430 490 485 [215
507 461 518 482 ,
543 430 608 484 6.]
643 426 691 469 τὸ
719 429 936 482 τρίκλινον.
997 433 1173 471 Membr.
1196 429 1267 472 τὸν
1293 448 1358 486 τρ.

263 486 312 524 C.
338 500 399 526 ιο.
422 486 543 540 [215‚
583 486 667 538 18.]
710 484 875 538 φίλους.
935 487 1202 539 Imperatores
1237 491 1278 527 in
1320 490 1469 542 nuptiis
1511 493 1592 530 suis

153 538 362 580 Senatores
406 540 652 580 adhibebant
689 541 884 578 conviviis
918 555 1009 579 cum
1045 542 1237 581 uxoribus
1275 558 1415 582 eorum
1460 552 1500 583 et
1542 547 1591 585 iis

150 607 319 634 munera
353 595 660 634 distribuebant.
719 595 862 633 Dionis
905 597 1028 635 Cassii
1074 597 1236 650 quidem
1270 605 1450 651 tempore
1486 603 1592 639 acci-

149 650 315 702 piebant
351 649 497 689 milites
536 652 628 690 250.
670 649 880 688 drachmas
918 651 959 688 in
998 651 1164 703 epulum
1190 681 1201 702 ,
1245 654 1588 706 populare÷150.3

150 704 308 757 Xiphil.
335 719 380 758 p.
417 705 533 745 1358.
567 705 633 759 75.
690 705 870 743 Desiitne
900 705 966 744 hic
993 721 1079 744 mos
1110 707 1187 745 sub
1226 708 1349 761 lmpp.
1385 709 1590 748 CPtanis?

147 757 350 812 Equidem
377 759 490 798 nulla
528 763 613 798 eius
651 760 817 811 vestigia
855 763 1038 813 reperi03
1078 761 1147 800 illa
1175 770 1281 801 certe
1317 771 1515 816 tempora,
1554 767 1586 803 si

147 812 252 852 forte
282 817 499 853 maiumam
530 814 706 867 aliquam
737 814 885 853 ferrent
903 844 915 865 ,
948 823 1103 855 tantam
1126 824 1260 856 tamen
1286 818 1583 871 profusionem,

146 875 192 906 ut
217 871 347 908 acciso
377 872 573 923 imperio,
606 883 686 908 non
716 869 909 908 ferebant.

253 925 309 963 D.
331 939 370 964 2.
405 926 483 965 213
499 955 510 976 ‚
529 923 615 977 2¹.]
646 919 749 962 ἀλλ’.
806 925 928 963 Deest
952 926 1011 963 M.
1038 925 1162 965 Forte
1188 926 1303 979 plura
1336 927 1496 967 desunt.

251 979 308 1018 D.
327 994 366 1033 7.
387 924 504 1035 {214
536 979 598 1032 2.]
623 974 676 1018 θ’.
733 980 794 1018 Μ.
819 975 902 1030 ιθ’,
936 987 982 1018 ut
1010 983 1129 1018 etiam
1149 982 1188 1019 in
1211 982 1364 1020 Latinis
1398 991 1469 1022 est.

232 1034 324 1074 126.
339 1035 390 1074 A.
418 1034 617 1090 10.[214,
667 1032 748 1086 13.]
777 1030 1048 1085 προπόλωμα.
1103 1037 1266 1074 Turrita
1292 1039 1430 1090 capitis
1458 1040 1582 1090 vitta,

142 1086 269 1128 veluti
289 1089 503 1129 modiolus.
561 1090 698 1128 Latius
729 1089 778 1127 de
802 1103 901 1128 voce
922 1104 1076 1142 expono
1095 1091 1145 1129 ad
1168 1106 1208 1144 p.
1241 1091 1337 1130 288.
1369 1093 1414 1131 C.
1433 1109 1466 1132 1.

248 1143 356 1183 Ihid.
388 1143 512 1199 [mlh
543 1143 629 1197 14]
659 1143 719 1189 εἰς
745 1140 790 1182 τὸ
822 1143 1026 1197 φοροῦσιν
1054 1142 1098 1184 αἱ
1136 1144 1370 1197 πατρίκιαι.
1428 1150 1486 1187 Μ.
1514 1163 1579 1188 re-

138 1198 336 1249 spondent
359 1207 492 1238 exacte
515 1199 580 1238 hic
608 1199 685 1238 loci
713 1198 894 1237 editioni.
954 1200 1032 1238 Sed
1054 1199 1179 1253 liquet
1195 1201 1291 1239 haec
1318 1202 1442 1241 verba
1465 1218 1488 1242 e
1510 1219 1578 1242 su-

141 1253 367 1304 perioribus
400 1269 610 1307 perperam
638 1268 721 1292 esse
750 1255 918 1306 repetita
936 1284 947 1303 ‚
986 1263 1024 1294 et
1054 1256 1110 1294 sic
1141 1256 1287 1294 debere
1314 1255 1447 1296 locum
1480 1273 1578 1298 con-

137 1307 276 1347 stitui:
316 1306 401 1362 χρὴ
437 1308 485 1348 δὲ
511 1305 744 1360 γινώσκειν,
770 1305 837 1347 ὅτι
870 1306 1002 1362 ὁρίζει
1028 1307 1048 1347 ὁ
1077 1309 1276 1360 βασιλεῦς
1305 1319 1381 1351 etc.

249 1362 305 1401 A.
327 1377 340 1401 1
356 1378 391 1402 ι.
413 1362 515 1417 [214
531 1393 542 1412 ,
575 1363 656 1416 ι4.]
686 1362 730 1400 ἐκ
748 1360 822 1408 τιὲς
851 1361 1086 1415 πατρικίοις.
1115 1365 1220 1404 Novi
1250 1367 1392 1405 Graeci
1417 1366 1462 1406 ἐκ
1482 1383 1575 1407 eum

141 1414 277 1455 dativo
310 1424 350 1456 et
386 1419 611 1456 accusativo
646 1424 894 1457 construunt.
950 1418 1062 1457 lilius
1095 1419 1317 1471 exemplum
1352 1421 1474 1460 habet
1507 1425 1574 1461 Du

141 1470 276 1523 Gange
299 1485 341 1510 v.
364 1472 513 1523 ποτῆρι
535 1501 546 1521 ,
568 1473 636 1510 ubi
664 1472 796 1510 locum
817 1473 924 1510 hunc
947 1487 994 1511 ex
1030 1473 1247 1526 Anonymo
1267 1476 1442 1526 quodam
1467 1484 1571 1515 msto

138 1525 331 1565 adversus
354 1528 518 1567 Latinos
533 1533 735 1580 pugnante
762 1528 932 1578 promit,
965 1528 1086 1565 modo
1116 1536 1222 1566 recte
1249 1536 1288 1566 et
1316 1530 1485 1568 fideliter
1506 1546 1573 1570 ex-

136 1578 316 1619 hibuerit
340 1589 410 1619 aut
438 1582 539 1634 ipse,
584 1588 653 1619 aut
675 1595 819 1633 operae
846 1582 929 1620 eius
948 1582 1282 1635 typographicae:
1312 1580 1389 1634 τήν
1424 1583 1571 1623 δεσπο-

135 1631 252 1686 τικὴν
268 1633 471 1687 πλευρὰν,
499 1633 542 1683 ἒξ
568 1628 596 1689 ᾗ
618 1632 721 1687 egnit]
755 1633 801 1673 τὸ
826 1629 932 1684 αἷμα
956 1636 1028 1675 καί
1050 1633 1096 1674 τὸ
1124 1632 1254 1688 ὕδωρ.
1315 1639 1421 1677 Nihil
1437 1647 1583 1687 tamen⁸

134 1689 266 1731 obstat
285 1720 297 1740 ‚
325 1691 538 1744 quominus
565 1705 589 1729 a
612 1691 765 1731 Latinis
796 1691 1008 1730 didicerint
1044 1689 1091 1729 ἐκ
1125 1699 1164 1730 et
1196 1691 1240 1741 ἐξ
1273 1707 1364 1733 cum
1394 1694 1571 1734 ablativo

135 1758 388 1798 componere.

243 1801 289 1838 B.
313 1815 347 1839 1.
370 1800 493 1855 [2¹4⁷
530 1800 610 1855 ιγ]
634 1796 925 1854 παροίννμφος.
957 1801 1059 1850 Est,
1081 1802 1149 1852 qui
1185 1815 1372 1854 sponsam
1391 1804 1570 1843 futuram

135 1853 336 1894 ambituro
359 1858 471 1909 prius
492 1856 628 1895 laudat
668 1863 707 1895 et
737 1856 989 1894 commendat
1028 1863 1147 1908 atque
1168 1856 1367 1896 conciliat.
1426 1859 1488 1897 Ut
1506 1861 1569 1897 in-

134 1908 357 1961 telligatur,
395 1912 596 1964 quomodo
630 1918 846 1964 procentnr
884 1912 1026 1949 Graeci
1060 1918 1099 1949 et
1127 1914 1378 1950 matrimonia
1409 1921 1570 1952 contra-

134 1962 261 2010 hant,
289 1959 553 2005 consulendus
572 1969 736 2019 insignis
762 1965 875 2004 locus
893 1981 938 2004 ex
963 1965 1110 2004 Malaia
1134 1966 1184 2003 T.
1219 1966 1275 2005 11.
1311 1982 1353 2020 p.
1378 1968 1444 2017 54.
1465 1999 1476 2016 ‚
1497 1969 1568 2007 ubi

135 2017 186 2057 de
205 2022 354 2070 nuptiis
380 2021 596 2060 Theodosii
620 2023 793 2060 Iunioris
816 2035 908 2059 cum
930 2021 1125 2059 Eudocia.

241 2074 288 2111 B.
303 2073 343 2112 5.
358 2074 476 2128 [214⁷
498 2074 589 2128 21.]
616 2077 668 2130 τῇ
696 2075 810 2129 τρίτῃ
847 2076 921 2114 τοῦ
942 2075 1132 2126 λουτροῦ.
1190 2076 1320 2114 Credo
1358 2078 1476 2116 tertio
1503 2077 1567 2116 die

132 2134 225 2179 post
246 2123 293 2166 τό
318 2127 586 2183 στεφάνωμα,
611 2145 681 2170 seu
706 2132 882 2183 nuptias,
904 2130 1127 2183 Augustam
1143 2128 1270 2169 lotum
1294 2131 1412 2171 ivisse
1433 2131 1475 2170 in
1495 2146 1568 2186 pa-

134 2181 231 2221 latio
256 2184 515 2236 Magnaurae.

239 2237 286 2275 Β.
306 2238 460 2293 6.[214
481 2268 492 2288 ‚
526 2238 611 2292 21.]
642 2233 768 2285 ὅπως.
824 2240 902 2277 Hic
925 2239 1002 2278 loci
1025 2247 1083 2279 est
1108 2254 1182 2292 pro
1205 2234 1315 2279 ὅταν.

241 2292 288 2331 Β.
305 2292 482 2348 8.[214,
516 2293 606 2347 23.]
634 2288 690 2340 ὃς.
747 2295 807 2332 Μ.
831 2291 909 2344 ὥς,
938 2294 1044 2333 unde
1076 2295 1203 2333 efficio
1218 2295 1426 2348 legendum
1454 2310 1564 2335 esse:

131 2343 189 2392 ὥς
215 2345 259 2392 ἐς
287 2344 363 2399 τήν
393 2345 542 2400 nvi-th.
593 2345 654 2387 Ta
673 2346 743 2389 ι”σα
766 2349 868 2388 forte
889 2349 1081 2401 significat
1100 2365 1122 2388 e
1141 2352 1294 2402 regione
1322 2352 1468 2405 pilan's
1493 2365 1563 2391 seu

131 2399 356 2441 columnae.

243 2456 285 2494 Β.
300 2471 395 2509 pen.
418 2455 535 2509 [215‚
570 2457 629 2507 3.]
659 2456 843 2506 στὰβλου
883 2451 1043 2508 ὀλίγον,
1081 2453 1180 2496 ἀπὸ.
1235 2459 1294 2496 Μ.
1332 2459 1388 2498 sic
1422 2457 1564 2497 distin-

103 2515 106 2518 '
129 2516 282 2560 guunt:
310 2506 519 2562 σταύ).ου,
559 2508 695 2562 ὀλίγον
713 2505 792 2550 ἀπὸ
828 2506 1128 2563 διαστήματος,
1159 2512 1198 2550 id
1219 2519 1291 2564 est,
1324 2511 1394 2551 ἀπ’
1422 2510 1565 2566 ὀλίγον

132 2561 423 2616 διαστήματος.

234 2618 284 2661 Β.
309 2619 382 2658 ult.
398 2619 495 2674 [215
512 2650 522 2667 ‚
548 2618 612 2672 4.]
647 2619 806 2659 ἐκεῖθεν
852 2628 909 2660 cst
951 2621 1082 2670 altra,-
1130 2621 1234 2661 ultra
1274 2623 1472 2677 pulpitum
1497 2645 1517 2653 -
1544 2643 1565 2654 -

131 2676 175 2708 ut
192 2667 378 2724 ἒηέκεινα
411 2675 546 2728 probis
571 2675 749 2714 Graecis.
