1884 3132
270 139 380 194 080
541 152 613 194 10.
653 152 759 195 1AC.
807 154 1002 193 RfflsKn
1040 151 1418 205 COMMENTARH

273 272 359 298 mae
418 256 701 308 tdgentzssimae
728 254 950 294 relucebant
965 284 975 304 ‚
1011 254 1134 293 burszs
1169 255 1324 303 seri‘czs,
1359 254 1492 292 cultris
1517 257 1638 294 tectis
1660 257 1711 295 de

268 315 469 368 piancavo
491 341 502 359 ⁷
539 311 703 359 samito,
740 310 850 361 bysso
892 318 931 348 et
961 324 1140 364 purpura
1155 339 1167 359 ,
1199 310 1355 348 cortinis
1381 309 1535 348 tor-aliis
1558 319 1599 348 et
1629 310 1712 350 lin-

276 368 503 407 teaminibus
538 366 728 405 contextis
750 378 849 404 auro
878 366 1079 419 sericoque
1107 379 1184 419 pet·
1207 373 1326 403 totum
1335 393 1351 411 ,
1375 365 1516 403 zunctis
1543 365 1641 404 velis
1675 374 1715 404 et

271 424 411 478 palliis
445 422 666 468 deauratzqs
688 434 791 475 quae
810 420 943 459 doctus
966 435 1016 475 op
1017 421 1106 472 fix
1136 429 1235 458 czlta
1261 430 1298 458 ec
1316 420 1419 458 ultra
1446 433 1556 458 mare
1575 421 1626 459 de
1645 420 1711 458 di-

275 491 393 517 versa
421 487 468 516 et
488 491 650 531 operosa
670 485 836 514 matema
873 489 1045 530 curaque
1073 484 1286 516 struxerat.
1290 474 1309 490 '’
1352 474 1419 512 Ad
1449 475 1554 514 istud
1582 489 1712 514 exem-

271 533 390 586 ·plum
414 539 571 585 recepta
593 545 754 584 quoque
766 531 1019 569 UlbeRoma
1049 530 1124 568 fuit
1141 531 1275 583 regina
1301 530 1466 568 Sueciae
1492 530 1711 580 Christina,

264 595 325 627 vut
351 603 395 627 ex
416 588 484 627 illo
511 586 704 640 opusculo
736 585 874 624 Italico
909 593 1103 638 apparet,
1139 585 1247 638 quod
1276 586 1520 624 celemonias
1546 586 1714 638 recepti-

278 644 365 682 onis
393 645 477 681 eius
506 642 713 688 describit,
753 648 792 680 et
811 641 957 694 legitur
985 655 1026 678 n.
1048 641 1178 679 LXX.
1206 639 1450 693 Appendicis
1482 640 1532 679 ad
1561 641 1612 680 cl.
1634 641 1715 679 Ar-

267 698 492 738 kenholtzii
523 698 735 737 Memoires
758 695 866 735 dela
900 696 1024 735 Reine
1057 695 1479 735 Christine.Ve1ba
1508 696 1591 735 eius
1621 703 1713 734 sunt

278 754 403 793 haec:
441 754 480 791 T
476 762 550 791 ulte
576 754 611 791 le
640 752 770 790 strade
805 751 878 789 dal
909 752 991 789 loco
1017 751 1119 790 detto
1147 751 1195 789 di
1226 751 1352 789 Ponte
1391 751 1517 790 Molle
1551 753 1636 790 sino
1670 752 1717 790 al

271 810 443 864 palazzo
472 808 575 846 diS.
588 808 744 857 Pietro,
775 808 842 844 che
870 821 961 845 sono
985 807 1031 844 di
1052 807 1259 858 longnezza
1274 806 1320 843 di
1341 815 1399 844 tre
1417 807 1580 857 miglia‚
1602 808 1713 846 siano

276 874 368 903 tutte
388 872 580 918 apparate
608 864 655 901 di
671 863 803 917 panni
827 862 868 900 d'
870 861 1203 916 strazzifinll'ssmn
1229 870 1267 899 et
1283 861 1362 899 alle
1371 861 1540 916 finestre
1571 862 1713 900 dama-

276 921 360 958 sclzi
393 934 414 957 e
450 919 572 957 veluti
603 919 715 957 rossi.
773 917 931 955 Nicetae
970 917 1190 954 Choniatae
1225 916 1358 955 locum
1389 917 1604 969 praeteiire
1631 930 1712 955 non

270 989 463 1028 possum,
489 987 608 1026 quem
630 972 805 1025 primum
830 973 1010 1010 omnium
1037 971 1133 1009 dare
1160 971 1391 1009 debuelam.
1413 971 1626 1023 Exponens
1646 971 1715 1010 ille

277 1044 467 1083 pompam
490 1027 774 1090 triumphalem
801 1028 959 1065 Ioannis
987 1026 1183 1064 Comneni
1211 1025 1438 1065 eColchide
1468 1041 1559 1064 cum
1586 1027 1714 1065 victo-

277 1086 337 1123 ria
369 1086 409 1123 in
437 1083 580 1122 urbem
612 1083 765 1148 regiam
790 1082 991 1120 redeuntis
1020 1082 1069 1119 L.
1089 1082 1122 1119 I.
1124 1097 1189 1147 p
1219 1082 1281 1120 13.
1303 1081 1357 1119 sic
1386 1081 1466 1120 ait:
1511 1078 1714 1131 ἐιστοίσης

269 1140 349 1191 ’τῆς
388 1137 575 1189 ἡμέρας,
620 1137 713 1175 καθ’
738 1134 788 1189 ἢν
833 1135 856 1189 ἦ
902 1131 1080 1186 πρόοδος
1106 1133 1284 1202 ὥριστο,
1321 1130 1431 1182 ἅπας
1459 1134 1611 1182 πέπλος
1639 1134 1716 1182 τὰς

275 1191 428 1245 α’γυιάς
457 1189 703 1245 κατηγλάϊζε
729 1188 979 1244 χρυσοῦφης
998 1204 1043 1229 τε
1072 1204 1141 1230 και
1169 1188 1493 1255 περιπόρφυρος,
1536 1188 1636 1229 ουδὲ
1662 1189 1713 1231 τοὶ

278 1247 469 1312 Χριστοῦ
508 1262 578 1286 και
633 1246 715 1286 τῶν
746 1246 874 1298 ἁγίων
921 1245 1080 1285 ἐκεῖθεν
1131 1244 1264 1311 ἀπῆν
1288 1241 1538 1310 ἀγάλματα,
1579 1242 1712 1286 ὗπὸσα

276 1299 518 1368 lorovpytm}
549 1302 641 1369 χείρ
671 1300 859 1347 ἐπίπλοις
887 1296 1203 1349 s’vstvnuioatr),
1235 1296 1264 1340 ἃ
1293 1315 1360 1340 και
1382 1297 1542 1368 {ignerat
1572 1293 1624 1339 ἄν
1653 1315 1715 1347 τις

277 1354 479 1420 ἔμψυχα,
513 1355 590 1395 οὐκ
617 1352 843 1422 ἐνυφαντα
874 1350 925 1407 ἧν
954 1354 1002 1394 δὲ
1029 1370 1098 1394 και
1127 1356 1202 1394 τοῦ
1230 1348 1420 1420 ἄγασθαι
1451 1357 1548 1404 αξιοι
1577 1370 1644 1394 και
1661 1371 1713 1396 τοι

275 1425 388 1478 περι
402 1408 477 1476 τήν
506 1407 688 1475 πάροδον
716 1407 972 1477 εκατέρωθεν
1000 1406 1103 1464 πρὸς
1131 1406 1344 1463 ὕποὸοχην
1379 1412 1462 1451 τῶν
1490 1409 1716 1479 θεωμένων

281 1466 352 1506 δια
381 1464 517 1516 ’ξύλων
545 1462 740 1530 πῆγμα-τα
786 1463 858 1505 καί
894 1463 1027 1530 ι’κρια.
1079 1479 1220 1532 χωρος
1260 1465 1306 1505 ὸὲ
1344 1466 1420 1515 τῆς
1446 1463 1607 1512 πόλεως
1632 1459 1715 1518 ἦν,

278 1518 323 1569 ὃς
357 1520 514 1561 οὑτωσι
540 1517 835 1567 ὁιεσκεύαστο,
885 1517 906 1560 ὅ
951 1516 1104 1572 διήκων
1143 1520 1189 1560 ἐκ
1215 1535 1299 1560 των
1334 1516 1447 1560 {ulan}
1473 1520 1614 1560 πυλῶν
1641 1521 1716 1573 τῆς

278 1571 437 1622 πόλεως
465 1575 509 1622 ἐς
549 1573 652 1615 avrti
695 1573 740 1614 τὸ
769 1575 876 1630 μέῃα
911 1574 1124 1615 παλάτιον.
1197 1591 1265 1615 και
1296 1573 1347 1628 δη
1364 1561 1422 1616 τὸ
1450 1574 1530 1626 μὲν
1564 1573 1714 1627 τέτρω-

272 1645 352 1695 ρον
385 1628 607 1694 εὐτρεπὲς,
652 1645 719 1669 και
761 1632 894 1670 εἷλκον
930 1630 1052 1670 τοῦτο
1081 1630 1253 1695 πίσυρες
1282 1630 1400 1696 ι’νξποι
1425 1626 1714 1682 καλλίτριχες,

276 1681 416 1736 χιόιος
447 1681 696 1749 λευκότεροι.
741 1681 762 1722 ὅ
801 1685 846 1724 δὲ
874 1681 1074 1735 βασιλευς
1100 1682 1174 1737 τήν
1205 1686 1280 1725 τοῦ
1308 1682 1495 1739 α’ρματος
1521 1684 1716 1737 ἑπιβασιν

271 1737 487 1793 ’παρεικώς
517 1748 593 1780 etc.
613 1771 624 1791 ‚
668 1755 769 1794 quae
795 1741 900 1779 dabo
930 1741 981 1779 ad
1009 1755 1100 1794 pag.
1126 1740 1216 1781 352.
1247 1741 1301 1780 A.
1331 1755 1394 1780 12.
1452 1740 1715 1779 Memorabile

276 1795 354 1834 hoc
384 1797 425 1834 in
457 1795 544 1834 loco
573 1796 615 1834 id
645 1804 727 1843 est,
760 1795 855 1834 alibi
883 1811 964 1834 non
995 1796 1167 1846 lectum,
1211 1796 1328 1835 fuisse
1356 1795 1451 1835 CPli
1479 1796 1531 1834 ad
1557 1803 1715 1834 utrum-

279 1865 359 1901 que
401 1850 503 1890 latus
542 1850 703 1889 illarum
733 1851 982 1903 platearum,
1026 1866 1098 1904 per
1125 1866 1223 1904 quas
1259 1852 1456 1905 piocessio
1490 1850 1714 1904 triumpha-

278 1905 326 1944 lis
360 1906 583 1957 incedexet,
627 1908 903 1969 compaginata
941 1907 1138 1945 asseiibus
1178 1907 1355 1945 tabulata
1384 1921 1475 1945 cum
1498 1907 1712 1959 gradibus,

277 1959 386 1999 unde
414 1975 558 2014 pompa
587 1962 762 2014 conspici
794 1968 954 2013 posset.
986 1962 1354 2026 quemadmodum,
1387 1969 1486 2001 teste
1502 1961 1713 2015 Keyslero‚

276 2016 319 2053 in
360 2015 529 2055 urbibus
571 2017 718 2055 Italicis
753 2017 849 2054 talia
885 2000 1039 2069 pulpita
1076 2019 1283 2069 eriguntui
1318 2018 1358 2055 in
1392 2016 1638 2055 Carnavallis
1663 2015 1716 2054 ad

278 2071 514 2122 spectandos
544 2085 665 2124 equos
695 2071 744 2110 de
770 2072 1004 2124 pernicitate
1032 2079 1242 2111 certantes.
1270 2071 1317 2110 ld
1342 2074 1472 2125 ipsum
1499 2086 1580 2110 non
1596 2071 1714 2110 omit-

276 2128 325 2162 tit
356 2125 395 2163 in
425 2125 526 2164 alius
555 2126 747 2179 triumphi
773 2126 1062 2189 descriptione,
1108 2141 1211 2180 quae
1247 2127 1298 2166 ad
1327 2142 1367 2180 p.
1390 2126 1458 2166 83.
1482 2126 1546 2165 ed.
1568 2127 1712 2165 Venet-

277 2186 417 2225 exstat,
436 2181 504 2218 ubi
526 2181 706 2220 tabulata
728 2181 796 2220 illa
816 2180 1017 2232 binmum,
1046 2183 1171 2221 immo
1198 2189 1334 2221 terna1
1336 2196 1403 2220 um
1430 2195 1590 2235 quoque
1616 2194 1715 2219 con-

277 2236 544 2287 tignationum
573 2236 692 2274 fuisse
722 2238 790 2279 ait.
848 2237 926 2288 Ipsi
966 2238 1046 2275 iam
1080 2236 1343 2276 Athenienses
1387 2236 1482 2276 olim
1509 2238 1585 2275 viis
1605 2263 1616 2285 ‚
1642 2249 1714 2287 per

279 2303 379 2341 quas
405 2304 549 2343 pompa
564 2291 773 2329 Mineivae
802 2292 842 2328 in
860 2291 1151 2330 Panathenaeis
1179 2291 1401 2331 aliorumve
1427 2293 1638 2330 numinum
1672 2291 1715 2327 in

279 2343 366 2382 aliis
394 2345 501 2384 festis
520 2346 786 2398 procedebat,
815 2347 1118 2398 praestruebant
1138 2347 1189 2386 ad
1208 2355 1425 2400 utrumque
1452 2346 1556 2384 latus
1583 2341 1711 2395 ι’κρια,

279 2400 320 2436 in
350 2400 494 2452 quibus
523 2407 672 2439 starent
701 2408 968 2453 spectatores·
958 2431 969 2451 ,
1002 2402 1051 2440 de
1073 2401 1225 2455 quibus
1243 2402 1308 2441 hic
1330 2400 1471 2454 agendi
1491 2399 1600 2438 locus
1630 2412 1713 2436 non

281 2460 354 2491 est.
415 2455 753 2519 Quandoquidem
784 2457 822 2493 in
853 2456 1102 2496 conferendis
1121 2457 1217 2496 locis
1244 2464 1452 2495 auctmum
1480 2454 1568 2492 aevi
1594 2453 1714 2492 medii

277 2519 483 2547 ver-samin
501 2540 510 2556 ‚
556 2525 625 2563 qui
665 2513 764 2548 xitus
794 2511 1054 2564 triumphales
1082 2513 1143 2551 sui
1170 2512 1361 2564 temporis
1399 2509 1568 2547 exsecuti
1594 2515 1713 2558 sunt,

278 2575 407 2614 neque
436 2564 554 2603 huius
599 2565 675 2603 loci
705 2572 859 2617 paitem
887 2567 1062 2618 aliquam
1092 2566 1232 2604 afferre
1257 2564 1432 2617 pigebit,
1460 2577 1550 2628 quo
1567 2563 1713 2600 trium-

281 2615 384 2666 plius
414 2619 611 2658 Manuelis
639 2621 834 2658 comneni
863 2620 912 2659 de
940 2621 1199 2660 pannonibus
1227 2618 1488 2658 describitur.
1521 2612 1631 2664 ἅπας
1643 2630 1716 2655 ne-

283 2667 547 2732 ριπόρφυρος
575 2672 680 2712 nen).
686 2687 729 2720 ος
757 2688 825 2713 και
847 2672 1014 2740 χρυσίω
1043 2672 1303 2718 κατάστικτος
1332 2670 1567 2726 οἷπῃωρεῖτο
1595 2667 1715 2710 -τοὶ

281 2721 537 2777 καθεκάτερα
574 2728 682 2780 μέρη
722 2728 792 2780 τῆς
831 2727 1009 2780 ἀγυιᾶς,
1049 2729 1146 2767 καθ’
1174 2723 1225 2779 ἢν
1265 2713 1408 2779 ὲζιιελλε
1447 2726 1658 2766 τελεῖσθαι
1689 2718 1714 2763 ὅ

1870 2898 1884 2916 γ
1861 2386 1884 2879 ,ὴπεπ-κΙιὲ-ο-ι-ωὶις-
1878 2363 1884 2379 -
1877 2339 1884 2357 -
1882 2313 1884 2332 ..
