1826 3126
230 197 306 240 An
343 195 641 239 coNsTm.
682 194 878 237 Pomm.
917 194 990 235 DE
1026 192 1208 236 cunm.
1245 193 1347 234 Lm.
1379 194 1413 233 1.
1463 173 1539 241 43

99 306 194 344 mam'
214 300 449 341 debentem.
506 299 661 338 Locum
689 295 816 335 debeo
843 296 948 335 notis
981 294 1197 335 Alemanni
1226 294 1278 334 ad
1298 295 1541 348 Proonpium

101 373 146 413 p.
173 370 245 412 72.
304 355 502 396 achilam
538 360 673 392 autem
700 351 799 406 quid
827 351 880 389 sit
906 365 990 390 non
1016 357 1194 404 exput03
1229 364 1283 389 an
1304 351 1540 401 chysobilo,

99 426 220 453 mmo
244 412 371 452 velo.·
405 409 515 464 *[Βο
537 403 736 462 εὗκτηρίῳ
768 404 930 459 palatii,
966 406 1039 444 ubi
1065 407 1279 459 quotannis
1308 405 1409 444 feria
1427 406 1542 459 quin-

100 475 146 508 ta
174 468 335 507 maioris
359 463 619 506 hebdomadis
644 460 839 515 paschalis
865 461 910 500 S.
932 461 1127 500 Matthaei
1155 459 1407 515 evangelium
1428 474 1544 515 prae·

104 522 338 578 legebatur,
363 534 411 560 v.
431 520 500 558 Du
516 519 665 558 Froene
687 516 740 556 ad
770 517 918 554 Zonar.
948 531 992 569 p.
1023 514 1139 569 51.]*

215 579 272 616 D.
299 575 343 616 5.
370 575 415 630 [7
434 602 455 625 ,γ
486 572 545 627 n]
581 568 622 612 οἱ
648 570 732 611 τῶν
759 569 1014 621 ἀλλαξᾴιων.
1070 570 1171 625 *[Ηὶ
1210 578 1306 611 sunt
1344 571 1542 623 ministri,

101 633 174 687 qui
217 631 452 671 mutatorias
501 635 628 668 vestes
674 627 909 680 Imperatori
940 626 1199 680 porrigebant
1223 655 1236 678 ‚
1301 641 1383 680 quo
1425 640 1543 666 sensu

104 683 152 728 αἶ
189 683 371 737 marat*
382 717 396 736 ,
430 679 482 724 toi
522 677 792 734 α’λλάγματα,
829 681 939 735 apud
974 683 1185 735 scriptores
1199 711 1212 731 ‚
1260 695 1433 734 quorum
1479 680 1544 721 lo-

101 756 151 782 αι
184 741 256 781 Du
286 741 420 794 Gange
452 746 625 792 utroque
653 737 855 777 Glossario
883 735 1106 792 collegit.]*
1162 737 1301 776 Vestes
1332 738 1541 790 pretiosas,

23 824 28 828 -
101 811 201 852 quas
226 797 423 850 posterior
458 801 565 833 aetas
610 787 819 842 ἆλλάξιμα
832 824 845 843 ‚
887 799 927 832 et
970 791 1230 842 ἅλλαξᾴιατα
1258 806 1281 830 a
1310 791 1542 845 pellabant,

101 849 550 948 331.⁹f:'.5'‘.,.‘¹³..0‘¹²⁸..‘
550 862 628 944 2:21
628 843 1005 944 ffsszmgufffi
1030 807 1543 943 {fzmzfsssffmdffissz‘zae

767 933 780 955 ⁷
1531 925 1545 932 -

99 987 194 1068 εἰ]
219 961 877 1073 ὶῖᾝῇωῗπῑὲῖῖπῖΐ
886 969 1135 1080 ᾧερθὲὲῆῗὲ
1153 968 1524 1079 mam..

100 1083 238 1124 Latini
256 1083 309 1123 ad
317 1082 544 1136 exemplum
557 1081 747 1122 Graeciae
770 1083 981 1122 mutatoria
1009 1081 1213 1132 dicebant,
1240 1080 1351 1120 unde
1377 1081 1546 1119 Germa-

100 1140 196 1179 nico
214 1139 388 1179 sermoni
410 1139 558 1178 mansit
584 1135 826 1176 vocabulum
848 1137 1037 1177 Gewand
1062 1151 1138 1191 pro
1158 1143 1292 1187 veste,
1321 1136 1416 1190 quia
1439 1150 1548 1176 nem-

101 1207 155 1248 pe
171 1195 367 1234 ava-titur
384 1223 396 1244 ,
423 1193 611 1233 abiicitur
624 1222 636 1244 ,
665 1199 846 1232 mutatur
862 1191 942 1232 alio
959 1223 972 1244 ‚
1011 1193 1219 1246 reponitur
1247 1194 1290 1230 in
1312 1205 1419 1230 arca.
1444 1185 1548 1231 Ἀλ-
1559 1197 1623 1232 Ed.
1636 1197 1674 1231 L.
1693 1196 1733 1241 ¹4

101 1245 274 1289 λῶσσειν
298 1246 394 1289 τινὰ
418 1255 478 1288 est
503 1249 619 1289 novis
645 1247 806 1287 mundis
837 1247 1055 1302 splendidis
1083 1247 1260 1287 vestibus
1287 1247 1438 1286 indutis
1471 1245 1546 1285 ali-

101 1317 223 1358 quem
247 1317 402 1345 novum
421 1303 552 1344 facere
569 1334 581 1355 ,
610 1317 821 1357 reparare,
850 1311 891 1343 et
917 1302 1031 1342 velut
1061 1302 1187 1342 alium
1213 1317 1237 1342 a
1255 1304 1389 1355 priore
1412 1301 1546 1341 homi-

101 1372 198 1399 nem
228 1358 385 1411 facere,
430 1359 539 1414 apud
574 1361 702 1399 Leon.
738 1359 962 1399 Gmmmat.
993 1373 1086 1413 pag.
1112 1358 1208 1411 460.
1249 1358 1304 1397 A.
1326 1372 1369 1413 9.
1425 1358 1546 1396 Dice-

100 1412 203 1455 bant
237 1429 398 1469 qnoque
425 1415 559 1454 Latini
593 1415 794 1468 sequioroe
832 1415 1003 1454 alterare
1029 1428 1103 1468 pro
1135 1414 1311 1454 indzoere.
1369 1413 1466 1453 Vita
1499 1412 1544 1451 S.

102 1468 218 1512 Neoli
239 1469 410 1510 Abbatis
437 1470 545 1524 apud
576 1471 646 1508 Du
675 1470 808 1523 Gange
832 1468 963 1509 Gloss.
989 1470 1083 1509 Lat.
1108 1483 1151 1509 v.
1183 1469 1383 1508 Alteram.
1439 1467 1546 1506 Non-

102 1537 302 1580 nunquam
332 1528 628 1581 peregrinorum
660 1525 847 1564 alteratus
877 1525 1050 1564 induviis
1079 1526 1122 1563 in
1153 1524 1313 1562 ecclesia
1338 1531 1548 1579 pernocta·

104 1578 187 1618 bat.
242 1580 345 1618 Item
366 1595 542 1635 parare,
571 1579 681 1618 unde
701 1579 872 1618 verbum
892 1580 1176 1618 Germanicum
1198 1577 1549 1632 obsolescenspiir·

104 1633 181 1672 den
191 1662 205 1683 ,
241 1641 281 1674 et
307 1635 491 1690 pas-ade5
531 1641 661 1673 vaetoe
688 1632 918 1686 splendidae
938 1643 1200 1688 paramenta,
1240 1633 1336 1686 quia
1360 1631 1439 1671 illis
1466 1645 1551 1671 saee

99 1689 304 1745 parabant
318 1719 331 1740 ,
360 1689 402 1729 id
426 1696 484 1729 est
512 1689 758 1730 exornabant
772 1719 784 1740 ‚
814 1696 854 1728 et
870 1691 1071 1743 pat-aeica.
1130 1688 1235 1727 Hinc
1251 1697 1446 1742 parator,
1477 1694 1550 1726 aut

104 1749 236 1783 sartor
250 1774 263 1797 ,
291 1751 363 1783 aut
381 1745 569 1795 indutor,
598 1745 831 1784 adm-nator.
891 1744 1071 1783 Consules
1089 1744 1359 1798 parau'comm
1383 1743 1550 1781 fuerunt

103 1798 238 1838 medio
279 1813 380 1839 aevo
417 1799 597 1840 consults
610 1830 622 1851 ,
665 1813 736 1839 seu
768 1798 982 1852 praefecti,
1034 1805 1316 1838 mercatorum.
1355 1798 1443 1838 vid.
1477 1797 1548 1837 Du

104 1853 240 1908 Gange
266 1868 311 1894 v.
337 1856 545 1908 paranti,
575 1862 616 1895 et
639 1856 840 1895 Murator.
873 1855 926 1893 T.
949 1854 1006 1893 11.
1033 1853 1135 1893 Ant.
1155 1852 1247 1892 Ital.
1267 1868 1310 1907 p.
1337 1851 1449 1908 876„
1477 1853 1548 1906 qui

103 1907 1549 2019 ῧᾝ.ΡΞῗῷῈοᾛῗἻ-ῗέἵᾷῗοἙωρῖἓῖἶῗὲηηᾘᾶῖᾞᾨὶῗ

103 2021 196 2059 stris
212 2043 232 2051 -
246 2024 519 2075 -paramentis
545 2023 714 2076 tempori
742 1980 1055 2061 conveiz'zbnabm
1069 2043 1089 2050 -
1103 2043 1123 2050 -
1139 2019 1305 2057 Interim
1332 2029 1410 2058 nex
1431 2019 1549 2058 vesli—

47 2080 49 2083 ‘
106 2074 176 2113 bus
198 2077 434 2116 melicas-ihm
457 2078 613 2117 indutas
637 2091 723 2115 cwn
751 2078 829 2116 suis
854 2076 1048 2131 praelatis·
1078 2075 1298 2114 domesticae
1315 2088 1394 2113 non
1409 2087 1549 2137 para-

104 2129 182 2179 tis,
236 2130 280 2169 id
311 2138 370 2170 est
395 2129 471 2170 ov'x
497 2129 785 2184 ἤλλαγμένοις.
843 2132 925 2182 Qui
953 2137 1090 2169 nostro
1118 2131 1161 2168 in
1193 2128 1282 2168 loco
1306 2125 1346 2167 οἱ
1371 2142 1453 2167 των
1481 2127 1548 2167 α’λ-

106 2181 350 2235 λαξιμάτων
376 2186 591 2239 dicuntur,
632 2194 726 2226 sunt
755 2201 799 2240 p.
835 2185 905 2225 81.
933 2185 989 2224 A.
1044 2180 1085 2224 οἱ
1112 2180 1185 2224 ἐπὶ
1207 2183 1291 2223 τῶν
1317 2179 1550 2233 α’λλαξιμᾶ-

106 2251 191 2277 των
215 2241 372 2294 integra
400 2241 589 2282 dictione.
647 2243 883 2296 Comparari
904 2241 1057 2294 possint
1086 2254 1179 2278 cum
1211 2241 1299 2284 τοῖς
1329 2253 1357 2277 α
1380 2238 1549 2293 pendioe

105 2293 235 2344 cabi,
275 2299 364 2343 τοῖς
390 2293 463 2335 ἐπὶ
485 2296 564 2336 τοῦ
589 2291 827 2349 πήγματος,
854 2297 888 2336 si
906 2304 1021 2336 recte.
1036 2295 1160 2334 habet
1183 2294 1373 2347 expositio
1393 2292 1549 2333 Salma-

104 2348 154 2387 sii
169 2378 182 2399 ,
210 2350 468 2391 existimantis
490 2351 533 2391 id
556 2352 733 2392 officium
758 2352 902 2391 domus
926 2351 1133 2404 Augustae
1159 2349 1280 2388 fuisse
1296 2377 1309 2399 ‚
1338 2350 1403 2388 eui
1431 2363 1549 2388 arcu-

106 2400 242 2443 larum
263 2412 304 2445 et
336 2405 506 2446 aliarum
529 2421 666 2447 rerum
690 2407 849 2447 ecedro
867 2407 1065 2447 factarum
1089 2419 1185 2444 cura
1205 2410 1307 2443 erat.
1363 2403 1465 2444 Nam
1483 2418 1548 2444 ve

106 2464 186 2497 stes
207 2459 248 2498 in
276 2458 463 2511 ταβλίοις
476 2492 489 2514 ,
524 2470 572 2502 ut
603 2463 736 2502 statim
760 2464 940 2517 sequitur
955 2491 968 2514 ‚
1008 2460 1179 2500 cedrinis
1217 2458 1547 2511 asservabantur,

106 2513 219 2566 quod
241 2514 284 2553 id
314 2515 466 2569 lignum
489 2530 645 2558 vermes
666 2525 834 2558 arceret.

218 2569 275 2608 D.
291 2570 333 2609 6.
363 2570 406 2625 [7
422 2601 434 2622 ,
464 2571 528 2626 m]
559 2572 815 2625 διαιταρίων,
873 2572 1021 2623 Quales
1052 2571 1204 2610 fuerint
1224 2571 1405 2610 diaetarii
1421 2599 1434 2619 ‚
1462 2584 1546 2609 non

109 2624 203 2662 satis
224 2623 326 2664 bene
349 2628 460 2666 novi.
519 2627 752 2668 Anastasius
779 2644 822 2682 p.
855 2627 946 2667 108.
979 2627 1100 2666 vertit
1129 2627 1254 2666 malici
1278 2627 1429 2680 palatii
1436 2644 1448 2664 .-
1477 2625 1547 2664 sed

107 2690 153 2730 p.
174 2678 240 2732 39.
256 2681 421 2720 retinuit
443 2696 584 2722 vocem
599 2683 829 2722 diaetarizoe.
886 2683 1103 2722 Fabrottus
1120 2681 1251 2721 Gloss.
1262 2681 1382 2720 Cedr.
1400 2682 1547 2720 aenim-

91 2745 166 2769 rses
187 2734 333 2774 reddit.
389 2737 590 2777 Videntur
616 2738 739 2778 additi
774 2739 916 2790 cuique
940 2738 1069 2777 officio
1097 2737 1258 2777 iuvenes
1273 2767 1285 2787 ‚
1314 2735 1547 2790 praesertim

113 2786 265 2829 nobiles
278 2819 291 2840 ‚
330 2791 449 2832 fuisse
462 2823 474 2845 ,
515 2795 585 2848 qui
618 2807 692 2848 per
727 2794 964 2847 septimanas
999 2793 1235 2832 adiuvarent
1268 2806 1333 2831 eos
1352 2822 1364 2843 ‚
1403 2790 1548 2845 quibus
