1884 3132
181 151 257 192 An
296 147 815 191 cons‘rmr.1³onrn.
844 147 917 188 DE
951 144 1134 196 cmm.
1173 147 1273 185 Lm.
1314 146 1367 185 n.
1425 145 1530 200 7¹7

95 261 178 293 tam
217 252 281 292 vel
319 250 581 305 aurifrisiam]
618 246 789 303 εὑρήσει
825 248 1001 288 πλοῦτον
1036 245 1166 287 πολὺν
1204 246 1423 286 chatenoy
1463 245 1535 285 διὰ

98 305 145 348 τὸ
184 309 259 348 τοῦ
295 307 474 358 χιτῶνος
501 301 806 344 πολυσύνακτον
833 304 879 343 ἐκ
904 299 1077 354 βελόνης
1104 299 1238 355 ἔργον.
1297 301 1386 340 Aeb-
1423 301 1536 340 deni-

98 377 179 416 que
210 365 251 402 in
277 361 365 401 loeo
391 360 523 401 Basilii
554 367 614 399 eet
653 366 924 412 segmentum,
959 353 1174 408 σκιάδιον,
1216 356 1390 409 collare,
1437 357 1536 396 vesti

97 419 205 458 cirea
235 416 388 456 coilum
415 422 592 455 assutum
606 445 617 461 ,
649 415 712 452 ein
740 413 916 466 Kragen.

210 473 257 511 Β.
289 472 328 511 5.
361 470 469 526 [Ge-J,
495 469 582 523 16.]
609 465 823 520 θριάμβου
853 466 1076 507 ἐπινικίων.
1129 467 1217 506 Vox
1237 465 1446 518 θρίαμβος
1472 466 1538 506 hic

97 527 291 582 significat
305 521 549 578 προαγωγὴν
573 521 676 574 μετὰ
708 523 874 574 πομπῆς
899 519 972 561 καί
991 521 1237 575 φαντασίας,
1266 523 1307 560 in
1326 521 1537 561 homiuum

99 583 308 635 frequente
361 581 551 627 comitatu
598 576 900 631 productionem
956 583 995 615 et
1040 578 1358 616 ostentationem.
1433 576 1539 617 Hinc

93 637 312 688 θρίαμβος
349 636 431 673 τῶν
457 632 668 673 ἐπινικίων
696 639 753 671 est
780 632 991 685 productio
1019 640 1059 671 et
1086 633 1298 670 ostentatio
1326 645 1537 684 argumen-

95 700 231 732 torum
258 690 446 729 victoriae
481 689 534 727 ab
561 687 740 726 hostibus
781 694 915 740 partae
936 717 948 737 ‚
987 687 1122 740 qualia
1158 694 1252 725 sunt
1291 685 1422 725 hostes
1462 689 1535 741 ipsi

96 754 137 786 et
168 759 307 785 eorum
337 742 478 786 vestes,
510 756 646 790 arma,
678 743 879 790 iumenta,
926 743 1098 781 tentoria
1132 749 1365 796 caeteraque
1390 743 1534 805 spolia.

92 800 355 854 Theophanes
372 814 414 852 p.
436 798 530 837 385.
555 798 602 836 C.
625 811 679 836 ωε
710 793 992 849 ἐθριάμβευσε
1020 794 1071 836 τὰ
1105 795 1282 835 ἐπινίκια
1311 794 1380 835 ἐπὶ
1410 812 1533 836 mno-

96 855 294 909 δρομίας,
335 854 506 906 &asignia
549 854 738 891 victoriae
774 853 816 890 in
848 852 940 890 ludo
977 852 1150 890 Cir-censi
1163 881 1176 901 ,
1216 866 1348 890 coram
1383 854 1534 907 populo

93 912 140 950 in
179 911 292 949 Cir-oo
313 917 567 962 congregato,
608 907 806 962 produxit
841 916 878 945 et
904 908 1147 945 monstravit.
1205 906 1345 946 Noster
1371 923 1414 960 p.
1441 910 1529 959 ¹03·

92 965 218 1005 habet
253 961 307 1004 τὰ
335 958 442 1003 ἔκτα
472 962 681 1001 ἐπινικίων
718 960 1091 1014 θριαμβευομένων
1113 991 1127 1012 ,
1173 972 1263 1000 acta
1300 977 1370 1001 seu
1397 954 1533 1003 laa‘des

90 1029 173 1060 tum
201 1019 328 1058 dictas
341 1048 355 1070 ‚
387 1033 503 1073 quum
542 1018 765 1072 pompatice
805 1016 1096 1055 traducet-entm-
1133 1026 1278 1071 partae
1318 1019 1431 1070 sigua
1467 1020 1534 1056 vi-

94 1076 264 1124 cton'ae,
295 1081 335 1112 et
373 1075 415 1112 iu
453 1073 531 1112 illis
559 1073 652 1125 ipsis
693 1072 805 1110 Actis
840 1070 943 1110 hanc
972 1071 1199 1110 formulam:
1231 1067 1332 1119 δόξα
1361 1073 1419 1126 τῷ
1446 1073 1534 1128 θεῷ

93 1128 153 1183 τῷ
179 1124 515 1178 θριαμβεύσαντι
542 1123 638 1172 τούς
663 1127 735 1178 τῆς
749 1120 910 1179 ”Αγαρ.
961 1127 1310 1179 Georg.Monach.
1328 1129 1370 1165 in
1384 1128 1533 1180 script.

92 1191 184 1238 post
210 1183 448 1236 Theophan.
477 1197 517 1235 p.
542 1182 635 1221 535.
657 1181 707 1221 A.
725 1179 766 1220 8.
798 1176 1071 1233 θριαμβεύειν
1099 1196 1137 1220 τι
1166 1177 1273 1232 μετὰ
1301 1179 1529 1232 ἐπινικίων,

91 1254 179 1279 cum
207 1238 438 1293 tn'umplzali
474 1245 671 1291 apparatu
709 1237 954 1286 cir-cundem
998 1236 1149 1290 aliquid
1187 1236 1300 1275 dixit.
1356 1235 1455 1275 Nam
1491 1245 1532 1277 et

91 1293 194 1333 aliae
221 1294 470 1346 pompaticae
497 1293 789 1344 processiones,
819 1292 973 1330 etiamsi
990 1291 1043 1329 ob
1071 1291 1277 1330 victoriam
1306 1306 1384 1330 non
1416 1293 1529 1331 insti-

89 1355 201 1387 tutae
228 1361 359 1401 neque
386 1353 620 1399 argum-enta
650 1346 732 1384 eius
761 1351 1000 1384 ostentantes
1020 1374 1032 1395 ,
1073 1343 1275 1397 θρίαμβοι
1314 1353 1353 1384 et
1389 1349 1528 1386 triam-

86 1404 163 1458 pla'
188 1402 296 1455 apud
324 1403 522 1454 sequiores
550 1401 711 1438 Latinos
739 1399 996 1447 dicebantur,
1044 1407 1084 1438 et
1114 1400 1307 1465 triumphi
1334 1415 1404 1439 seu
1432 1416 1528 1454 pro-

92 1458 288 1498 cessiones
318 1456 562 1509 pompaticae
590 1453 809 1493 victoriales
837 1454 972 1494 addita
1001 1469 1100 1493 voce
1127 1453 1323 1501 ἔπινικιος
1342 1470 1365 1494 a
1384 1458 1528 1495 trium-

87 1512 180 1566 phiS
217 1510 317 1550 alius
344 1511 499 1564 generis
538 1509 704 1548 sollicite
741 1509 1113 1562 distinguebantur,
1155 1516 1201 1547 ut
1242 1510 1349 1562 apud
1376 1511 1525 1551 Zonar.

90 1567 143 1606 Τ.
162 1566 215 1605 II.
237 1580 279 1618 p.
307 1580 395 1619 ¹97·
419 1566 466 1603 Β.
497 1579 531 1603 1.
562 1571 621 1603 est
661 1563 859 1610 ε’πινίκιος
897 1563 1119 1616 θρίαμβος.
1173 1564 1324 1603 Vocem
1366 1565 1526 1617 θρίαμ-

88 1621 165 1673 βος
191 1634 264 1674 pro
302 1614 544 1672 προελεύσει
584 1617 649 1657 vel
677 1617 926 1673 processione
969 1621 1176 1671 usurpavit
1216 1619 1273 1657 lo.
1305 1620 1525 1660 Cinnamus

89 1677 147 1716 V.
166 1675 209 1716 6.
242 1690 285 1728 p.
308 1689 396 1713 ¹20.
425 1674 479 1712 A.
518 1687 558 1727 9.
576 1688 588 1712 :
620 1670 642 1711 ὅ
668 1668 868 1723 βασιλεῦς
897 1672 954 1727 τῷ
979 1673 1063 1712 τῶν
1090 1672 1391 1726 εὐτυχημάτων
1419 1674 1523 1731 ὄγκῳ

92 1725 433 1784 φιλοτιμούμενος
467 1725 682 1778 θριάμβου
711 1727 756 1775 ἐξ
787 1725 915 1778 αὐτῆς
942 1722 1200 1780 ἀκροπόλεως
1226 1726 1298 1767 ἐπὶ
1320 1729 1390 1768 τὸν
1407 1743 1525 1781 περι-

87 1783 266 1836 λὰλητον
293 1783 368 1835 τῆς
398 1783 478 1822 τοῦ
504 1783 608 1821 θεοῦ
636 1779 789 1835 σοφίας
816 1779 921 1820 νεών
960 1779 1183 1835 ἐποιήσατο
1220 1783 1296 1832 μὲν
1332 1783 1523 1835 ἐμπαρα-

87 1834 266 1889 σκευὴν,
292 1837 359 1890 ἐφ’
382 1830 414 1893 ᾧ
437 1833 518 1876 miv
545 1836 686 1892 ἐκείνῳ
708 1837 844 1902 [Kiligj
866 1836 1055 1886 Arslano‚
1077 1839 1255 1890 principe
1274 1838 1517 1892 Selgjukida]

89 1893 351 1942 πομπεῦσαι,
391 1886 441 1930 οὕ
469 1889 555 1943 μὴν
585 1890 645 1937 εἰς
673 1893 789 1937 τελος
823 1888 948 1942 ἤγαγε
975 1888 1020 1930 τὸ
1052 1891 1273 1944 βουληθέν.
1341 1894 1519 1932 Patr-iar-

89 1946 167 1985 cha
193 1948 299 1985 enim
325 1946 530 1993 obstabat,
564 1960 713 1999 negans
741 1946 859 1985 licere
894 1945 947 1984 δι’
975 1943 1158 1985 ἐπίπλων
1184 1946 1310 1985 θείων
1340 1947 1521 1986 διελθεῖν

93 1994 250 2052 ἄνδρας
301 1999 479 2050 α’σεβεΐς.
547 2001 677 2039 Hodie
713 2001 912 2040 conversis
948 2001 1102 2039 vicibus
1141 2002 1276 2039 eadem
1316 2002 1365 2040 de
1403 2017 1520 2042 causa

90 2057 173 2094 suis
198 2069 222 2094 a
247 2054 442 2094 Moscheis
468 2063 603 2094 arcent
630 2056 786 2095 Turcae
814 2056 1084 2104 Christianos,
1129 2071 1207 2108 qua
1237 2056 1278 2094 hi
1307 2057 1401 2094 olim
1431 2057 1518 2095 illos

88 2109 292 2148 arcebant.
348 2110 479 2148 Latini
507 2124 665 2163 quoque
691 2113 857 2150 seriores
873 2140 885 2160 ‚
914 2118 959 2149 ut
985 2111 1104 2148 modo
1132 2111 1335 2158 dicebam,
1376 2113 1517 2157 tnium-

82 2166 211 2218 plmm
247 2178 322 2217 pro
359 2166 499 2216 quavis
539 2167 761 2218 pompatica
796 2167 1043 2218 processione
1084 2178 1175 2204 cum
1216 2165 1398 2204 laudibus
1445 2180 1515 2205 seu

90 2218 228 2257 faustis
276 2218 622 2258 acclamationibus
662 2220 875 2259 coniuncta
916 2220 1177 2272 usurpabant.
1251 2220 1432 2273 *[Benno
1472 2222 1515 2259 in

86 2273 182 2312 Vita
214 2271 474 2311 Hildebrandi
505 2274 638 2326 Papae
651 2288 663 2311 τ
721 2274 917 2312 Henricus
950 2274 1179 2326 Imperator
1202 2275 1283 2312 solo
1320 2283 1514 2313 contemm-

84 2329 279 2381 triumplzo
289 2328 382 2378 suit
395 2356 406 2372 ‚
451 2341 566 2380 quem
597 2329 743 2366 Romae
776 2330 922 2367 habuit.
982 2329 1215 2382 Triumphus
1255 2338 1311 2366 est
1343 2329 1515 2382 applau-

84 2395 149 2420 sus
183 2383 252 2420 ille
292 2383 520 2432 inaugurato
558 2383 793 2421 acclamatus
806 2401 819 2420 .-
875 2382 1051 2420 Hem-ico
1074 2382 1247 2434 Augusto
1278 2397 1304 2420 a
1331 2382 1420 2421 Deo
1447 2398 1514 2421 co-

82 2445 222 2475 mnata
236 2467 247 2482 ,
280 2450 420 2488 magno
442 2444 480 2473 et
497 2436 664 2488 pacifico
691 2436 797 2489 Imp.
823 2437 934 2475 Rom.
952 2457 1004 2464 —-
1018 2437 1103 2474 vica
1128 2446 1166 2474 et
1187 2438 1374 2475 victoria.-
1402 2437 1511 2490 apud

86 2489 266 2530 Goldast.
297 2491 348 2528 ad
375 2489 636 2542 Eginhardp.
660 2489 813 2543 17o.].*
868 2489 1109 2528 Luculenter
1149 2490 1336 2529 describit
1374 2492 1515 2531 Noster

85 2551 226 2583 auctor
249 2543 508 2597 triumphales
534 2545 774 2582 ceremonias
801 2551 847 2582 ut
873 2544 1007 2582 nullus
1034 2544 1147 2583 alius.
1202 2546 1379 2584 Meretur
1416 2560 1509 2599 ergo

84 2597 241 2650 elegans
281 2598 347 2638 hic
390 2598 500 2637 locus
547 2597 848 2637 illustrationem
888 2604 927 2636 et
962 2598 1301 2638 confirmationem
1337 2601 1389 2640 ab
1420 2600 1509 2640 aliis

85 2652 286 2705 exemplis.
345 2653 618 2692 Observamus
649 2652 714 2691 hic
759 2651 959 2704 duplicem
983 2653 1230 2706 triumphum
1248 2683 1260 2703 ,
1301 2669 1429 2694 unum
1466 2658 1508 2695 in

84 2707 243 2760 forum,
277 2707 446 2748 alterum
488 2709 530 2748 in
573 2708 749 2754 Circum.
809 2706 919 2746 lllius
955 2708 1198 2748 ceremonias
1233 2708 1311 2749 hnc
1350 2713 1478 2765 capite
1493 2739 1507 2761 ,
