1884 3132
322 102 433 168 534
591 120 664 161 ιο.
707 119 813 161 1Ac.
858 122 1051 160 nmsxn
1101 118 1474 162 coMMENTAmi

430 223 483 262 A.
523 221 563 273 4.
598 221 727 277 [469,
767 222 822 277 4.]
865 219 1112 274 ἐξεμπλιίον.
1169 223 1244 262 Est
1272 222 1517 274 ἐξέμπλιον,
1547 224 1656 277 quod
1682 238 1755 263 nos

320 279 472 318 Muster
487 278 657 316 solemus
685 278 900 332 appellare,
931 293 1029 318 voce
1058 286 1244 332 corrupta
1272 292 1294 317 e
1319 278 1447 331 proba
1459 279 1618 329 Latina,
1643 293 1755 319 mon-

319 343 400 372 stra
430 347 502 386 pro
533 336 760 379 monstratio
777 363 788 384 ‚
838 333 1002 384 ὁέἴγμα,
1031 333 1178 373 scilicet
1223 333 1379 387 pictura
1406 334 1548 386 pannis
1576 335 1722 373 intexta
1740 364 1752 382 ‚

319 390 403 428 sive
431 387 547 427 flores
563 417 574 437 ,
609 389 693 427 sive
721 390 822 428 rami
849 389 1038 427 arborum
1063 390 1280 436 vitiumve,
1321 390 1406 427 sive
1432 388 1643 427 hominum
1669 390 1755 426 ani-

320 442 538 482 maliumve
557 449 626 481 aut
645 443 813 483 aliarum
837 458 971 489 rerum
1000 445 1190 497 imagines
1211 446 1303 482 sint.
1333 443 1400 481 De·
1415 457 1514 482 voce
1543 443 1757 493 ἐξέμπλιον

321 505 363 538 et
381 494 580 548 ἐξομπλον
622 511 662 536 v.
693 498 860 538 Salmas.
879 498 930 537 ad
957 499 1101 551 Script.
1125 499 1229 538 Hist.
1245 498 1354 551 Aug.
1375 498 1427 536 T.
1452 498 1505 538 ΙΙ.
1533 513 1574 551 p.
1595 496 1690 537 853.
1721 505 1760 537 et

321 555 390 592 Du
419 554 551 606 Gange
579 552 645 592 Gl.
665 561 772 602 utr.,
803 553 872 592 ubi
891 553 1156 592 marmoribus
1182 567 1341 608 quoque
1368 552 1545 605 exempla
1571 552 1758 592 tribuun-

322 616 404 648 tur.
470 609 572 647 Sunt
614 609 719 647 enim
756 609 810 647 ibi
856 609 962 648 dicta
1001 623 1201 647 marmora
1240 609 1283 647 in
1325 609 1517 662 exemplis
1558 621 1760 648 marmora

325 677 412 702 cum
439 664 651 717 exemplis,
683 663 886 717 exemplis,
918 664 959 702 id
988 671 1045 703 est
1070 665 1251 718 picturis,
1275 663 1522 701 macularum
1552 663 1693 702 sitibus
1721 669 1762 701 et

327 718 468 758 formis
497 718 583 757 aliis
617 725 736 772 atque
781 719 868 758 aliis
910 719 1113 770 candidis,
1143 720 1283 773 nigris,
1314 718 1534 767 viridibus,
1565 717 1696 757 rubris
1724 722 1764 757 et

329 773 417 813 aliis
445 775 557 813 venis
577 803 587 823 ,
620 772 812 827 tessellis,
841 774 1048 813 frondibus
1067 804 1078 823 ,
1114 781 1153 813 et
1180 775 1235 813 sic
1263 787 1383 826 porro
1411 775 1578 827 signata.

437 828 488 869 A.
510 829 549 868 5.
581 827 691 883 [469,
714 827 771 882 5.]
820 827 1038 881 δικίτρινα.
1109 829 1246 880 Quum
1285 829 1433 881 pariter
1461 827 1696 879 διακίτρινα
1723 834 1764 868 et

327 881 531 934 ὃικίτρινα
576 884 766 937 seriptum
809 886 1030 938 reperiatur
1049 912 1062 934 ‚
1100 884 1264 936 perinde
1308 885 1411 933 erit,
1456 897 1544 922 meo
1584 882 1760 932 iudicio,

325 940 411 979 sive
440 937 482 977 δι
499 938 749 978 decurtatum
789 953 833 977 ex
863 941 1016 992 integro
1038 937 1107 977 διὰ
1129 968 1140 990 ,
1174 941 1259 978 sive
1288 953 1333 978 ex
1363 937 1501 976 Italico
1539 937 1586 976 di
1613 952 1685 990 pro
1713 939 1764 978 de

327 1000 616 1033 transsumtum
663 993 788 1032 dieas:
855 994 954 1032 Nam
986 989 1056 1033 διὰ
1083 995 1126 1032 in
1154 994 1222 1032 tali
1251 993 1536 1046 compositione
1563 991 1673 1030 aliud
1700 993 1764 1032 ni-

327 1047 387 1088 hil
415 1055 474 1087 est
501 1062 623 1101 quam
651 1045 751 1096 ἀπὸ,
785 1043 1013 1099 ὃιρόδινος,
1036 1048 1085 1086 de
1102 1058 1248 1099 rosato,
1278 1046 1514 1098 ὃικίτρινος,
1538 1046 1587 1086 de
1606 1049 1764 1099 citrino,

329 1117 472 1157 nempe
509 1103 642 1142 colore
663 1131 675 1152 ,
704 1117 772 1142 seu
807 1103 951 1142 coloris
981 1104 1110 1151 rosei,
1143 1104 1253 1142 citrei
1283 1110 1321 1142 et
1348 1104 1403 1142 sic
1431 1115 1566 1154 porro.
1622 1103 1766 1142 Mona-

329 1158 430 1197 chus
458 1157 723 1211 Saugallensis
760 1171 834 1210 pro
865 1172 936 1196 sua
981 1157 1178 1197 scribendi
1223 1165 1262 1197 et
1297 1156 1583 1211 pronuntiandi
1611 1159 1768 1197 ratione

329 1212 580 1251 diacedrinus
609 1213 730 1252 dixit:
763 1213 870 1264 tyria
893 1227 1073 1267 purpura
1117 1214 1183 1252 vel
1201 1213 1432 1252 diacedrina
1467 1213 1560 1250 litra
1572 1240 1584 1260 ,
1614 1212 1691 1250 alii
1714 1213 1768 1251 de

329 1267 541 1316 lodicibus,
577 1267 740 1322 quidam
775 1267 824 1306 de
865 1268 1026 1319 gliribus
1047 1269 1325 1307 circumamicti
1370 1266 1644 1322 procedebant.
1701 1267 1763 1307 Cl-

330 1322 594 1372 Mun-atorius,
624 1322 689 1361 cui
718 1322 851 1361 locum
878 1322 986 1362 hunc
1017 1322 1155 1372 debeo,
1187 1329 1302 1376 putat
1326 1323 1378 1360 T.
1402 1322 1456 1360 ΙΙ.
1486 1320 1652 1374 Antiqu.
1674 1321 1764 1362 Ital.

330 1391 370 1430 p.
402 1375 494 1428 410.
539 1391 611 1430 pro
639 1378 733 1416 litra
762 1376 975 1430 legendum
1014 1392 1098 1417 esse
1126 1379 1239 1425 lisca,
1282 1377 1322 1416 id
1351 1383 1410 1416 est
1436 1390 1534 1427 ora,
1566 1375 1766 1430 periclysi.

332 1433 422 1485 Ego
448 1432 609 1485 quidem
639 1431 880 1486 praeferrem
909 1433 1028 1481 lutra.
1087 1434 1136 1472 In
1166 1432 1337 1487 pellibus
1368 1431 1592 1483 lutrarum,
1619 1433 1769 1484 pretio-

333 1500 377 1525 so
403 1501 536 1540 panno
565 1487 740 1527 colorato
768 1487 933 1536 indutis,
970 1487 1067 1527 olim
1092 1489 1326 1541 processisse
1358 1485 1509 1525 nobiles
1537 1492 1577 1525 et
1610 1485 1772 1526 aliunde

335 1549 503 1590 constat,
528 1550 566 1581 et
593 1557 615 1581 e
643 1544 710 1581 Du
732 1542 883 1595 Cangio
911 1557 951 1585 v.
979 1543 1119 1583 Lutra.

444 1597 497 1636 A.
520 1597 561 1636 6.
593 1596 667 1651 [46
702 1630 712 1648 ,
738 1595 796 1650 5.]
826 1594 1007 1648 κολόβια.
1061 1599 1122 1637 De
1151 1596 1308 1636 colobio
1338 1609 1377 1640 v.
1407 1596 1474 1636 Du
1502 1596 1635 1649 Gange
1657 1602 1770 1635 utro-

336 1666 414 1704 que
436 1651 584 1702 Gloss.‚
607 1612 740 1691 Val3es.
771 1651 820 1690 ad
846 1652 1047 1692 Ammian.
1075 1652 1254 1692 Marcell.
1277 1667 1316 1705 p.
1336 1650 1399 1694 5¹.
1429 1652 1489 1699 Β.,
1547 1651 1689 1690 Petav.
1719 1650 1772 1690 ad

335 1707 531 1746 Themist.
572 1721 612 1760 p.
637 1709 729 1761 377.
757 1714 797 1745 et
820 1706 915 1758 446.
934 1737 946 1760 ‚
974 1707 1045 1747 ubi
1073 1710 1168 1747 citat
1196 1707 1322 1746 Servii
1350 1705 1484 1745 locum
1503 1734 1516 1756 ‚
1546 1720 1569 1744 e
1595 1719 1675 1758 quo
1702 1719 1768 1758 ap-

337 1769 464 1815 paret,
495 1762 648 1801 colobia
677 1762 798 1800 fuisse
834 1761 928 1801 talia
963 1762 1083 1816 pallia
1112 1762 1177 1802 vel
1202 1761 1362 1814 palliola
1389 1763 1544 1814 potius,
1577 1760 1772 1799 cervicem

338 1816 547 1862 obeuntia,
581 1825 715 1870 pectus
743 1824 782 1855 et
810 1817 988 1869 scapulas
1014 1824 1053 1856 et
1080 1818 1267 1856 humeros
1294 1816 1344 1856 ad
1377 1816 1532 1855 cubitos
1558 1828 1684 1869 usque
1711 1822 1772 1854 te-

340 1874 496 1925 gentia,
529 1872 660 1925 qualia
687 1879 840 1926 gestant
868 1874 910 1911 in
943 1873 1173 1912 solennibus
1189 1871 1341 1910 actibus
1372 1871 1612 1910 Academiae
1643 1871 1781 1922 Lipsi-.

339 1929 441 1965 ensis
471 1927 657 1966 Rectores
685 1927 884 1980 Magnifici
914 1935 954 1966 et
980 1929 1131 1967 Decani
1170 1926 1404 1966 facultatum
1432 1940 1477 1966 ex
1505 1926 1586 1964 ritu
1612 1931 1780 1974 vetere,⁴

341 1984 453 2021 cuius
482 1983 644 2035 vestigia
674 1983 845 2035 reperio.

451 2036 502 2076 A.
522 2037 561 2075 6.
591 2036 706 2091 [469‚
731 2036 793 2090 5.]
820 2032 1097 2089 ,μεγαλόζηλω
1170 2037 1216 2075 In
1238 2035 1314 2075 hac
1343 2049 1442 2074 voce
1467 2042 1506 2074 et
1531 2033 1666 2074 multis
1687 2032 1774 2073 aliis

340 2089 463 2130 huius
489 2091 670 2130 militaris
694 2093 846 2131 Tactici
868 2122 880 2143 ,
909 2106 1010 2146 quae
1043 2094 1221 2130 animum
1255 2104 1389 2129 meum
1417 2090 1487 2128 diu
1517 2095 1711 2130 vexarunt
1733 2096 1775 2127 et

342 2160 577 2199 suspensum
630 2153 846 2191 tenuerunt
863 2178 876 2197 ‚
921 2149 1187 2186 coniecturam
1221 2146 1341 2185 debui
1379 2145 1516 2197 sequi,
1545 2143 1774 2183 melioribus

344 2201 593 2240 adminiculis
612 2201 834 2241 destitutus.
889 2203 943 2241 Et
971 2202 1151 2241 dubitavi
1187 2201 1364 2255 profecto
1394 2199 1622 2253 aliquando,
1647 2203 1773 2235 recte-

342 2269 392 2294 ne
420 2257 522 2295 hanc
547 2270 686 2295 vocem
726 2264 765 2295 et
802 2256 947 2296 similes
968 2264 1173 2310 sequentes
1206 2255 1473 2304 reddiderim,
1504 2251 1774 2292 subnascenti-

341 2309 417 2350 bus
453 2312 711 2360 coniecturis,
749 2325 852 2364 quae
879 2311 952 2350 fuit
978 2326 1101 2364 quum
1130 2326 1210 2350 non
1238 2312 1369 2349 minus
1398 2309 1593 2360 speciosae
1613 2313 1652 2344 et
1678 2319 1773 2358 pro-

341 2364 494 2403 babiles
517 2366 761 2404 viderentur.
819 2366 932 2404 Nunc
965 2374 1098 2405 tamen
1123 2381 1205 2405 non
1237 2365 1376 2402 dubito
1401 2376 1487 2400 eam
1511 2363 1775 2412 interpretan-

343 2418 384 2456 di
407 2420 600 2458 rationem
625 2450 635 2468 ‚
665 2435 787 2471 quam
826 2422 968 2457 Latina
1003 2423 1132 2457 versio
1182 2419 1376 2471 suggerit,
1413 2417 1574 2455 caeteris
1596 2416 1774 2466 praefer-

344 2487 403 2510 re.
463 2473 668 2511 Incidebat
700 2475 820 2524 igitur
851 2473 1064 2525 aliquando
1089 2474 1128 2511 in
1153 2475 1347 2521 animum,
1367 2477 1546 2510 essentne
1566 2467 1616 2508 τὰ
1644 2483 1773 2521 μεγα-

347 2523 500 2578 λόζηλα
529 2542 657 2565 crasso
687 2524 752 2566 filo
775 2535 903 2578 texta,
933 2525 1140 2580 μεσόζηλα
1168 2527 1234 2566 filo
1264 2525 1383 2565 medii
1415 2525 1593 2577 generis,
1631 2521 1772 2563 λεπτό-

348 2578 448 2630 ζηλα
481 2582 547 2620 silo
588 2584 712 2621 tenui.
785 2583 888 2620 Sanc
928 2584 1111 2621 tenuiarii
1137 2589 1230 2621 sunt
1275 2579 1449 2619 vestiarii
1480 2578 1674 2628 artifices,
1705 2580 1776 2632 qui

345 2630 469 2672 asmo}
487 2665 498 2684 ,
538 2637 746 2688 paunilicia
779 2637 914 2675 tenuia
929 2666 939 2684 ,
980 2636 1138 2676 subtilia
1168 2636 1342 2683 faciunt3
1371 2647 1412 2672 v.
1434 2633 1598 2672 Salmas.
1620 2633 1670 2672 ad
1690 2633 1777 2672 Ser.

348 2686 451 2726 Hist.
488 2689 595 2743 Aug.
629 2692 679 2730 T.
711 2691 763 2729 11.
789 2706 828 2744 p.
867 2690 953 2743 144.
1022 2692 1182 2744 Opponi
1222 2689 1382 2743 quidem
1412 2687 1504 2728 huic
1531 2690 1779 2729 coniecturae
