1884 3132
287 159 362 201 An
405 157 746 200 APPENDmEM
787 160 884 199 Lm.
923 160 957 198 1.
1000 158 1073 198 DE
1113 157 1374 200 cEmMoN.
1486 141 1597 198 563

143 261 255 309 nobii
278 265 433 303 misisse
469 271 508 302 et
537 264 720 303 donasse.
750 262 931 313 Angelus
955 277 978 301 a
1004 262 1112 302 Nuce
1136 264 1178 301 in
1205 264 1311 302 notis
1326 264 1375 302 ad
1396 261 1508 303 illurn
1538 264 1598 304 lo-

147 331 242 356 cum
268 326 384 372 putat
417 319 471 357 ita
507 319 748 372 appellatam
791 318 914 357 fuisse
956 317 1067 356 illam
1100 317 1247 365 telam,
1299 320 1407 371 quod
1438 321 1600 372 triginta

126 385 166 411 ·o
215 387 374 423 rarum,
413 374 593 412 liciat-mn
610 405 622 424 ‚
659 373 832 430 filorum
845 404 856 418 ,
896 373 965 411 vel
1007 375 1168 425 tn'ginca
1203 375 1383 426 sortasse
1425 376 1600 414 colorum

164 429 235 466 uit.
294 428 440 468 Putem
455 430 589 482 potius
614 430 781 481 triginta
799 427 987 466 ulnarum
1008 428 1146 467 fuisse.
1204 429 1446 468 Adscribam
1468 431 1601 469 locum

142 481 222 521 alia
250 497 412 537 quoque
439 484 490 522 de
520 498 637 523 causa
661 483 980 522 memorabilem.
1042 483 1115 521 Ait
1138 483 1260 535 igitur
1290 492 1445 523 auctor:
1501 484 1600 524 Ale-

148 538 235 577 xius
259 539 364 591 lmp.
406 538 594 578 CPtanus
619 553 698 593 per
731 539 925 577 Ioannem
965 538 1290 592 Clzoropalasinm
1325 539 1388 593 [id
1431 547 1490 578 est
1516 540 1601 579 Cu-

144 591 382 647 ropalatam]
411 608 520 632 suum
549 594 763 632 transmisit
780 593 904 632 Beato
927 593 1139 632 Benedicto
1162 603 1303 632 wstem
1330 595 1381 633 de
1402 595 1518 633 dorso
1531 610 1600 634 suo

144 650 222 688 oxi
244 649 498 695 deauratam,-
522 663 635 703 quem
672 649 839 701 legatum
872 648 1099 703 praedictus
1123 649 1243 687 abbas
1276 650 1417 688 honori
1430 651 1487 688 ice
1507 652 1602 690 satis

145 705 328 758 suscepit,
370 703 612 759 eundemque
644 703 935 758 Imperatorem
978 705 1215 758 participem
1253 704 1440 744 bonorum
1456 735 1466 751 ‚
1502 720 1603 760 quae

145 760 190 797 in
210 758 353 798 Casino
382 767 615 812 operantur,
656 760 698 797 in
722 768 954 813 perpettutm
984 773 1142 797 manere
1171 761 1378 798 constituit.
1418 783 1475 789 —-
1501 761 1601 799 Alia

145 814 231 852 viee
265 814 387 851 libras
415 823 499 852 octo
531 814 750 853 solidorum
783 814 1090 852 Mi‹·l1alator1mz
1118 815 1225 852 misit
1246 814 1347 853 idem
1377 815 1604 869 Imperator·

146 882 284 907 emessa
302 870 514 907 memoriae
546 878 586 908 et
616 869 789 924 pallium
817 870 1153 908 triacontasimum
1187 883 1267 923 pro
1296 871 1422 908 altari
1447 880 1601 910 nostrae

147 924 345 962 ecclesiae.
403 923 538 962 Aliam
560 924 609 963 de
634 924 922 977 significatione
950 923 1072 962 huius
1092 926 1202 963 vocis
1231 927 1459 978 opinionem
1487 940 1602 965 suam

146 980 355 1032 proposuit
376 978 443 1016 Du
472 979 608 1033 Gange
630 981 671 1017 in
695 979 763 1018 Gl.
786 981 833 1017 L.
863 979 907 1018 h.
935 993 998 1030 v.‚
1034 994 1138 1032 quae
1167 987 1301 1018 tamen
1333 995 1397 1019 me
1421 981 1603 1020 nondum

148 1047 175 1072 a
203 1047 292 1072 mea
318 1033 527 1072 abstrahit.
597 1034 677 1073 Sed
715 1035 812 1087 quid
848 1034 915 1072 hic
944 1033 1022 1073 loci
1065 1042 1123 1073 est
1140 1036 1257 1073 vestis
1284 1035 1334 1073 de
1359 1036 1476 1074 dorso
1502 1041 1603 1076 sno?

148 1087 273 1128 Putat
290 1088 468 1142 Angelus
494 1103 517 1127 a
544 1089 657 1128 Nuce
691 1090 904 1142 significari
948 1089 1202 1143 chlamydem
1226 1090 1472 1143 imperialem
1495 1106 1507 1142 3
1532 1091 1602 1131 sed

149 1142 228 1196 leg.
276 1145 409 1197 potius
445 1143 496 1182 de
528 1144 802 1183 dim-rhodino.
856 1144 936 1183 Sed
974 1145 1095 1184 redeo
1122 1145 1173 1183 ad
1208 1147 1475 1198 propositum.
1534 1147 1603 1186 Ad

148 1197 259 1238 hunc
286 1199 452 1237 modum
482 1206 541 1238 est
563 1200 797 1238 centenaria
817 1214 934 1238 arcus
965 1208 1127 1239 centum
1161 1201 1281 1254 pedes
1314 1201 1491 1254 amplus,
1523 1216 1603 1240 un-

149 1263 201 1302 de
229 1263 386 1303 Arabes
402 1278 520 1303 suum
534 1255 642 1319 52²5&
678 1267 844 1313 Canium
869 1279 985 1320 pons,
1020 1267 1139 1305 etiam
1164 1267 1351 1320 Hispanis
1379 1275 1601 1316 servatum,

151 1337 424 1369 assumserunt
448 1344 459 1379 3
485 1345 527 1369 v.
546 1331 614 1368 Du
628 1331 761 1384 Gange
785 1331 829 1370 h.
854 1346 892 1370 v.
913 1362 925 1381 ,
953 1333 1021 1384 qui
1042 1340 1176 1371 tamen
1206 1341 1361 1371 rectum
1389 1348 1472 1372 non
1502 1334 1609 1374 ferit.

262 1385 310 1423 B.
331 1383 372 1435 4.
403 1384 520 1438 [475,
545 1384 609 1439 7.]
639 1383 877 1436 μεταξωτά.
934 1387 1096 1426 Fefellit
1123 1402 1188 1426 me
1216 1388 1403 1426 formatio
1433 1403 1522 1426 ωτα
1559 1396 1606 1427 ut

152 1438 292 1478 darem
320 1438 362 1477 id
389 1439 498 1492 quod
530 1441 571 1478 in
600 1442 753 1479 Latinis
782 1448 854 1480 est.
913 1441 992 1480 Sed
1020 1442 1239 1481 debueram
1259 1443 1493 1495 simpliciter
1510 1457 1605 1483 ver-

151 1501 238 1533 tere
268 1495 427 1533 sericos.
485 1494 585 1533 Nam
627 1492 864 1544 μεταξωτός
907 1498 1003 1535 novi
1032 1498 1174 1536 Graeci
1204 1497 1345 1536 dicunt
1377 1511 1451 1550 pro
1482 1510 1608 1547 μετα-

154 1544 263 1598 ξινὸς
279 1578 292 1598 ,
324 1555 371 1587 ut
409 1557 564 1588 constat
592 1564 615 1588 e
656 1551 724 1588 Du
753 1551 891 1604 Cangii
923 1551 991 1590 Gl.
1020 1553 1090 1591 Gr.
1120 1552 1164 1590 h.
1194 1566 1235 1591 v.
1292 1553 1416 1591 Forte.
1446 1566 1608 1605 quoque

155 1602 372 1643 delendum
412 1612 608 1658 punctum
644 1613 734 1658 post
776 1602 1058 1657 αἰγυπτιακά,
1104 1614 1144 1646 et
1171 1606 1418 1660 intelligendi
1456 1609 1604 1661 panni,

151 1673 328 1712 quorum
379 1660 480 1698 ruda
507 1662 687 1708 materia,
716 1663 900 1711 sericum,
931 1676 975 1699 ex
993 1661 1179 1715 Aegvpto
1213 1662 1341 1701 CPlin
1374 1662 1540 1701 advecta
1569 1669 1610 1701 et

153 1713 211 1752 ibi
239 1715 282 1752 in
308 1674 407 1754 teias
435 1723 618 1754 contexta
649 1716 737 1754 fuit.
796 1716 890 1755 Non
919 1707 1339 1770 quidem'nascebatur
1366 1719 1538 1756 sericum
1561 1719 1603 1756 in

156 1767 341 1822 Aegypto
359 1799 371 1819 ,
403 1770 471 1808 sed
498 1770 594 1809 illuc
622 1785 693 1823 per
721 1785 831 1809 mare
861 1771 1031 1810 rubrum
1069 1787 1114 1811 ez
1146 1773 1259 1811 India
1292 1773 1606 1825 apportabatur3

154 1831 313 1877 poterat
339 1830 473 1864 tamen
501 1827 672 1864 sericum
701 1826 945 1880 Aegyptium
986 1827 1203 1880 appellari,
1234 1829 1330 1880 quia
1359 1843 1404 1866 ex
1434 1828 1611 1866 Alexan-

156 1878 247 1917 dria
259 1879 632 1933 Constantinopolin
661 1881 894 1920 mittebatur
917 1889 957 1920 et
986 1881 1095 1921 illinc
1125 1885 1205 1936 peti
1234 1876 1421 1921 debebat.
1453 1883 1609 1921 Omnes

157 1934 266 1972 enim
292 1948 443 1974 merces
470 1937 691 1975 anatolicae
717 1951 786 1975 seu
816 1936 1028 1976 orientales
1057 1939 1127 1988 (ita
1158 1936 1372 1991 legendum
1401 1937 1509 1990 apud
1528 1938 1611 1976 Vo-

156 1988 312 2041 piscum
347 1991 389 2027 in
418 1989 637 2029 Aureliano
676 2007 719 2045 p.
738 1991 851 2040 536„
882 2006 964 2031 non
1003 1993 1259 2042 ambone-ae,
1300 1993 1352 2031 de
1395 2007 1475 2045 qua
1512 2006 1611 2032 voce

157 2043 304 2082 summi
331 2044 408 2082 viri
447 2053 646 2097 quaerunt
674 2054 714 2085 et
744 2049 936 2098 rixantur)
979 2047 1181 2086 debebant
1208 2061 1280 2100 per
1321 2047 1609 2086 Alexandriam

159 2099 203 2136 in
231 2098 434 2151 Europam
474 2100 610 2139 invehi
633 2131 643 2147 ‚
687 2109 726 2140 et
754 2102 913 2140 Nicetas
942 2102 1159 2141 Choniates
1199 2117 1242 2155 p.
1264 2101 1360 2153 244.
1384 2103 1437 2140 Α.
1465 2115 1499 2139 1.
1540 2102 1605 2140 ed.

158 2153 306 2191 Venet.
338 2151 488 2204 σηρικὰ
521 2154 732 2205 ἐνδύματα
760 2164 986 2203 memorat,
1016 2152 1123 2207 ἅπερ
1167 2156 1212 2196 ἐκ
1245 2155 1397 2208 Θηβῶν
1423 2151 1609 2194 ἑπταπύ-

160 2209 246 2246 λων
272 2208 447 2258 βασιλεῖ’
466 2207 764 2262 κεχωρὴγηται.
823 2213 964 2250 Pallia
980 2211 1266 2250 Alexandrina
1283 2213 1438 2263 saepius
1468 2210 1609 2264 legun·

161 2268 230 2300 tur
258 2261 364 2315 apud
378 2262 445 2299 Du
467 2263 663 2317 Gangium
691 2279 733 2303 v.
753 2267 932 2305 Pallium
960 2275 999 2305 et
1014 2268 1235 2318 Pigacium.
1262 2267 1325 2304 De
1354 2265 1512 2304 fabricis
1538 2265 1611 2316 τῆς

158 2315 338 2368 μετάξης
365 2331 387 2356 e
419 2318 566 2370 Beryto
590 2326 630 2357 et
657 2320 767 2373 Tyro
812 2328 1003 2374 regnante
1032 2322 1252 2360 Iustiniano
1284 2319 1411 2358 CPlin
1440 2319 1611 2358 transla-

162 2371 214 2410 tis
243 2371 354 2411 locus
382 2372 545 2425 insignis
573 2381 633 2412 est
657 2375 765 2427 apud
790 2375 1036 2428 Procopium
1067 2375 1268 2414 Anecdot.
1289 2389 1329 2426 p.
1357 2389 1446 2413 111.
1474 2390 1511 2413 c.
1535 2375 1609 2414 fin.

165 2425 243 2465 Vel
272 2428 391 2465 etiam
419 2434 513 2466 sunt
550 2430 697 2467 sericae
740 2430 782 2467 in
811 2429 996 2483 Aegypto
1041 2437 1171 2468 textae
1193 2459 1204 2477 ‚
1235 2429 1305 2468 sed
1351 2429 1416 2467 hic
1436 2459 1447 2477 ‚
1491 2429 1606 2478 CPli,

162 2493 344 2534 purpura
363 2483 526 2521 tinctae.
584 2484 739 2522 Sericas
770 2491 877 2523 certe
912 2485 1011 2523 telas
1038 2486 1080 2522 in
1095 2485 1281 2537 Aegypto
1309 2491 1434 2523 textas
1463 2484 1610 2537 fuisse,

165 2537 262 2574 satis
288 2536 389 2575 mihi
425 2537 598 2590 probare
626 2539 809 2585 videtur,
840 2539 949 2592 quod
979 2554 1017 2592 p,
1046 2539 1141 2590 544.
1167 2540 1221 2577 A.
1248 2539 1308 2577 13.
1336 2538 1424 2592 lego
1452 2536 1613 2579 δινίσια

166 2599 355 2650 βλαῐτία.
388 2603 515 2656 Atqui
545 2604 675 2652 Dinis,
707 2604 855 2655 Tenis,
871 2605 996 2644 Tanis
1022 2616 1148 2654 Quum
1166 2603 1263 2643 olim
1295 2601 1444 2643 Tatm'a
1460 2612 1502 2644 et
1521 2605 1615 2644 Ται·

167 2660 286 2715 vatic,
313 2667 409 2706 item
436 2666 690 2719 Διονυσιάς,
741 2665 822 2709 α’πό
850 2670 929 2708 τοῦ
955 2664 1194 2718 Διονύσου,
1231 2661 1342 2719 grob-3
1373 2662 1433 2718 ,ὁ
1479 2669 1611 2718 dicta,

166 2735 228 2768 est
259 2729 426 2771 celebris
467 2734 565 2774 urbs
594 2735 768 2789 Aegypti
783 2764 796 2787 ‚
836 2735 920 2776 vid.
948 2749 1051 2789 quae
1078 2734 1130 2775 ad
1167 2734 1281 2775 illum
1307 2734 1440 2775 locum
1467 2735 1614 2774 dicam.
