1890 3112
202 195 278 236 An
316 191 614 236 CONSTANT.
651 189 848 233 PORPH.
887 192 960 231 DE
997 189 1180 233 cmm,
1221 191 1318 230 LIB.
1358 191 1391 230 1.
1454 189 1520 245 77

93 295 252 346 diaeta,
280 296 324 334 in
350 307 432 348 qua
453 294 639 349 princeps
665 306 758 334 cum
785 293 867 332 suls
898 293 1206 333 consistorianis
1236 291 1286 333 de
1309 291 1429 332 nebus
1443 293 1526 332 suis

94 350 267 405 publicis
295 350 542 404 privatisque
570 348 770 388 consultat
787 355 828 388 et
858 348 1035 388 decernit
1048 378 1060 399 ,
1088 348 1284 402 supplices
1311 354 1351 387 et
1374 346 1526 400 legatos

89 405 204 445 audit
232 412 310 444 etc.
355 405 411 443 V.
431 404 500 444 Du
518 404 654 457 Gange
669 403 802 442 Gloss.
820 404 911 442 Lat.
942 403 986 442 h.
1007 417 1049 443 v.
1080 404 1251 442 Guther.
1282 402 1365 442 Off.
1390 403 1444 441 D.
1466 403 1520 442 A.

89 475 133 516 p.
149 460 222 515 69.
239 475 326 514 sqq.
362 458 499 499 Vales.
526 459 579 498 ad
593 459 728 498 Amm-
750 457 931 497 Marcell.
951 473 994 511 p.
1016 457 1084 510 87.
1110 466 1151 497 et
1167 459 1262 498 330.
1282 457 1324 496 b.
1361 456 1520 497 Selden.

93 516 146 555 de
177 516 260 555 Tit.
296 515 452 555 Honor.
481 513 534 552 Τ.
565 513 620 552 11.
650 527 742 566 pag.
772 526 839 566 29.
879 513 1079 552 Harduin.
1108 514 1160 553 ad
1198 513 1393 552 Themist.
1427 526 1519 566 pag.

90 570 208 634 455„
235 571 307 624 qui
322 577 458 609 tamen
485 581 589 622 quae
612 568 734 607 habet
759 567 809 606 de
836 575 1011 622 quatuor
1030 568 1242 607 comitibus
1259 568 1524 607 Consistoria-

86 640 176 677 ms,
204 639 252 664 ea
279 624 332 664 ad
354 631 534 678 tempora
552 623 825 663 Theodosiaca
845 624 1062 677 pertinent.
1095 623 1288 677 Polybius
1309 637 1399 677 pag.
1424 637 1518 677 7¹7·

119 709 129 719 .
158 679 255 720 edit.
285 679 432 720 Wech.
465 675 794 731 χρηματιστικὸν
827 679 1000 718 πυλῶνα
1027 678 1109 719 τῶν
1134 677 1363 729 βασιλέων,
1392 678 1523 731 appel·

85 695 144 775 ἴθι
157 734 279 774 talem
294 733 429 775 locum
443 763 457 786 ,
484 734 723 784 vesa'bulmn,
754 734 797 773 in
810 747 888 790 quo
905 747 1012 787 reges
1037 733 1088 773 de
1114 734 1277 787 negotiis
1302 735 1518 783 conveniri,

32 815 36 818 -
84 799 124 831 et
142 804 329 845 responsa
352 789 452 829 dare
471 788 610 829 solent.

194 845 249 884 A.
269 845 308 884 5.
327 843 423 900 [10‚
439 843 531 900 nm]
561 841 635 884 καί
660 841 686 883 δ
712 839 1049 896 πρωτονοτάριος.
1104 844 1232 883 Totus
1246 843 1313 883 hic
1327 842 1438 883 locus
1455 844 1519 882 in-

82 899 300 954 tegrandus
325 907 385 940 est
420 914 444 941 e
467 900 709 940 membranis
737 901 819 939 sic:
876 896 951 938 καὶ
994 893 1015 935 ὃ
1045 894 1370 951 πρωτονοτάριος
1413 895 1518 950 μετὰ

84 955 172 995 τόν
197 954 440 1024 (ἰσηκρη-ξῶν
467 954 540 994 καί
563 955 795 1007 βασιλικῶν
821 952 1027 1007 νοταρίων
1054 950 1127 993 καί
1151 954 1308 994 λοιπῶν
1333 966 1520 1007 σεκρετι-

84 1022 498 1120 ΜῃΑἼοέἶιῗιιῗῖαἯ
524 1011 1027 1118 ἴτῖἱλζῗίὲἕέἒ.υλῗ)ριιιῗὲἵ.ῒυω
1044 1071 1104 1103 est
1120 1071 1327 1118 suggestus
1339 1093 1350 1114 ‚
1379 1063 1517 1117 βῆμα,

80 1119 215 1160 ambo.
250 1121 346 1161 Vid.
367 1121 436 1162 Du
451 1121 585 1175 Gange
602 1119 733 1160 Gloss.
752 1120 887 1160 Latin.
944 1121 1069 1160 Varia
1084 1127 1199 1159 erant
1213 1118 1395 1173 pulpita3
1424 1126 1519 1159 ante

81 1175 286 1216 Cathisma
307 1176 440 1228 Circi,
467 1176 551 1217 vid.
586 1176 823 1230 Theophan.
857 1190 897 1230 p.
922 1174 1011 1230 ¹57·
1042 1175 1165 1224 C.‚et
1183 1182 1277 1214 ante
1303 1173 1533 1228 palatium..

80 1230 253 1271 Cedren.
334 1246 375 1285 g.
395 1231 489 1286 369.
510 1231 576 1280 C.‚
607 1230 680 1272 ubi
694 1231 778 1272 vid.
801 1231 922 1271 Goar.
943 1237 983 1270 et
998 1230 1050 1270 ad
1064 1230 1199 1271 Nostri
1215 1245 1256 1285 p.
1280 1244 1375 1285 292.
1401 1230 1447 1269 B.
1473 1230 1514 1270 3.

78 1285 144 1326 De
161 1286 282 1326 Came
322 1287 412 1327 ucio
433 1287 523 1327 dieo
539 1287 592 1327 ad
606 1301 649 1341 p.
667 1288 763 1328 531.
790 1287 837 1327 B.
865 1287 926 1326 13.

98 1387 100 1389 ,
190 1341 245 1380 Α.
270 1355 332 1382 ιο.
360 1340 454 1398 [11,
483 1341 550 1398 4.]
590 1341 867 1398 σιλεντιαρίῳ.
921 1340 1166 1394 Plerumque
1197 1341 1239 1381 in
1273 1339 1516 1379 membranis

77 1396 190 1450 Lips.
228 1394 432 1437 σελὲντιον
456 1404 498 1437 et
520 1393 795 1449 σελεντιιίριοι
821 1398 1012 1450 scriptum
1039 1396 1191 1436 inveni.
1246 1395 1311 1435 De
1332 1395 1513 1446 silentiis,

77 1465 165 1501 seu&
182 1452 447 1492 conventibus
483 1459 524 1492 et
558 1452 808 1493 consessibus
834 1466 1047 1507 procerum
1086 1450 1333 1490 deliberandi
1362 1465 1482 1489 causa
1499 1480 1512 1501 ‚

81 1505 242 1546 abunde
266 1515 434 1560 egerunt
454 1507 525 1548 Du
541 1508 676 1562 Gange
701 1508 832 1547 Gloss.
856 1515 1026 1560 utroque
1039 1537 1050 1554 ‚
1082 1506 1134 1545 ad
1152 1506 1336 1545 Cinnam.
1357 1520 1397 1558 p.
1417 1504 1515 1559 492.

77 1561 202 1600 Goar.
236 1561 288 1600 ad
304 1562 540 1616 Theophan.
567 1577 609 1616 p.
632 1577 727 1603 202.
759 1569 799 1601 et
822 1562 875 1601 ad
904 1562 1073 1601 Cedren.
1102 1576 1147 1614 p.
1167 1560 1262 1612 354.
1321 1560 1514 1599 Aleman-

75 1629 154 1655 nus
186 1616 238 1656 ad
275 1616 450 1671 Procop.
484 1632 528 1671 p.
567 1618 658 1657 ¹03.
716 1617 962 1656 silentiarios
992 1616 1113 1655 fuisse
1140 1617 1198 1654 ait
1232 1614 1512 1654 cubicularios.

77 1670 173 1711 Non
206 1672 300 1711 satis
325 1679 445 1712 recte.
504 1672 583 1712 Sed
608 1671 824 1726 aliquando
859 1671 978 1711 latius
1005 1671 1145 1710 sumsit
1171 1684 1313 1710 vocem
1338 1669 1514 1709 cubiculi

76 1732 118 1765 et
142 1725 390 1766 cubicularii.
449 1727 691 1767 Cubiculum
717 1728 789 1781 ipsi
820 1734 879 1766 est
905 1726 1190 1766 consistorium
1205 1756 1216 1773 ‚
1247 1732 1288 1764 et
1315 1725 1513 1764 cubicula-

76 1781 127 1820 rii
155 1782 230 1835 ipsi
259 1789 354 1822 sunt
379 1781 464 1833 illi,
501 1784 570 1837 qui
600 1797 740 1822 curam
767 1782 938 1836 agebant
951 1813 962 1830 ‚
992 1788 1039 1821 ut
1063 1783 1106 1820 in
1126 1781 1358 1820 consistorio
1377 1781 1510 1834 quiete

76 1843 196 1890 atque
222 1836 364 1877 decore
391 1852 464 1891 pro
496 1839 701 1878 maiestate
730 1839 916 1891 principis
943 1838 1161 1891 praesentis
1191 1843 1417 1888 agerentur.
1448 1837 1511 1874 De
1525 1835 1642 1871 Ed.1..
1657 1838 1701 1875 25

74 1890 252 1942 silentio,
284 1893 327 1932 in
357 1907 438 1947 quo
468 1893 681 1947 perorabat
700 1895 947 1947 Imperator,
978 1892 1056 1931 alio
1073 1892 1162 1931 loco
1185 1891 1328 1930 dicam.
1386 1891 1449 1930 De
1464 1892 1511 1930 si·

74 1944 268 1986 lentiariis
290 1947 358 1987 hic
389 1955 547 1988 tantum
578 1957 674 1989 noto
689 1980 700 1998 ‚
746 1950 1019 1988 internuncios
1057 1961 1124 1986 eos
1156 1953 1197 1986 et
1224 1960 1404 1986 cursores
1426 1946 1510 1986 fere

72 2000 330 2055 Imperatoris
357 2003 478 2044 fuisse
503 2004 545 2044 in
575 2004 746 2058 publicis
781 2003 1100 2058 processionibus
1114 2033 1125 2053 ‚
1162 2004 1204 2041 in
1232 1999 1397 2040 silentiis
1410 2031 1422 2052 ‚
1451 2000 1508 2040 le-

44 2071 47 2073 *
71 2063 255 2109 gatorum
298 2059 591 2100 introductione
605 2090 617 2111 ‚
656 2061 751 2100 item
778 2067 1006 2099 senatorum
1040 2059 1218 2098 omnium
1232 2085 1245 2107 ,
1282 2071 1383 2110 quos
1414 2057 1508 2096 bra-

66 2111 161 2150 chio
197 2112 412 2166 prehensos
447 2115 499 2154 ad
535 2117 636 2169 Imp.
679 2115 998 2155 introducebant.
1057 2115 1232 2153 Domum
1260 2111 1508 2151 deducebant

69 2181 207 2206 recens
222 2167 438 2209 honoratos
451 2200 464 2221 .,
491 2178 696 2224 portantes
714 2185 854 2211 eorum
880 2169 1096 2210 codicillos,
1141 2167 1277 2207 vales.
1297 2166 1348 2206 ad
1364 2166 1502 2206 Amm.

70 2221 251 2261 Marcell.
285 2238 329 2277 p.
357 2225 451 2264 523.
487 2227 682 2280 originem
710 2241 847 2266 eorum
878 2226 1039 2265 deducit
1069 2240 1093 2264 a
1114 2223 1315 2265 veteribus
1338 2235 1504 2275 praeco-

67 2276 191 2316 nibus
204 2307 216 2326 ‚
243 2281 312 2332 qui
337 2287 550 2334 postquam
578 2282 728 2322 iudices
764 2284 806 2321 in
835 2281 1029 2321 tribunali
1061 2278 1320 2320 consederant
1337 2305 1350 2328 ‚
1384 2276 1504 2316 silen-

70 2331 174 2371 tium
203 2332 416 2374 faciebant.
704 2373 705 2376 ,

181 2401 224 2439 7.
246 2388 395 2429 A.ult.
430 2390 521 2446 [1¹,
545 2391 608 2446 7.]
653 2387 927 2432 κανδιδάτων.
983 2391 1194 2430 Candidati
1224 2395 1317 2429 sunt
1358 2387 1504 2427 milites

68 2443 309 2496 pompatici,
350 2452 420 2484 aut
447 2447 726 2486 ostensionales
745 2476 756 2497 ‚
784 2447 835 2485 ad
862 2447 1035 2499 Augusti
1058 2446 1277 2486 custodiam
1307 2449 1347 2483 et
1377 2444 1502 2482 comi-

65 2503 198 2536 tatum
231 2498 374 2539 delecti
390 2530 402 2550 ‚
432 2516 559 2555 specle
586 2510 626 2541 et
652 2503 796 2541 robore
813 2509 1055 2555 praestantes
1068 2531 1080 2551 ‚
1110 2516 1135 2540 a
1160 2499 1354 2547 candido,
1382 2512 1503 2551 quem

70 2552 263 2604 gerebant
292 2557 439 2594 vestitu
468 2559 524 2596 sic
549 2557 660 2596 dicti.
718 2558 947 2596 Chronicon
980 2556 1295 2595 Alexandrinum
1319 2555 1376 2593 ait
1405 2554 1503 2592 Gor-

65 2605 235 2646 dianum
266 2606 340 2649 τὸν
378 2609 566 2663 α’ριθμόν
601 2613 684 2652 τῶν
722 2611 953 2664 λεγομένων
989 2606 1270 2660 κανδιδάτων,
1320 2609 1502 2647 homines

67 2659 252 2709 τελείους
295 2664 369 2703 καί
405 2666 616 2714 εὖσθενεΐς
655 2663 729 2706 καὶ
762 2661 942 2718 μεγάλης
980 2659 1104 2713 ὄντας
1137 2665 1241 2712 θέας
1267 2664 1503 2716 excerpsisse

71 2715 160 2753 κατ’
201 2714 371 2771 ἐκλογήν
398 2718 482 2760 ἀπὸ
515 2722 594 2761 τοῦ
630 2717 835 2774 τάγματος
870 2722 952 2760 τῶν
990 2720 1217 2774 λεγομένων
1253 2717 1501 2773 σχολαρίων.

73 2767 127 2809 Hi
154 2772 328 2814 candida
354 2777 467 2816 turba
509 2777 684 2833 Corippo
713 2776 977 2832 appellantur.
