1884 3132
299 138 412 213 740
571 152 645 195 10.
694 126 801 194 1A'c.
842 153 1038 193 musica
1077 149 1458 194 COMMENTARH

297 256 457 314 πράτης
494 253 516 297 ὅ
550 254 658 298 κατὰ
701 252 983 308 Βελλισάριον
1009 256 1117 310 apud
1154 255 1343 295 Malalam
1378 257 1430 295 T.
1469 257 1525 295 11.
1564 270 1608 310 p.
1645 257 1739 310 241.

297 331 337 370 9.
371 321 430 353 cst
468 328 650 369 campsor·
692 313 901 350 Bellzlsarii
918 341 929 362 ,
966 312 1017 350 dc
1048 314 1134 364 ipso
1164 326 1310 350 nomen
1332 312 1486 351 habens
1512 319 1551 351 et
1583 309 1634 350 ad
1667 313 1742 351 ob-

298 371 482 423 sequium
507 370 591 408 eius
631 369 848 421 pertinens.
917 367 1038 419 Apud
1070 367 1363 420 Theophanem
1398 382 1439 419 p.
1455 366 1551 407 568.
1579 367 1633 404 D.
1666 367 1744 407 fine

297 433 356 464 est
397 419 545 463 ὃκατά
581 420 730 476 Βησὴρ
772 418 1010 474 σπαθάριος
1038 429 1077 460 et
1113 417 1134 460 ὃ
1167 418 1270 460 κατὰ
1302 420 1483 475 Ἱμερίου
1523 420 1743 470 πατρικίου

296 475 554 532 σπαθάριος,
595 479 816 533 spatharius
841 477 916 516 τοῦ
946 478 1087 516 nobilis
1117 477 1167 516 de
1205 477 1317 515 Bisir
1345 484 1384 516 et
1407 478 1572 531 patricii
1592 476 1642 515 de
1661 475 1743 515 Hi-

297 536 437 574 merio.
495 535 634 573 Posset
667 547 853 587 quoque,
896 533 927 571 si
965 547 1027 571 res
1062 547 1144 571 non
1184 532 1259 571 sub
1283 531 1498 581 Heraclio,
1528 531 1596 570 sed
1620 532 1746 570 serius

296 591 550 643 contigisset,
579 589 656 628 hoc
688 602 832 628 nomen
863 584 884 625 ὁ
911 583 1017 626 κατὰ
1039 586 1206 639 Ἰέσὸην
1233 587 1296 626 vel
1319 583 1341 625 ὅ
1362 587 1438 627 τοῦ
1457 585 1611 639 Ἰέσδη,
1631 587 1743 640 quod

295 659 460 699 prorsus
485 645 591 682 idem
622 652 704 691 est,
740 657 812 697 pro
835 642 971 692 gentili
994 642 1150 681 haberi.
1207 643 1349 681 Fuisse
1382 641 1631 694 temporibus
1660 642 1743 680 He-

295 700 420 740 raclio
442 700 733 752 posterioribus
749 698 941 737 familiam
955 699 1151 737 Graecam
1173 694 1210 736 οἱ
1232 693 1337 736 κατὰ
1358 691 1526 750 Ἰέσὸην
1545 727 1557 744 ,
1588 697 1742 749 origine

293 763 411 795 tenus
424 755 627 794 Persicam
650 762 688 793 ct
707 769 730 793 a
745 754 872 799 lesda,
890 752 990 791 urbe
1001 753 1187 802 Persidis,
1207 754 1434 791 venientem
1457 759 1624 792 constat.
1643 753 1742 792 Pos-

294 826 378 850 sem
392 811 466 849 hac
491 812 700 850 occasione
730 817 870 848 contra
891 808 943 847 cl.
976 810 1245 847 Muratorium
1266 809 1556 857 demonstrare,
1573 810 1738 847 nomina

294 866 536 906 familiarum
572 866 799 904 distinctiva
831 878 854 902 a
882 866 1079 902 maiorum
1101 864 1235 916 aliquo
1274 871 1343 902 aut
1379 877 1401 901 a
1434 864 1636 902 territorio
1670 863 1747 902 de-‚

294 929 425 960 sumta
464 921 624 960 saeculo
659 922 734 959 Vl.
772 926 864 973 post
911 919 1116 958 Christum
1157 926 1298 957 natum
1345 920 1385 957 in
1428 933 1505 957 usu
1554 918 1671 957 fuisse
1701 927 1742 958 et

292 991 387 1015 cum
418 978 512 1028 ipsis
545 976 687 1014 Gothis
731 982 771 1014 et
805 975 1018 1013 Germanis
1050 975 1089 1012 iu
1130 974 1340 1026 imperium
1378 974 1604 1012 Romanum
1626 974 1743 1012 inva-

292 1032 404 1071 sisse.
462 1031 590 1084 Negat
617 1032 725 1069 enim
759 1030 811 1069 V.
843 1027 907 1067 Cl.
943 1031 985 1067 in
1019 1029 1264 1082 praefatione
1301 1028 1354 1067 ad
1388 1028 1568 1082 Magistri
1590 1029 1741 1082 Moysis

291 1086 538 1140 Bergomatis
567 1099 729 1124 carmen
767 1084 817 1123 de
850 1082 1037 1123 laudibus
1072 1085 1282 1137 Bergomi,
1328 1091 1367 1122 et
1398 1085 1441 1123 in
1475 1083 1742 1137 Antiquitati-

292 1141 370 1180 bus
403 1141 570 1191 Italiac,
600 1141 766 1179 nomina
800 1138 1043 1177 familiarum
1073 1141 1235 1192 propria
1271 1146 1364 1178 ante
1400 1138 1603 1178 saeculum
1633 1139 1740 1178 deci-

290 1210 404 1235 mum
445 1198 486 1234 in
513 1211 632 1235 usum
664 1197 827 1234 venisse.
893 1193 972 1232 Sed
1001 1209 1046 1233 ea
1072 1209 1136 1233 res
1168 1194 1293 1233 alium
1313 1193 1446 1233 locum
1469 1193 1669 1247 postulat,
1700 1202 1741 1234 et

290 1251 354 1291 vel
382 1251 461 1290 levi
486 1251 680 1299 Cedreni,
710 1248 968 1300 Theophanis
999 1249 1251 1302 aliorumque
1277 1251 1518 1302 scriptorum
1550 1249 1741 1288 historiae

289 1307 533 1359 Byzantinae
552 1307 797 1357 inspectione
817 1305 892 1342 ista
925 1306 1120 1342 sententia
1146 1304 1274 1343 refelli
1308 1312 1451 1357 potest.
1511 1304 1635 1358 Apud
1657 1305 1740 1344 No-

291 1368 420 1399 strum
439 1375 482 1413 p.
508 1361 605 1414 579.
628 1360 676 1398 C.
701 1360 741 1399 5.
766 1367 824 1398 est
846 1355 868 1396 ὅ
889 1359 962 1398 τοῦ
985 1358 1395 1414 Evpcssarheq,·fil1·us‚
1420 1374 1500 1399 non
1518 1360 1682 1413 proprio
1699 1367 1741 1399 et

290 1417 429 1455 stricto
462 1430 608 1466 sensu,
643 1415 712 1454 sed
738 1414 912 1464 laxiori,
943 1413 983 1452 id
1012 1421 1072 1453 est
1110 1411 1272 1466 ἐέιγονος
1296 1444 1307 1465 ,
1341 1415 1391 1454 de
1421 1417 1588 1469 posteris
1618 1430 1736 1463 unus,

289 1471 539 1522 Symbaticic'.
599 1470 800 1509 Omnibus
859 1469 934 1508 hac
969 1477 1085 1523 gente
1120 1470 1302 1509 oriundis
1334 1484 1547 1510 commune
1592 1484 1738 1509 nomen

288 1525 370 1565 hoc
400 1534 485 1564 erat
525 1523 546 1564 ὃ
576 1525 653 1564 τοῦ
688 1523 950 1576 Συμβατίκη.
1023 1524 1178 1564 Ibidem
1219 1532 1279 1564 est
1307 1525 1435 1564 simile
1457 1539 1603 1564 nomen
1633 1523 1737 1565 Θεό-

290 1580 425 1634 δωρος
446 1578 468 1619 ὅ
499 1579 574 1620 τοῦ
605 1578 857 1631 Παγκράτη.
916 1580 1036 1633 Apud
1071 1580 1358 1633 Theophanem
1389 1595 1496 1620 anno
1517 1595 1555 1634 7.
1580 1580 1735 1619 Rhino-

288 1637 403 1675 tmeti
434 1643 492 1675 est
522 1631 543 1674 ὃ
583 1635 661 1674 τοῦ
690 1630 902 1686 ΖΙΙανσοὺρ
933 1633 1168 1686 λογοθέτης.
1226 1636 1356 1674 Huius
1389 1636 1465 1674 viri
1494 1643 1563 1675 aut
1593 1642 1734 1688 pater,

289 1699 361 1730 aut
387 1705 502 1742 avus,
530 1698 600 1729 aut
626 1697 790 1736 atavus,
827 1697 897 1728 aut
919 1691 1039 1729 unius
1069 1689 1119 1728 de
1143 1690 1359 1729 maioribus
1381 1692 1463 1729 eius
1487 1691 1608 1730 herus
1647 1691 1735 1729 fue-

286 1753 352 1786 rat
391 1746 536 1799 aliquis
583 1745 715 1784 Arabs
768 1745 950 1784 Mansnr.
1024 1746 1182 1784 Nomen
1220 1747 1326 1784 enim
1366 1744 1467 1784 illud
1512 1745 1735 1785 Arabicum

288 1808 363 1841 est.
421 1801 589 1840 Malalas
610 1802 662 1843 T.
686 1800 738 1838 ΙΙ.
762 1814 799 1852 p.
820 1798 885 1851 [μ.
908 1808 947 1839 et
960 1800 1028 1840 65.
1046 1808 1203 1853 gentem
1221 1797 1423 1849 Χουτζών
1448 1807 1487 1839 et
1509 1797 1734 1850 Στούμμας

285 1857 485 1895 nominat.
544 1856 793 1895 Postremam
833 1869 917 1894 esse
939 1855 1219 1895 Germanicam
1253 1870 1299 1894 ex
1338 1869 1384 1894 eo
1423 1854 1573 1909 liquet,
1624 1855 1735 1908 quod

287 1912 420 1950 adhuc
460 1911 581 1950 hodie
607 1909 903 1962 Scummesdorf
921 1910 1065 1964 (pagus
1099 1910 1312 1960 Statumae)
1338 1911 1561 1964 appellatur
1589 1909 1734 1963 aliquis

287 1980 415 2018 pagus
446 1967 555 2005 haud
581 1965 721 2018 procul
746 1967 875 2018 patria
896 1979 984 2004 mea
1008 1965 1190 2018 Sorbiga‚
1222 1968 1290 2019 qui
1314 1966 1389 2004 fuit
1413 1965 1510 2004 olim
1531 1965 1733 2019 peculium

287 2020 456 2062 alicuius
476 2022 525 2059 de
557 2021 831 2059 Stummarum
860 2028 990 2074 gente.
1054 2020 1133 2060 Sed
1155 2021 1255 2060 haec
1271 2051 1282 2072 ,
1321 2027 1367 2060 ut
1401 2021 1511 2073 dixi,
1533 2019 1585 2060 ad
1608 2020 1733 2060 alium

286 2075 422 2114 locum
447 2077 661 2129 pertinent.

400 2132 445 2169 C.
465 2131 505 2181 4.
534 2130 647 2223 Η629,
668 2129 730 2184 9.]
760 2126 862 2170 κατὰ
903 2127 1102 2178 ὖπατίας.
1171 2130 1378 2185 Ηγρατιάε
1400 2138 1493 2169 sunt
1515 2131 1731 2184 processio-

289 2200 361 2225 nes
415 2200 537 2225 consu
560 2200 625 2224 um
676 2185 764 2225 Cal.
807 2184 1005 2225 Ianuariis
1046 2184 1299 2224 consulatum
1343 2187 1634 2240 auspicantium
1692 2193 1732 2226 et

287 2240 453 2280 missilia
486 2241 717 2279 consulatus
750 2242 913 2280 nomine
962 2242 1002 2279 in
1033 2240 1225 2294 populum
1260 2242 1531 2294 spargentium
1555 2248 1595 2279 et
1623 2241 1730 2280 dona

287 2296 425 2334 amicis
453 2298 724 2347 mittentium,
757 2310 837 2348 quo
864 2296 1038 2346 factum,
1069 2303 1114 2334 ut
1132 2296 1238 2334 dona
1263 2297 1453 2349 quaevis,
1484 2296 1729 2349 largitiones,

286 2350 489 2403 sportulae
534 2346 708 2389 ὑπατίαι
747 2350 1068 2403 appellarentur,
1099 2365 1179 2404 qua
1211 2350 1260 2389 de
1293 2365 1336 2389 re
1366 2351 1467 2390 forte
1501 2351 1612 2389 alias.
1641 2350 1728 2402 Ap-

286 2413 402 2458 paret
427 2421 473 2444 ex
505 2405 582 2444 hoc
608 2404 712 2455 loco,
736 2405 810 2444 sub
836 2405 1022 2445 Heraclio
1053 2406 1185 2444 adhuc
1212 2405 1463 2445 consulatum
1494 2405 1727 2456 obtinuisse,

287 2475 418 2513 neque
447 2462 523 2499 sub
549 2461 793 2510 Iustiniano,
833 2468 878 2499 ut
899 2461 1019 2514 vulgo
1067 2461 1266 2511 traditur,
1305 2463 1532 2513 exspirasse.

398 2513 442 2558 C.
464 2531 502 2570 7.
532 2515 647 2570 [629‚
673 2514 754 2568 12.]
791 2507 903 2563 ἄξια.
967 2517 1099 2570 Digna
1131 2530 1272 2569 nempe
1305 2514 1578 2568 magnitudine
1613 2513 1728 2552 istius

284 2570 453 2608 actionis
484 2578 523 2609 et
555 2572 713 2622 imperii
748 2572 950 2609 maiestate
985 2579 1025 2610 et
1072 2570 1312 2623 spectaculo.
1371 2569 1625 2607 Conieceram
1652 2567 1728 2607 ali-

284 2625 447 2675 quando
477 2622 603 2664 αἴσια.
662 2625 740 2663 Sed
779 2639 860 2664 non
893 2640 996 2679 opus
1026 2626 1227 2678 vulgatam
1260 2631 1427 2663 mutare.

371 2678 464 2728 364.
490 2680 543 2717 A.
569 2679 607 2717 6.
638 2680 749 2733 [630‚
772 2679 831 2732 5.]
861 2680 1128 2720 Ἀναστασιά.
1179 2680 1319 2719 Solum
1346 2678 1542 2716 Martinae
1573 2691 1718 2716 nomen

284 2731 434 2786 absque
460 2733 527 2772 illo
550 2735 682 2786 priore
712 2735 947 2778 Anastasiae
963 2765 974 2787 ,
997 2737 1152 2788 reperio
1177 2734 1284 2788 apud
1308 2734 1374 2772 Du
1395 2732 1605 2786 Cangium.
1626 2732 1727 2772 Con-
