1826 3126
0 2542 7 2583 ἓ

0 2655 6 2703 ,ἰ

253 221 327 262 An
367 218 666 262 consi-m.
703 216 901 258 roera.
942 216 1014 256 m:
1052 214 1234 258 cmm.
1278 216 1376 256 Lm.
1421 218 1453 255 ι.
1509 217 1576 270 ¹9

124 329 211 364 sose
237 324 410 364 invicem
452 321 643 361 inclinato
681 333 849 372 corpore
883 319 1112 358 adorarent.
1170 319 1263 369 Quo
1291 318 1396 358 sacto
1424 318 1574 358 Czarus

126 379 179 419 ad
205 379 399 418 thronum
436 389 621 416 reversus
659 374 890 428 expectabat
911 403 922 423 ,
971 374 1098 412 donec
1126 373 1362 413 Patriarcha
1388 387 1574 427 proceres

125 441 354 488 praesentes
382 439 421 472 et
447 430 642 486 populum
667 430 788 468 thure
816 442 929 468 sacro
957 430 1165 468 initiasset.
1223 429 1322 468 Post
1349 430 1576 468 interiectas

124 489 224 528 alias
261 489 506 528 ceremonias
544 485 814 538 procedebant
856 483 1010 536 aliquot
1048 483 1272 522 sacerdotes
1309 498 1400 522 cum
1438 484 1576 524 codice

128 557 243 584 sacro
271 542 486 583 admodum
514 539 721 594 splendide
737 546 955 592 compacto
969 568 981 588 ,
1011 538 1212 577 hexamito
1239 539 1364 577 rubro
1392 539 1576 580 involuto

126 613 220 638 eum
257 596 436 638 bucculis
464 597 594 636 aureis
622 602 662 634 et
689 595 854 648 gemmis
883 594 1055 647 ingentis
1082 595 1216 646 pretii.
1272 594 1333 632 Ex
1364 608 1410 632 eo
1438 595 1577 634 codice

126 652 320 693 incitabat
356 650 594 691 Patriarcha
619 657 772 689 textum
786 678 798 699 ,
843 649 1024 688 adstante
1052 649 1203 688 interea
1233 649 1481 700 Imperatore
1508 664 1575 689 ca-

126 709 210 762 pite
234 707 358 758 nudo,
412 708 602 746 Lectione
629 705 740 744 finita
767 704 979 744 accedebat
1007 703 1244 743 Patriarcha
1272 704 1321 741 ad
1352 705 1577 757 Imperato-

125 777 213 802 rem
239 777 332 802 cum
368 762 505 801 codice
519 791 531 811 ,
577 762 692 814 eique
730 760 846 799 illum
887 759 1148 799 osculandum
1176 758 1384 797 offerebat.
1443 760 1576 810 Quem

127 818 351 871 Imperator
376 831 537 871 unaque
555 815 814 855 Patriarchae
841 817 1006 853 manum
1024 814 1294 853 osculabatur.
1353 814 1446 864 Quo
1469 815 1574 854 sacto

127 873 248 912 ambo
289 873 340 912 ad
367 872 559 911 thronum
602 872 771 925 quisque
808 884 925 909 suum
954 870 1153 908 redibant.
1213 868 1312 907 Inde
1352 869 1576 910 sacerdotes

126 927 209 967 duo
246 929 425 967 codicem
465 941 624 970 sacrum
665 940 803 965 rursus
847 923 1094 964 auferebant.
1152 925 1376 977 Imperator
1416 931 1455 963 et
1492 924 1575 964 Pa-

127 983 304 1022 triarcha
333 983 625 1022 descendebant
652 981 702 1020 de
738 981 887 1020 throno
924 983 1093 1034 quisque
1135 994 1208 1019 suo
1236 986 1275 1018 et
1302 980 1576 1032 procedebant

129 1051 271 1078 versus
312 1051 460 1091 aquam
497 1044 691 1091 apertam.
749 1036 985 1075 Patriarcha
1012 1035 1276 1075 descendebat
1313 1034 1364 1073 ad
1393 1036 1477 1074 eius
1505 1050 1574 1074 su-

126 1093 329 1146 perficiem
370 1107 443 1146 per
486 1092 632 1148 gradus
669 1092 793 1131 factos
807 1121 819 1141 ,
868 1092 1114 1145 Imperatore
1160 1091 1319 1128 interim
1358 1104 1440 1129 non
1467 1097 1575 1130 tecto

54 1190 57 1193 ,
128 1162 268 1188 coram
294 1148 478 1188 cancellis
505 1149 710 1197 adstante,
755 1147 948 1200 quamdiu
975 1147 1284 1185 consecrationis
1312 1152 1424 1184 actus
1452 1146 1575 1184 dura-

129 1210 212 1253 ret,
243 1217 346 1257 quae
372 1202 518 1242 multas
546 1209 636 1257 post
663 1204 908 1242 ceremonias
935 1216 1012 1255 ope
1039 1202 1168 1240 crucis
1196 1214 1341 1239 aureae
1357 1230 1369 1250 ,
1416 1201 1483 1239 cui
1510 1203 1574 1239 in-

128 1265 233 1297 serta
260 1266 347 1297 erat
372 1266 511 1311 patera
538 1265 749 1311 argentea,
794 1257 929 1296 fiebat.
985 1258 1047 1296 Ea
1088 1263 1249 1309 peracta
1275 1269 1415 1294 rursus
1442 1257 1574 1309 impo-

127 1313 250 1367 nebat
277 1314 426 1353 Czarus
463 1328 536 1353 suo
564 1314 685 1366 capiti
712 1326 902 1352 coronam
919 1342 931 1362 ,
978 1319 1016 1351 et
1044 1311 1279 1350 Patriarcha
1307 1311 1384 1350 sibi
1411 1313 1575 1350 mitram

135 1367 427 1421 episcopalem,
457 1376 496 1408 et
523 1369 575 1407 ad
602 1369 794 1407 thronum
822 1370 990 1421 quisque
1017 1381 1134 1406 suum
1162 1366 1363 1405 redibant.
1418 1367 1576 1405 Deinde

135 1423 379 1463 afferebatur
405 1423 457 1463 ad
482 1423 760 1462 Patriarcham
789 1430 1039 1462 consecratae
1067 1437 1194 1475 aquae
1223 1420 1330 1476 [τοῦ
1362 1416 1577 1472 ἇγιάσμα-

127 1477 229 1531 τος]
266 1478 451 1517 nonnihil
488 1479 531 1517 in
568 1486 707 1532 patera
746 1486 930 1531 argentea
944 1509 955 1526 ‚
1000 1479 1098 1516 item
1125 1492 1220 1515 crux
1249 1490 1369 1515 aurea
1383 1505 1395 1524 ,
1443 1483 1482 1514 et
1510 1476 1575 1514 ad-

130 1532 362 1586 spergillum
381 1563 392 1582 ‚
440 1533 595 1586 singula
633 1536 675 1572 in
703 1533 867 1586 singulis
904 1532 1068 1571 scutulis
1096 1533 1306 1585 argenteis.
1366 1531 1470 1568 Cum
1496 1530 1574 1570 hoc

131 1595 327 1640 apparatu
354 1588 490 1626 adibat
516 1603 654 1626 rursus
693 1588 928 1626 Patriarcha
957 1588 1126 1625 Czarum
1142 1617 1154 1637 ,
1200 1587 1271 1638 qui
1298 1593 1418 1637 caput
1444 1585 1574 1623 nuda-

130 1640 227 1692 bat,
274 1656 434 1681 crucem
461 1657 623 1681 auream
651 1657 675 1681 a
701 1642 952 1694 patriarchae
988 1642 1124 1679 dextra
1162 1641 1338 1679 oblatam
1366 1639 1575 1678 osculaba-

129 1703 226 1747 tur,
255 1704 296 1735 et
322 1698 378 1737 sic
405 1698 568 1736 tandem
594 1711 698 1750 aqua
726 1703 953 1735 consecrata
972 1695 1301 1748 respergebatur3
1330 1695 1439 1747 quod
1467 1695 1575 1733 idem

131 1765 304 1790 coronae
330 1752 528 1805 imperiali
556 1759 596 1791 et
621 1751 777 1790 vexillis
805 1751 1079 1804 praesentibus
1106 1750 1241 1789 flebat.
1299 1750 1362 1788 Eo
1390 1749 1494 1788 facto
1522 1750 1575 1788 ad

130 1805 324 1857 thronum
361 1809 530 1861 quisque
568 1822 686 1846 suum
723 1807 895 1845 redibat.
951 1805 1178 1845 veniebant
1205 1805 1349 1844 deinde
1376 1804 1574 1858 archiepi-

132 1862 244 1914 scopi
270 1869 310 1900 et
336 1876 521 1915 proceres
549 1863 600 1901 ad
628 1861 885 1901 osculandam
899 1891 911 1911 ,
941 1874 1062 1914 quam
1092 1860 1229 1898 dextra
1257 1874 1329 1898 sua
1340 1860 1576 1899 Patriarcha

130 1916 309 1967 tenebat,
338 1931 500 1956 auream
526 1932 702 1967 crucem,
733 1917 956 1956 sacerdotes
984 1917 1191 1954 inferiores
1219 1914 1472 1967 respergebat
1492 1914 1576 1953 Ar-

132 1969 407 2026 chiepiscopus
447 1972 590 2025 aliquis
628 1972 735 2026 apud
763 1972 1040 2011 Patriarcham
1068 1978 1190 2009 stans.
1248 1970 1479 2008 Sacerdotes
1507 1969 1576 2008 alii

133 2040 158 2065 e
183 2026 347 2065 scutulis
374 2041 479 2081 aqua
505 2035 734 2067 consecrata
774 2027 902 2081 plenis
944 2026 1140 2080 populum
1179 2024 1460 2077 respergebant
1495 2026 1575 2063 cir-

25 2067 65 2118 ’,
133 2089 412 2121 cumstantem.
468 2083 749 2136 Undecunque
786 2082 1012 2122 confluebat
1058 2081 1180 2119 turba
1223 2080 1274 2118 ad
1312 2079 1576 2118 hauriendam

133 2149 398 2190 aquamtcum
426 2137 556 2177 situlis
583 2146 623 2177 et
646 2139 794 2177 urceis.
854 2139 928 2176 His
955 2137 1141 2176 omnibus
1167 2135 1338 2188 peractis
1363 2134 1575 2174 benedice-

132 2190 204 2228 bat
230 2191 466 2231 Patriarcha
492 2194 676 2232 manibus
703 2194 919 2232 decussatis
946 2199 1032 2242 ter,
1060 2193 1236 2244 primum
1255 2190 1425 2229 Czarum
1441 2219 1453 2240 ,
1482 2189 1576 2228 dein

135 2243 299 2284 elerum
326 2254 367 2285 et
392 2261 599 2300 proceres,
629 2257 668 2287 et
695 2250 815 2287 tertio
842 2247 999 2301 plebem
1019 2262 1031 2298 ς
1076 2260 1156 2300 quo
1185 2245 1288 2284 sacto
1311 2243 1458 2284 'ultimo
1483 2252 1575 2284 tan-

133 2299 227 2337 dem
270 2308 512 2354 protectores
553 2318 690 2343 rursus
732 2303 896 2342 abibant
911 2333 922 2353 ,
969 2310 1007 2342 et
1034 2309 1118 2340 tota
1146 2301 1343 2353 processio
1370 2300 1577 2353 repetebat

132 2356 299 2408 vestigia
328 2357 468 2395 eodem
494 2358 658 2409 ordine,
686 2373 767 2412 quo
794 2365 959 2397 venerat
978 2387 990 2409 ,
1019 2364 1058 2396 et
1087 2357 1169 2395 dies
1196 2355 1275 2394 ille·
1289 2355 1470 2394 hilariter
1486 2369 1577 2394 con-
1642 2359 1649 2368 ¹

133 2411 380 2449 sumebatur.
392 2429 409 2447 «ι
1300 2427 1302 2429 >

243 2465 445 2505 Hactenus
489 2466 646 2520 Anglus
682 2468 751 2507 ille
790 2466 1008 2506 Moubach.
1068 2467 1153 2505 Iam
1181 2464 1357 2506 redimus
1384 2466 1435 2505 ad
1463 2465 1576 2505 filum

134 2525 316 2559 nostmm
361 2529 400 2559 et
442 2522 654 2562 verbulum
693 2524 744 2562 de
771 2521 1089 2576 processionibus
1133 2521 1319 2560 civilibus
1359 2522 1544 2560 addimus
1561 2548 1574 2570 ‚

134 2587 237 2626 quae
263 2575 329 2614 vel
356 2577 635 2629 quotidianae,
664 2577 728 2617 vel
757 2578 975 2626 solemnes,
1005 2576 1067 2615 vel
1087 2577 1284 2629 peraticae
1311 2583 1439 2616 erant.
1469 2576 1578 2626 Quo·

115 2628 286 2679 ‚tidiana
313 2632 511 2683 processio
540 2640 625 2671 erat
652 2633 889 2671 Senatorum
905 2661 916 2681 ,
956 2645 1024 2675 seu
1051 2645 1263 2685 procerum
1291 2632 1333 2669 in
1362 2630 1495 2670 aulam
1523 2629 1577 2669 ad

135 2682 390 2723 salutandum
418 2686 646 2739 Principem
675 2695 714 2726 et
741 2689 791 2726 ad
819 2688 1062 2726 functionem
1079 2687 1141 2726 sui
1167 2688 1343 2725 muneris
1369 2699 1578 2738 exsequen-

138 2736 232 2776 dam
268 2742 608 2780 convenientium.
666 2743 775 2782 Haec
813 2750 915 2780 stata
954 2749 1061 2793 erat,
1109 2748 1149 2781 et
1174 2756 1256 2781 non
1296 2741 1576 2790 indicebatur,

138 2789 335 2847 fiebatque
361 2795 423 2834 his
450 2810 523 2850 per
547 2797 683 2848 diem,
711 2811 829 2837 mane
857 2805 895 2835 et
922 2810 1109 2850 vespere,
1138 2811 1208 2837 seu
1234 2803 1326 2850 post
1351 2794 1576 2835 meridiem.
