1884 3132
201 163 276 207 An
320 164 619 211 cousvu'r.
643 165 842 208 ponpa.
880 169 952 208 DE
985 166 1168 209 CERIM.
1208 166 1309 208 Lm.
1352 169 1404 207 11.
1447 150 1550 205 801

125 270 163 309 ci
192 267 377 308 vocabuli
409 271 494 308 vim
520 283 567 308 ex
594 282 704 308 more
718 271 965 308 Graecorum
996 269 1182 324 loquendi
1213 273 1289 310 isto
1315 285 1416 310 aevo
1443 272 1559 310 aesti-

119 325 316 363 -mandam
346 338 445 372 esse,
485 338 605 363 nemo
647 324 763 363 facile
805 332 935 376 neget.
995 326 1286 365 Oecumenicus
1328 340 1409 364 non
1448 334 1561 365 notat

124 376 415 426 ὲϋιίυενεαὶεηι,
456 379 526 418 sed
550 393 659 422 eum,
688 379 756 431 qui
785 379 875 417 orbi
902 381 1084 418 Romano
1101 411 1112 427 ,
1153 381 1191 420 id
1231 387 1289 419 est
1317 377 1558 434 Byzantinae

122 433 385 473 iurisdictioni
402 440 572 486 praeoet.
628 434 858 472 Oecumene
886 448 967 472 non
996 442 1054 473 est
1080 436 1188 474 orbis
1205 431 1273 474 illa
1297 450 1402 487 pars,
1434 451 1556 488 quam

123 488 339 528 Christiani
363 495 528 538 tenent,
570 487 640 526 sed
676 495 834 526 tantum
872 488 968 538 illa,
1009 504 1111 542 quae
1142 491 1361 544 Byzantino
1404 499 1559 543 sceptro

122 542 296 588 suberat.
353 541 397 581 Id
427 544 468 581 in
494 543 763 594 superioribus
791 543 1061 583 demonstravi
1105 552 1143 583 et
1182 545 1404 584 fuculenter
1433 560 1558 598 appa·
1583 542 1586 548 ’

121 603 186 636 ret
210 602 258 636 ex
285 597 486 637 Anastasii
515 596 706 636 Biblioth.
734 598 900 650 praefat.
930 598 981 636 ad
1011 600 1219 652 Synodum
1239 600 1359 638 VIL:
1413 600 1561 639 Graeci

41 673 46 678 ·
101 652 339 707 fiwsuenter
364 654 646 691 oecumenicum
662 681 674 702 ,
705 653 963 691 universalem
982 684 992 699 ,
1034 656 1075 692 in
1104 669 1152 693 ea
1188 655 1337 706 synodo
1368 657 1556 709 patriar-

120 708 236 745 cham
282 710 405 746 suum'
438 708 751 746 inconvenienter
795 708 1012 761 appellant.
1045 732 1099 740 -—
1143 709 1190 747 V
1184 725 1293 748 erum
1324 724 1409 748 cnm
1446 711 1559 764 apud

123 761 253 800 CPlin
274 763 422 816 positus
431 763 668 816 frequenter·
698 762 873 800 Graecos
899 777 1016 817 super
1039 765 1110 802 lzoc
1132 765 1324 805 vocabulo
1343 765 1556 817 redargue-

122 829 205 854 rem
226 845 239 866 ‚
279 817 494 863 asserebat,
543 817 652 871 quod
692 830 770 855 non
810 817 896 855 ideo
936 820 1214 857 oecumenicum
1231 848 1244 868 ,
1289 833 1404 874 quem
1444 822 1560 859 multi

119 871 380 916 :adversalem
425 870 669 926 interpretati
706 880 816 918 sunt,
870 872 1042 912 dicerent
1093 876 1365 927 patriarcham
1378 903 1389 921 ‚
1450 876 1559 930 quod

121 926 294 964 universi
317 927 420 965 orbis
445 934 571 964 teneat
592 927 872 980 praesulatum,
903 927 974 965 sed
999 929 1108 982 qnod
1130 930 1284 968 cza‘dam
1307 932 1423 984 parti
1449 932 1554 970 orbis

114 981 294 1034 praesit,
331 994 432 1036 qaae
468 995 495 1019 a
532 981 762 1019 Christianis
793 982 999 1024 habitatur,
1072 984 1186 1033 Quae
1225 984 1414 1022 adversus
1453 985 1553 1026 haec

120 1036 309 1087 oggannit
336 1034 599 1089 Cariophylus
627 1035 732 1087 apud
770 1035 994 1075 Habertum
1021 1035 1051 1074 l.
1082 1052 1119 1075 c.
1151 1039 1370 1078 Graeculus
1398 1054 1551 1092 novus,

121 1090 329 1129 vetustatis
355 1092 515 1143 ignarus
533 1120 544 1137 ,
592 1090 795 1129 Romanae
822 1091 925 1129 sedis
950 1093 1147 1143 parasitus
1186 1100 1226 1131 et
1258 1092 1551 1146 mercenarius,

119 1145 236 1183 nauci
265 1152 373 1184 sunt.
425 1140 613 1183 Notanda
638 1147 848 1198 praecipue
875 1147 999 1184 verba
1021 1146 1238 1197 Anastasii,
1267 1150 1380 1203 quod
1398 1151 1555 1189 cuidam

111 1199 224 1245 ,orbis
242 1201 356 1253 pas-ti
376 1201 527 1254 praesit
542 1229 552 1246 ,
583 1214 683 1254 quae
707 1215 734 1238 a
763 1201 994 1239 Christianis
1023 1202 1231 1241 habitatur.
1295 1204 1403 1242 Voce
1435 1205 1551 1243 Clari-

119 1254 332 1293 stianonem
369 1253 443 1292 soli
480 1254 695 1292 Christiani
723 1255 865 1293 Graeci
902 1257 1000 1294 iuris
1042 1263 1082 1295 et
1118 1264 1218 1295 ritus
1258 1257 1550 1310 intelliguntur.

117 1306 307 1347 Solebam.=
337 1309 443 1347 enim
470 1308 539 1347 illo
564 1315 743 1361 tempore
770 1309 986 1349 Christiani
1013 1311 1151 1349 eximie
1178 1312 1255 1349 dici
1272 1341 1284 1360 ,
1313 1314 1381 1364 qui
1410 1314 1551 1353 ortho-

119 1361 253 1412 doxe,
292 1366 367 1415 pro
402 1363 593 1416 cuiusque
630 1365 752 1416 partis
791 1365 1002 1416 opinione,
1042 1366 1161 1403 deum
1203 1365 1403 1415 colerent3
1443 1370 1548 1420 quod

119 1429 168 1455 eo
213 1431 295 1455 non
343 1418 534 1470 pertinet,
588 1431 634 1456 ac
680 1421 712 1457 si
768 1419 908 1457 caeteri
954 1420 1169 1458 Christiani
1225 1422 1326 1460 ritus
1371 1421 1551 1462 homines

114 1483 163 1510 eo
216 1471 334 1510 titulo
394 1478 640 1511 arcerentur.
727 1472 830 1512 Hinc
887 1477 1058 1526 reperies
1100 1476 1143 1512 in
1182 1475 1363 1515 formulis
1407 1477 1548 1517 inscri-

117 1525 300 1578 ptionum
343 1527 420 1567 hoc
457 1529 585 1579 capite
633 1526 813 1566 exhibitis
856 1527 1118 1582 Bulgarorum
1167 1530 1384 1582 principem
1430 1531 1547 1571 Chri-

114 1582 397 1622 stianissimum
449 1581 638 1635 appeliari
656 1610 666 1628 ‚
717 1583 942 1635 principum
986 1584 1287 1622 occidentalium
1331 1587 1546 1626 neminem.

118 1635 194 1674 lue
244 1650 387 1689 nempe
423 1636 615 1690 Bulgarus
666 1638 863 1675 Graecum
899 1640 1020 1676 ritum
1066 1639 1319 1691 sequebatur.
1394 1641 1549 1681 Eodem

118 1689 238 1730 modo
294 1692 427 1731 Latini
482 1707 642 1745 quoque
695 1693 867 1730 Graecos
930 1693 1047 1732 titulo
1105 1693 1421 1733 Christianorum
1477 1711 1547 1734 ex-

111 1744 360 1798 cludebant3
413 1761 454 1786 v.
497 1748 606 1786 locus
644 1746 852 1787 wilhelmi
890 1747 1029 1801 Tyrii,
1074 1762 1192 1800 quem
1221 1748 1272 1787 ad
1305 1749 1546 1790 Abulsedam

119 1803 272 1840 notavi.

205 1855 300 1908 395.
331 1855 379 1893 B.
400 1869 440 1893 2.
472 1855 581 1909 [681‚
605 1853 660 1907 5.]
690 1850 868 1902 πάππος.
933 1855 994 1894 Ut
1021 1857 1062 1895 in
1091 1858 1177 1896 foro
1204 1866 1244 1896 et
1271 1859 1389 1898 rebus
1415 1859 1545 1898 civili-

119 1908 198 1948 hus
224 1910 328 1949 filius
355 1910 532 1962 adoptati
560 1924 683 1962 nepos
710 1918 795 1948 erat
822 1911 1071 1963 adoptantis,
1115 1920 1159 1951 ut
1198 1920 1303 1965 patet
1337 1927 1359 1951 e
1387 1913 1545 1952 Cassio-

120 1963 210 2002 dori
226 1963 338 2016 VIII.
364 1964 491 2016 Epist,
525 1979 560 2003 1.
577 1979 589 2003 ε
620 1979 760 2018 pacem
788 1979 864 2004 non
903 1967 1129 2021 longinquas
1144 1998 1153 2014 ,
1201 1968 1271 2006 sed
1300 1969 1545 2022 propinquus·

116 2027 228 2072 peto,
263 2020 357 2073 quia
381 2028 471 2057 tunc
509 2021 609 2058 mila·
640 2019 799 2058 dedistis
834 2022 1012 2072 gratiam
1054 2024 1222 2076 nepotis,
1267 2023 1423 2076 qnando
1458 2037 1542 2062 meo

113 2075 274 2126 parenti
311 2073 464 2125 gaudia
499 2075 760 2128 adoptationis
790 2077 1060 2128 praestz'ttlsttsz
1102 2079 1157 2114 ita
1197 2078 1240 2114 in
1287 2077 1375 2115 foro
1429 2089 1541 2116 sacro

120 2141 280 2180 quoque
306 2127 412 2167 filius
439 2129 546 2176 eius,
574 2130 644 2181 qui
671 2129 722 2166 ab
749 2128 882 2181 aliquo
910 2131 950 2167 in
979 2130 1104 2168 filium
1148 2131 1392 2183 spiritualem
1433 2146 1542 2170 rece-

118 2182 255 2234 ptione
281 2196 303 2221 e
329 2183 527 2235 baptismo
554 2184 762 2235 adoptatus
802 2184 938 2223 fuisset
959 2214 969 2232 ,
1012 2199 1133 2237 nepos
1173 2186 1398 2237 adoptantis
1441 2194 1543 2225 erat.

119 2237 270 2275 Debuit
296 2249 404 2290 ergo,
433 2252 558 2290 quum
586 2238 682 2276 haec
711 2238 880 2277 formula
909 2240 948 2277 in
979 2253 1054 2277 usu
1081 2239 1195 2278 aulae
1212 2241 1398 2279 CPtanae
1424 2249 1538 2287 esset,

120 2291 188 2330 ille
214 2305 420 2344 regnasse,
450 2295 519 2346 qui
547 2292 760 2345 Bulgarum
788 2296 1006 2346 principem
1030 2295 1182 2346 primus
1209 2295 1259 2333 ad
1275 2295 1542 2334 Christianam

122 2345 241 2384 fidem
269 2347 514 2398 admisisset,
544 2348 629 2399 ipso
659 2346 726 2385 illo
754 2347 924 2400 Bulgaro
951 2350 1028 2386 iam
1058 2351 1159 2388 vivis
1197 2358 1347 2388 exemto
1389 2357 1428 2388 et
1458 2351 1541 2390 filio

120 2407 240 2453 atque
267 2414 490 2440 successore
516 2403 599 2440 eius
626 2404 848 2453 superstite.
907 2403 993 2441 Non
1026 2411 1155 2455 potest
1182 2404 1257 2442 hoc
1284 2407 1323 2442 in
1346 2403 1422 2443 alia
1447 2412 1542 2444 tem·

120 2469 242 2507 pora,
270 2465 392 2508 quam
418 2464 590 2495 extrema
616 2456 747 2494 Basilii
775 2458 1002 2496 Macedonis
1030 2458 1168 2497 cadere
1184 2487 1195 2508 ,
1236 2473 1316 2511 quo
1346 2460 1509 2512 Bogoris
1525 2490 1537 2507 ,

122 2511 277 2603 ἓζίῃωυε
304 2511 565 2564 Bulgarorum
596 2509 844 2550 Christianus
872 2514 1053 2564 princeps
1069 2543 1079 2559 ,
1126 2521 1165 2551 et
1193 2514 1277 2551 eius
1303 2514 1372 2553 filii
1397 2529 1540 2567 regna-

205 2571 243 2614 t3
277 2566 359 2604 vid.
392 2567 459 2604 Du
487 2566 621 2618 Cange
658 2564 803 2604 Famil.
847 2567 1009 2618 Byzant.
1047 2582 1086 2619 p.
1122 2568 1214 2606 310.
1256 2569 1348 2607 511.
1418 2569 1539 2619 Quod

125 2625 256 2658 autem
283 2620 403 2673 paulo
430 2627 518 2673 post
558 2621 728 2666 dicitur,
781 2628 976 2659 mutatum
1015 2635 1157 2660 nornen
1201 2624 1274 2661 avi
1310 2631 1350 2662 et
1393 2626 1539 2678 nepotis

123 2674 283 2724 nomine
303 2677 431 2729 patris
457 2675 599 2729 etfilii
626 2675 744 2713 fuisse
760 2703 771 2718 ,
807 2675 847 2713 id
884 2677 1066 2725 congruit
1093 2679 1132 2715 iu
1162 2684 1340 2730 tempora
1369 2680 1538 2718 Romani

122 2725 315 2780 Lecapeni
343 2737 382 2768 et
407 2730 517 2770 Petri
546 2727 726 2782 Bulgari‚
757 2729 826 2769 mii
852 2731 1056 2783 Symeonis
1076 2761 1086 2779 ‚
1117 2733 1186 2784 qui
1211 2733 1379 2772 Romani
1408 2748 1429 2773 e
1449 2735 1538 2774 Ste³

174 2802 434 2839 Constantinus
458 2805 629 2851 Porphyr.
662 2805 735 2839 Vol.
761 2806 807 2839 11.
1238 2809 1276 2842 5¹
