1884 3132
305 143 419 198 806
580 163 651 204 ιο.
695 163 801 204 1Ac.
844 164 1043 204 mnsKn
1093 163 1475 208 COMMENTARn

305 268 365 306 dit
402 267 513 307 b‘ulla
549 268 674 306 unius·
697 267 825 307 solidi.
884 269 1018 319 Quam
1044 269 1175 308 tenuis
1196 268 1334 307 debuit
1363 266 1459 308 talis⁴
1472 267 1632 311 bractea
1663 270 1755 311 suis-

308 325 381 371 sc!
434 322 620 361 Nobilius
655 331 789 362 tamen
816 322 881 362 vel
911 324 965 362 sic
1002 338 1161 377 quoque
1191 323 1303 363 bulla
1332 338 1453 363 aurea
1485 325 1754 374 uniussolidi

307 392 419 416 more
450 378 637 425 illorum,
667 380 762 431 qui,
794 378 1046 417 affectatione
1068 379 1315 418 humilitatis
1337 380 1529 419 avaritiae
1557 387 1598 418 et
1624 382 1754 420 censi-

306 432 383 471 bus
426 435 508 472 suis
541 433 659 472 valde
692 434 875 479 favente,
919 436 1079 472 nonnisi
1117 434 1315 487 plumbeis
1347 434 1468 474 bullis
1514 434 1753 491 utebantur²

307 489 468 526 nonnisi
494 488 707 541 plumbum
738 489 789 527 ad
818 489 916 528 alios
942 488 1153 529 mittebant
1171 520 1182 539 ‚
1225 503 1368 529 aurum
1411 490 1487 528 sibi
1527 490 1757 530 servabant.

310 544 481 596 Dignius
509 545 754 596 Imperatore
786 559 826 583 se
871 546 988 596 gessit
1021 544 1188 583 Carolus
1220 546 1309 595 M.,
1354 558 1475 598 quem
1514 547 1756 585 monasterio

308 598 470 637 cuidam
495 599 805 652 Compendicnsi
839 599 1015 652 diploma
1042 599 1266 638 donationis
1305 613 1397 638 cum
1432 614 1606 653 appensa
1644 599 1756 640 bulla

309 667 430 692 aurea
473 661 563 692 octo
613 654 674 693 vel
709 654 846 693 decem
894 655 1058 694 ducatos
1105 669 1246 694 aureos
1285 655 1482 708 pendente
1520 656 1757 695 concessisse

308 714 447 747 narrat
476 709 544 747 Du
567 709 703 761 Gange
739 724 779 747 v.
803 709 948 759 Bulla3
982 710 1065 749 vid.
1095 709 1264 749 dicenda
1291 710 1342 748 ad
1370 725 1411 763 p.
1437 709 1530 764 398.
1552 711 1599 753 B.
1628 725 1691 749 Η.

418 765 462 804 Β.
488 778 547 803 10.
575 763 692 818 [686,
718 764 802 818 14]
832 763 1228 815 πρωτοσύμβουλον,
1296 765 1575 804 Confuderunt
1613 766 1757 805 Graeci

310 829 636 868 Amz‘ralomara'i
681 820 798 883 aljub'l
834 829 911 887 fil
947 845 1015 869 seu
1051 832 1272 886 principem
1299 832 1526 886 principum
1578 830 1644 871 vel
1686 845 1756 869 ar-

309 887 486 924 cleontem
522 887 751 924 archontum
772 915 783 936 ,
851 900 955 938 quac
1002 887 1043 924 in
1092 885 1184 925 aula
1232 885 1453 939 Bagdadica
1501 887 1631 938 prima
1670 893 1758 939 post

311 939 508 978 Clxalisam
545 940 719 993 dignitas
776 947 861 979 erat
914 948 953 980 et
994 942 1128 979 omnia
1176 941 1335 979 nomine
1375 940 1555 980 Chalifae
1591 941 1758 995 agebat,

311 1010 404 1033 oum
435 995 616 1046 Clealffa,
651 1002 697 1032 ut
728 995 823 1033 huic
853 995 1016 1034 titulum
1044 996 1294 1044 tribuerent,
1326 998 1395 1048 qui
1428 996 1534 1035 illius
1572 1004 1688 1047 erat3
1719 1004 1758 1035 et

311 1056 517 1101 practerea
546 1064 684 1088 vocem
711 1050 831 1088 Amir
857 1050 935 1088 alia
964 1052 1154 1101 notione,
1193 1065 1313 1102 quam
1348 1050 1467 1103 vulgo
1495 1065 1578 1090 non
1612 1050 1775 1100 habet„

310 1104 461 1143 habere
491 1112 625 1143 tamen
655 1119 727 1156 per
756 1106 950 1144 rationem
985 1105 1143 1158 linguae
1174 1105 1368 1144 Arabicae
1398 1113 1528 1159 potest
1546 1135 1558 1155 ‚
1587 1107 1757 1158 accipie-

313 1158 426 1197 bant.
502 1159 663 1198 Scilicet
691 1160 845 1198 Amara
890 1160 1085 1208 verbum,
1131 1161 1243 1212 quod
1285 1161 1381 1199 alias
1417 1162 1611 1215 imperare
1647 1168 1763 1200 notat

311 1222 351 1252 et
397 1214 551 1263 iubere,
603 1214 720 1253 dcbct
763 1229 924 1268 quoque
976 1216 1176 1254 interdum
1219 1223 1359 1254 notare
1396 1216 1601 1254 consilium
1639 1216 1754 1255 dare.

311 1269 403 1308 Hoc
432 1275 542 1321 patet
569 1269 675 1307 clare
717 1284 761 1308 ex
792 1277 931 1309 octava
966 1271 1048 1308 eius
1086 1270 1199 1309 verbi
1233 1271 1537 1323 coniugatione,
1565 1285 1669 1324 quae
1702 1279 1762 1310 est

306 1327 422 1386 ‘ro-155,
458 1335 668 1386 Icamara,
692 1343 731 1374 et
753 1343 867 1374 notat
893 1331 1197 1388 βουλεύεσθαι,
1225 1336 1302 1374 sibi
1326 1337 1527 1375 consiliam
1555 1337 1606 1378 ab
1634 1337 1766 1376 altero>

306 1409 440 1455 petere
474 1400 535 1438 vel
567 1416 730 1440 sumere.
795 1401 904 1454 Ergo
915 1394 1017 1455 5510ss
1046 1402 1168 1442 Amir
1196 1403 1261 1442 vel
1284 1402 1326 1440 E
1329 1403 1421 1454 mir,
1451 1409 1509 1441 est
1535 1416 1582 1441 ea
1604 1403 1760 1445 ratione

311 1467 471 1520 aliquis,
509 1468 574 1504 cai
605 1468 813 1506 consiliam
839 1467 970 1506 datur.
1027 1469 1137 1521 Ergo
1162 1458 1284 1526 ⁵552?ss
1313 1461 1400 1523 53⁸5
1443 1467 1763 1507 Amiralomara'i

315 1528 422 1561 recte
451 1529 580 1574 potest
600 1524 703 1561 verti
726 1524 877 1578 primus
895 1524 1170 1574 consultorum,
1192 1519 1586 1575 πρωτοσύμβουλος,
1615 1537 1760 1575 quam-

316 1577 381 1615 vis
424 1576 625 1616 ordinarie
666 1576 789 1616 soleat
832 1578 1033 1617 Arabibus
1082 1580 1337 1632 imperantem
1373 1579 1651 1632 imperantium
1685 1592 1760 1617 no-

314 1638 413 1674 tare.
473 1632 634 1671 Arabici
667 1640 802 1671 tamen
835 1635 1045 1687 scriptores
1077 1633 1272 1683 sollicite,
1306 1640 1352 1671 ut
1379 1631 1455 1686 par
1483 1640 1594 1683 erat,
1625 1632 1767 1686 digni--

318 1693 420 1726 tates
447 1686 622 1726 diversas
665 1688 843 1726 Chalifae
873 1696 912 1727 et
936 1688 1137 1727 archontis
1171 1688 1411 1727 archontum
1440 1686 1506 1727 vel
1534 1694 1761 1741 protosym-

318 1740 404 1779 buli
436 1741 709 1794 distinguunt,
739 1750 877 1782 contra
904 1758 1025 1797 quam
1048 1744 1192 1782 Gracci
1222 1743 1428 1781 fecerunt:
1458 1756 1578 1796 quem
1607 1757 1762 1782 morem

316 1795 514 1838 scholium
550 1797 771 1836 subiectum
800 1806 906 1837 recte
935 1799 1205 1852 reprehendit.
1262 1797 1479 1851 Exempla‚.
1496 1798 1566 1836 ubi
1585 1797 1763 1837 Chalifae

316 1850 617 1904 Protosymbuli
651 1851 903 1905 appellantur
931 1869 953 1892 a
980 1855 1142 1892 Graecis
1171 1853 1443 1906 scriptoribus,
1470 1859 1622 1891 exstant
1651 1852 1760 1905 apud

317 1906 559 1958 Theophan.
594 1922 635 1960 p.
655 1909 745 1960 509.
775 1908 820 1951 C,
837 1907 876 1946 8.
897 1909 993 1962 329.
1029 1908 1132 1947 B.6.
1164 1908 1258 1947 562.
1292 1909 1344 1951 D.
1371 1907 1449 1947 ult.
1504 1908 1674 1961 Insignis
1703 1914 1762 1946 est

318 1959 432 1999 locus
489 1961 596 2014 apud
646 1963 807 2001 Seldcn.
854 1963 904 2001 de
946 1963 1076 2002 Titul.
1126 1963 1282 2002 Honor.
1334 1977 1372 2015 p.
1407 1963 1474 2005 50.
1511 1977 1556 2002 ex
1596 1961 1762 2015 epistola

314 2015 512 2059 Ludovici
542 2016 603 2055 ll.
630 2018 682 2055 ad
713 2017 902 2059 Basiliam
938 2017 1195 2057 Macedonem
1213 2048 1225 2069 ,
1270 2017 1342 2056 ubi
1363 2018 1413 2071 de
1437 2016 1556 2056 titulo
1583 2018 1761 2057 Basileus

318 2083 411 2108 cum
446 2086 492 2110 eo
525 2073 705 2120 rixatur,
747 2087 919 2125 eumque
948 2073 998 2111 ad
1039 2088 1080 2112 sc
1121 2087 1279 2126 quoquc
1314 2074 1512 2125 pertinere
1546 2072 1762 2115 contendit.

317 2125 401 2163 Sed
425 2141 493 2164 nec
523 2128 592 2164 lzoc
631 2127 890 2166 admiratione
925 2137 1055 2178 caret,
1102 2130 1157 2166 ait
1172 2157 1184 2178 ‚
1227 2128 1334 2182 quod
1372 2128 1536 2176 asseris,
1581 2126 1760 2167 Arabum

311 2181 537 2236 principem
584 2181 921 2232 Protosymbzdam
963 2183 1045 2221 dici
1056 2212 1067 2234 ,
1110 2197 1197 2222 cam
1235 2185 1278 2221 in
1320 2183 1582 2221 voluminibus
1621 2183 1762 2220 nostris

317 2236 421 2272 nileil
447 2237 524 2274 tale
555 2238 795 2289 mperatum,
845 2247 884 2276 et
909 2239 1030 2277 vestri
1055 2238 1203 2276 codices
1233 2237 1348 2276 modo
1380 2237 1604 2290 Archigon,
1645 2236 1762 2275 modo

319 2303 446 2341 regem
474 2292 540 2328 vel
572 2292 741 2345 quolibet
777 2293 859 2330 alio
896 2293 1083 2332 vocabulo
1123 2301 1356 2346 nuncupent.
1410 2291 1494 2330 Sed
1531 2305 1600 2330 nos
1635 2292 1762 2330 omni-

316 2344 384 2381 hm
428 2346 564 2384 litteris
602 2360 733 2384 sacram
753 2379 756 2382 .
775 2348 986 2399 scripturas
1008 2348 1271 2400 praafferimas
1289 2377 1301 2397 ‚
1350 2361 1449 2400 quae
1493 2361 1571 2385 non
1611 2345 1760 2394 Proto-

318 2399 512 2451 symlndos
531 2429 542 2448 ‚
581 2401 651 2438 secl
684 2416 789 2453 reges
818 2401 992 2439 Arabiae
1019 2411 1058 2440 et
1094 2401 1222 2441 Sabae
1258 2402 1462 2455 perspicue
1497 2400 1758 2455 prfftentur5

320 2452 548 2505 Cleaganam
568 2470 661 2494 vero
694 2469 772 2494 non
811 2457 1039 2496 Praelatam
1081 2450 1303 2509 [ἄρχοντα]
1323 2454 1523 2506 Avarum,
1550 2469 1629 2504 non
1658 2453 1760 2492 Cho-

319 2521 499 2546 zarormn
515 2540 524 2554 ‚
576 2519 644 2547 aut
680 2510 1037 2551 Northmamzorum
1062 2510 1152 2564 [ita
1199 2524 1246 2549 eo
1287 2518 1467 2562 tempore
1511 2507 1765 2562 appellabant

320 2575 421 2612 quos
458 2577 528 2602 nos
569 2563 687 2603 hodie
715 2565 860 2603 Russos
897 2573 936 2603 et
963 2567 1130 2605 Tataros
1157 2563 1343 2617 dicimus]
1373 2565 1589 2618 nuncupari
1613 2564 1764 2615 reperi-

320 2628 403 2658 mus
419 2645 429 2660 ,
472 2632 597 2672 neque
626 2618 851 2673 Principem
893 2620 1114 2672 Balgarzcm
1132 2650 1142 2668 ,Ι
1178 2619 1248 2658 sed
1293 2633 1419 2672 regem
1459 2618 1526 2656 vel
1562 2618 1762 2656 dominam

322 2669 554 2720 Bulgarwn.
614 2673 773 2724 Ergone
802 2675 902 2712 sacri
934 2675 1088 2713 codices
1129 2689 1266 2713 eorum
1306 2682 1532 2725 temporum
1568 2671 1763 2725 pleniores

321 2725 464 2768 nostris
493 2732 531 2763 ct
559 2726 606 2766 de
641 2728 802 2767 Cli-alifis
834 2729 1148 2780 Saracenorum,
1177 2729 1228 2770 de
1265 2728 1464 2783 Chaganis
1493 2726 1765 2779 Chazarormq
