<?xml version="1.0" encoding="UTF-8"?>
<!DOCTYPE html PUBLIC "-//W3C//DTD XHTML 1.0 Transitional//EN"
    "http://www.w3.org/TR/xhtml1/DTD/xhtml1-transitional.dtd">
<html xmlns="http://www.w3.org/1999/xhtml" xml:lang="en" lang="en">
 <head>
  <title>
</title>
<meta http-equiv="Content-Type" content="text/html;charset=utf-8" />
  <meta name='ocr-system' content='tesseract 3.04.00' />
  <meta name='ocr-capabilities' content='ocr_page ocr_carea ocr_par ocr_line ocrx_word'/>
</head>
<body>
  <div class='ocr_page' id='page_1' title='image "./corpusscriptorum08niebuoft/corpusscriptorum08niebuoft_0393.png"; bbox 0 0 1884 3132; ppageno 0'>
   <div class='ocr_carea' id='block_1_1' title="bbox 147 112 1582 197">
    <p class='ocr_par' dir='ltr' id='par_1_1' title="bbox 147 112 1582 197">
     <span class='ocr_line' id='line_1_1' title="bbox 147 112 1582 197; baseline 0 -3"><span class='ocrx_word' id='word_1_1' title='bbox 147 112 163 126; x_wconf 29' lang='grc' dir='ltr'><strong><em>Α</em></strong></span> <span class='ocrx_word' id='word_1_2' title='bbox 231 151 306 194; x_wconf 78' lang='lat' dir='ltr'><strong>An</strong></span> <span class='ocrx_word' id='word_1_3' title='bbox 346 151 640 195; x_wconf 70' lang='lat' dir='ltr'><strong>coNsTAm.</strong></span> <span class='ocrx_word' id='word_1_4' title='bbox 688 153 885 196; x_wconf 69' lang='lat' dir='ltr'><strong>Pomm.</strong></span> <span class='ocrx_word' id='word_1_5' title='bbox 930 156 1002 196; x_wconf 80' lang='lat' dir='ltr'><strong>m:</strong></span> <span class='ocrx_word' id='word_1_6' title='bbox 1038 154 1218 197; x_wconf 68' lang='lat' dir='ltr'><strong>cmm.</strong></span> <span class='ocrx_word' id='word_1_7' title='bbox 1254 155 1352 196; x_wconf 74' lang='lat' dir='ltr'><strong>un.</strong></span> <span class='ocrx_word' id='word_1_8' title='bbox 1394 157 1426 197; x_wconf 82' lang='grc' dir='ltr'><strong>ι.</strong></span> <span class='ocrx_word' id='word_1_9' title='bbox 1469 136 1582 195; x_wconf 84' lang='grc'><strong>385</strong></span> 
     </span>
    </p>
   </div>
   <div class='ocr_carea' id='block_1_2' title="bbox 86 253 1582 2762">
    <p class='ocr_par' dir='ltr' id='par_1_2' title="bbox 86 253 1582 2487">
     <span class='ocr_line' id='line_1_2' title="bbox 153 253 1581 311; baseline 0.004 -17"><span class='ocrx_word' id='word_1_10' title='bbox 153 264 254 295; x_wconf 80' lang='lat' dir='ltr'><strong>num</strong></span> <span class='ocrx_word' id='word_1_11' title='bbox 281 262 380 304; x_wconf 75' lang='lat' dir='ltr'><strong>exat,</strong></span> <span class='ocrx_word' id='word_1_12' title='bbox 412 253 437 296; x_wconf 79' lang='grc' dir='ltr'>ὅ</span> <span class='ocrx_word' id='word_1_13' title='bbox 466 257 540 310; x_wconf 83' lang='grc' dir='ltr'><strong><em>τῆς</em></strong></span> <span class='ocrx_word' id='word_1_14' title='bbox 568 257 788 311; x_wconf 79' lang='grc' dir='ltr'><strong><em>βασιλικῆς</em></strong></span> <span class='ocrx_word' id='word_1_15' title='bbox 825 256 1135 309; x_wconf 69' lang='grc' dir='ltr'><strong><em>μεγαλοδωρίας</em></strong></span> <span class='ocrx_word' id='word_1_16' title='bbox 1159 255 1364 310; x_wconf 79' lang='grc' dir='ltr'><strong><em>χορηγὸς,</em></strong></span> <span class='ocrx_word' id='word_1_17' title='bbox 1399 266 1444 299; x_wconf 90' lang='lat' dir='ltr'><strong>ut</strong></span> <span class='ocrx_word' id='word_1_18' title='bbox 1470 258 1581 300; x_wconf 80' lang='lat' dir='ltr'><strong>The-</strong></span> 
     </span>
     <span class='ocr_line' id='line_1_3' title="bbox 155 311 1581 365; baseline 0.004 -16"><span class='ocrx_word' id='word_1_19' title='bbox 155 311 309 349; x_wconf 81' lang='lat' dir='ltr'><strong>mistius</strong></span> <span class='ocrx_word' id='word_1_20' title='bbox 336 312 391 350; x_wconf 89' lang='lat' dir='ltr'><strong>ait</strong></span> <span class='ocrx_word' id='word_1_21' title='bbox 419 326 509 365; x_wconf 86' lang='lat' dir='ltr'><strong>pag.</strong></span> <span class='ocrx_word' id='word_1_22' title='bbox 533 326 626 351; x_wconf 83' lang='lat'>201.</span> <span class='ocrx_word' id='word_1_23' title='bbox 647 313 692 351; x_wconf 91' lang='lat' dir='ltr'><strong>B.</strong></span> <span class='ocrx_word' id='word_1_24' title='bbox 710 312 748 352; x_wconf 88' lang='lat'><strong>8.</strong></span> <span class='ocrx_word' id='word_1_25' title='bbox 764 342 776 363; x_wconf 90' lang='lat'><strong>,</strong></span> <span class='ocrx_word' id='word_1_26' title='bbox 820 314 886 351; x_wconf 80' lang='lat' dir='ltr'><strong>cui</strong></span> <span class='ocrx_word' id='word_1_27' title='bbox 906 314 1168 352; x_wconf 71' lang='lat' dir='ltr'><strong>thesaur-onan</strong></span> <span class='ocrx_word' id='word_1_28' title='bbox 1190 315 1360 352; x_wconf 85' lang='lat' dir='ltr'><strong>omnium</strong></span> <span class='ocrx_word' id='word_1_29' title='bbox 1391 315 1581 355; x_wconf 81' lang='lat' dir='ltr'><strong>mandata</strong></span> 
     </span>
     <span class='ocr_line' id='line_1_4' title="bbox 152 365 1579 420; baseline 0.005 -17"><span class='ocrx_word' id='word_1_30' title='bbox 152 365 328 404; x_wconf 75' lang='lat' dir='ltr'><strong>custodia</strong></span> <span class='ocrx_word' id='word_1_31' title='bbox 358 375 397 404; x_wconf 83' lang='lat' dir='ltr'><strong>et</strong></span> <span class='ocrx_word' id='word_1_32' title='bbox 427 367 663 420; x_wconf 78' lang='lat' dir='ltr'><em>dispensatio</em></span> <span class='ocrx_word' id='word_1_33' title='bbox 703 367 924 420; x_wconf 78' lang='lat' dir='ltr'><strong>largiendi,</strong></span> <span class='ocrx_word' id='word_1_34' title='bbox 961 374 1007 406; x_wconf 90' lang='lat' dir='ltr'><strong>ut</strong></span> <span class='ocrx_word' id='word_1_35' title='bbox 1045 368 1273 406; x_wconf 86' lang='lat' dir='ltr'><strong>Mamertini</strong></span> <span class='ocrx_word' id='word_1_36' title='bbox 1312 369 1444 408; x_wconf 83' lang='lat' dir='ltr'><strong>verbis</strong></span> <span class='ocrx_word' id='word_1_37' title='bbox 1470 377 1579 411; x_wconf 85' lang='lat' dir='ltr'><strong>utar.</strong></span> 
     </span>
     <span class='ocr_line' id='line_1_5' title="bbox 143 419 1582 476; baseline 0.003 -18"><span class='ocrx_word' id='word_1_38' title='bbox 143 419 366 459; x_wconf 85' lang='lat' dir='ltr'><strong>-Gaudebat</strong></span> <span class='ocrx_word' id='word_1_39' title='bbox 391 421 634 460; x_wconf 84' lang='lat' dir='ltr'><strong>vocabulum</strong></span> <span class='ocrx_word' id='word_1_40' title='bbox 661 422 886 474; x_wconf 80' lang='lat' dir='ltr'><em>largitiones</em></span> <span class='ocrx_word' id='word_1_41' title='bbox 913 421 982 460; x_wconf 90' lang='lat' dir='ltr'><strong>illo</strong></span> <span class='ocrx_word' id='word_1_42' title='bbox 1009 435 1108 460; x_wconf 90' lang='lat' dir='ltr'><strong>aevo</strong></span> <span class='ocrx_word' id='word_1_43' title='bbox 1123 453 1134 469; x_wconf 92' lang='lat'>‚</span> <span class='ocrx_word' id='word_1_44' title='bbox 1170 423 1283 461; x_wconf 86' lang='lat' dir='ltr'><strong>cuius</strong></span> <span class='ocrx_word' id='word_1_45' title='bbox 1313 423 1582 476; x_wconf 76' lang='lat' dir='ltr'>fragmentum</span> 
     </span>
     <span class='ocr_line' id='line_1_6' title="bbox 153 472 1581 530; baseline 0.005 -18"><span class='ocrx_word' id='word_1_46' title='bbox 153 472 230 512; x_wconf 82' lang='lat' dir='ltr'><strong>hoc</strong></span> <span class='ocrx_word' id='word_1_47' title='bbox 257 481 336 524; x_wconf 82' lang='lat' dir='ltr'><strong>est,</strong></span> <span class='ocrx_word' id='word_1_48' title='bbox 365 475 608 515; x_wconf 90' lang='lat' dir='ltr'><strong>Iustinianeo</strong></span> <span class='ocrx_word' id='word_1_49' title='bbox 634 483 756 528; x_wconf 87' lang='lat' dir='ltr'><strong>puta,</strong></span> <span class='ocrx_word' id='word_1_50' title='bbox 784 477 940 530; x_wconf 86' lang='lat' dir='ltr'><strong>gemina</strong></span> <span class='ocrx_word' id='word_1_51' title='bbox 967 478 1145 516; x_wconf 81' lang='lat' dir='ltr'><strong>notione.</strong></span> <span class='ocrx_word' id='word_1_52' title='bbox 1204 478 1388 516; x_wconf 89' lang='lat' dir='ltr'><strong>Primum</strong></span> <span class='ocrx_word' id='word_1_53' title='bbox 1415 480 1581 520; x_wconf 90' lang='lat' dir='ltr'><strong>notabat</strong></span> 
     </span>
     <span class='ocr_line' id='line_1_7' title="bbox 151 527 1579 588; baseline 0.006 -22"><span class='ocrx_word' id='word_1_54' title='bbox 151 527 363 568; x_wconf 85' lang='lat' dir='ltr'><strong>thesauros</strong></span> <span class='ocrx_word' id='word_1_55' title='bbox 389 529 568 582; x_wconf 89' lang='lat' dir='ltr'><strong>publicos</strong></span> <span class='ocrx_word' id='word_1_56' title='bbox 584 559 596 581; x_wconf 87' lang='lat'>‚</span> <span class='ocrx_word' id='word_1_57' title='bbox 636 531 773 570; x_wconf 86' lang='lat' dir='ltr'><strong>fiscum</strong></span> <span class='ocrx_word' id='word_1_58' title='bbox 792 560 804 580; x_wconf 89' lang='lat'>‚</span> <span class='ocrx_word' id='word_1_59' title='bbox 846 533 1043 569; x_wconf 87' lang='lat' dir='ltr'><strong>aerarium</strong></span> <span class='ocrx_word' id='word_1_60' title='bbox 1084 545 1294 570; x_wconf 88' lang='lat' dir='ltr'><strong>commune</strong></span> <span class='ocrx_word' id='word_1_61' title='bbox 1311 562 1323 582; x_wconf 89' lang='lat'>‚</span> <span class='ocrx_word' id='word_1_62' title='bbox 1363 534 1471 586; x_wconf 90' lang='lat' dir='ltr'><strong>quod</strong></span> <span class='ocrx_word' id='word_1_63' title='bbox 1507 537 1579 588; x_wconf 88' lang='lat' dir='ltr'><strong>qui</strong></span> 
     </span>
     <span class='ocr_line' id='line_1_8' title="bbox 151 582 1580 639; baseline 0.005 -18"><span class='ocrx_word' id='word_1_64' title='bbox 151 582 475 623; x_wconf 83' lang='lat' dir='ltr'><strong>administrarent</strong></span> <span class='ocrx_word' id='word_1_65' title='bbox 502 587 665 624; x_wconf 88' lang='lat' dir='ltr'><strong>comites</strong></span> <span class='ocrx_word' id='word_1_66' title='bbox 706 583 959 639; x_wconf 80' lang='lat' dir='ltr'>largitionum</span> <span class='ocrx_word' id='word_1_67' title='bbox 1000 587 1143 637; x_wconf 85' lang='lat' dir='ltr'><strong>(erant</strong></span> <span class='ocrx_word' id='word_1_68' title='bbox 1168 587 1275 624; x_wconf 90' lang='lat' dir='ltr'><strong>enim</strong></span> <span class='ocrx_word' id='word_1_69' title='bbox 1305 590 1580 630; x_wconf 81' lang='lat' dir='ltr'><strong>comitatenses</strong></span> 
     </span>
     <span class='ocr_line' id='line_1_9' title="bbox 151 636 1578 695; baseline 0.006 -20"><span class='ocrx_word' id='word_1_70' title='bbox 151 636 315 690; x_wconf 85' lang='lat' dir='ltr'><strong>quidam</strong></span> <span class='ocrx_word' id='word_1_71' title='bbox 331 667 344 688; x_wconf 86' lang='lat'>‚</span> <span class='ocrx_word' id='word_1_72' title='bbox 375 638 442 677; x_wconf 86' lang='lat' dir='ltr'><strong>alii</strong></span> <span class='ocrx_word' id='word_1_73' title='bbox 479 638 743 692; x_wconf 83' lang='lat' dir='ltr'><strong>provinciales</strong></span> <span class='ocrx_word' id='word_1_74' title='bbox 759 646 803 689; x_wconf 90' lang='lat'><strong>‚)</strong></span> <span class='ocrx_word' id='word_1_75' title='bbox 854 640 976 678; x_wconf 83' lang='lat' dir='ltr'><strong>iidem</strong></span> <span class='ocrx_word' id='word_1_76' title='bbox 1004 647 1117 679; x_wconf 90' lang='lat' dir='ltr'><strong>erant</strong></span> <span class='ocrx_word' id='word_1_77' title='bbox 1144 655 1236 679; x_wconf 91' lang='lat' dir='ltr'><strong>cum</strong></span> <span class='ocrx_word' id='word_1_78' title='bbox 1262 639 1475 695; x_wconf 87' lang='lat' dir='ltr'><strong>logothetis</strong></span> <span class='ocrx_word' id='word_1_79' title='bbox 1505 659 1578 684; x_wconf 88' lang='lat' dir='ltr'><strong>seu</strong></span> 
     </span>
     <span class='ocr_line' id='line_1_10' title="bbox 150 691 1578 750; baseline 0.006 -20"><span class='ocrx_word' id='word_1_80' title='bbox 150 691 410 732; x_wconf 80' lang='lat' dir='ltr'><strong>rationalibus</strong></span> <span class='ocrx_word' id='word_1_81' title='bbox 434 701 570 746; x_wconf 88' lang='lat' dir='ltr'><strong>postea</strong></span> <span class='ocrx_word' id='word_1_82' title='bbox 596 695 651 733; x_wconf 88' lang='lat' dir='ltr'><strong>sic</strong></span> <span class='ocrx_word' id='word_1_83' title='bbox 679 694 818 743; x_wconf 89' lang='lat' dir='ltr'><strong>dictis;</strong></span> <span class='ocrx_word' id='word_1_84' title='bbox 861 695 1006 748; x_wconf 89' lang='lat' dir='ltr'><strong>quibus</strong></span> <span class='ocrx_word' id='word_1_85' title='bbox 1034 695 1222 734; x_wconf 90' lang='lat' dir='ltr'><strong>omnibus</strong></span> <span class='ocrx_word' id='word_1_86' title='bbox 1262 710 1366 736; x_wconf 89' lang='lat' dir='ltr'><strong>unus</strong></span> <span class='ocrx_word' id='word_1_87' title='bbox 1396 707 1578 750; x_wconf 82' lang='lat' dir='ltr'><strong>praeerat</strong></span> 
     </span>
     <span class='ocr_line' id='line_1_11' title="bbox 147 745 1574 802; baseline 0.005 -17"><span class='ocrx_word' id='word_1_88' title='bbox 147 745 350 800; x_wconf 79' lang='lat' dir='ltr'><strong>logotheta</strong></span> <span class='ocrx_word' id='word_1_89' title='bbox 374 750 535 801; x_wconf 85' lang='lat' dir='ltr'><strong>genicus</strong></span> <span class='ocrx_word' id='word_1_90' title='bbox 552 763 621 787; x_wconf 90' lang='lat' dir='ltr'><strong>seu</strong></span> <span class='ocrx_word' id='word_1_91' title='bbox 641 749 842 788; x_wconf 89' lang='lat' dir='ltr'><strong>rationalis</strong></span> <span class='ocrx_word' id='word_1_92' title='bbox 861 749 1068 802; x_wconf 85' lang='lat' dir='ltr'><strong>generalis.</strong></span> <span class='ocrx_word' id='word_1_93' title='bbox 1098 750 1195 789; x_wconf 87' lang='lat' dir='ltr'><strong>Vid.</strong></span> <span class='ocrx_word' id='word_1_94' title='bbox 1211 750 1345 789; x_wconf 85' lang='lat' dir='ltr'><strong>vales.</strong></span> <span class='ocrx_word' id='word_1_95' title='bbox 1365 752 1416 790; x_wconf 90' lang='lat' dir='ltr'><strong>ad</strong></span> <span class='ocrx_word' id='word_1_96' title='bbox 1435 752 1574 794; x_wconf 87' lang='lat' dir='ltr'><strong>Amm.</strong></span> 
     </span>
     <span class='ocr_line' id='line_1_12' title="bbox 144 801 1574 860; baseline 0.005 -20"><span class='ocrx_word' id='word_1_97' title='bbox 144 801 273 840; x_wconf 86' lang='lat' dir='ltr'><strong>Marc.</strong></span> <span class='ocrx_word' id='word_1_98' title='bbox 295 815 335 854; x_wconf 89' lang='lat' dir='ltr'><strong>p.</strong></span> <span class='ocrx_word' id='word_1_99' title='bbox 356 815 424 855; x_wconf 81' lang='lat'><strong>91.</strong></span> <span class='ocrx_word' id='word_1_100' title='bbox 447 802 500 841; x_wconf 90' lang='lat' dir='ltr'><strong>A.</strong></span> <span class='ocrx_word' id='word_1_101' title='bbox 559 804 715 842; x_wconf 89' lang='lat' dir='ltr'><strong>Nomen</strong></span> <span class='ocrx_word' id='word_1_102' title='bbox 743 804 783 843; x_wconf 93' lang='lat' dir='ltr'><strong>id</strong></span> <span class='ocrx_word' id='word_1_103' title='bbox 812 804 906 842; x_wconf 85' lang='lat' dir='ltr'><strong>fisco</strong></span> <span class='ocrx_word' id='word_1_104' title='bbox 934 811 1144 857; x_wconf 88' lang='lat' dir='ltr'><strong>propterea</strong></span> <span class='ocrx_word' id='word_1_105' title='bbox 1164 805 1303 843; x_wconf 87' lang='lat' dir='ltr'><strong>datum</strong></span> <span class='ocrx_word' id='word_1_106' title='bbox 1331 813 1455 858; x_wconf 86' lang='lat' dir='ltr'><strong>puto,</strong></span> <span class='ocrx_word' id='word_1_107' title='bbox 1479 810 1574 860; x_wconf 88' lang='lat' dir='ltr'><strong>quia</strong></span> 
     </span>
     <span class='ocr_line' id='line_1_13' title="bbox 144 853 1574 915; baseline 0.006 -22"><span class='ocrx_word' id='word_1_108' title='bbox 144 853 374 909; x_wconf 82' lang='lat' dir='ltr'><strong>largitiones</strong></span> <span class='ocrx_word' id='word_1_109' title='bbox 403 870 659 897; x_wconf 89' lang='lat' dir='ltr'><strong>nummorum</strong></span> <span class='ocrx_word' id='word_1_110' title='bbox 688 858 780 898; x_wconf 87' lang='lat' dir='ltr'><strong>inde</strong></span> <span class='ocrx_word' id='word_1_111' title='bbox 805 860 1100 911; x_wconf 84' lang='lat' dir='ltr'><strong>procedebant,</strong></span> <span class='ocrx_word' id='word_1_112' title='bbox 1127 858 1274 913; x_wconf 89' lang='lat' dir='ltr'><strong>quibus</strong></span> <span class='ocrx_word' id='word_1_113' title='bbox 1292 861 1470 900; x_wconf 87' lang='lat' dir='ltr'><strong>aedificia</strong></span> <span class='ocrx_word' id='word_1_114' title='bbox 1498 877 1574 915; x_wconf 88' lang='lat' dir='ltr'><strong>pu-</strong></span> 
     </span>
     <span class='ocr_line' id='line_1_14' title="bbox 143 907 1572 968; baseline 0.006 -20"><span class='ocrx_word' id='word_1_115' title='bbox 143 907 250 948; x_wconf 80' lang='lat' dir='ltr'><strong>blica</strong></span> <span class='ocrx_word' id='word_1_116' title='bbox 290 912 548 951; x_wconf 87' lang='lat' dir='ltr'><strong>sustentanda</strong></span> <span class='ocrx_word' id='word_1_117' title='bbox 591 920 662 952; x_wconf 87' lang='lat' dir='ltr'><strong>aut</strong></span> <span class='ocrx_word' id='word_1_118' title='bbox 697 913 915 966; x_wconf 86' lang='lat' dir='ltr'><strong>reparanda</strong></span> <span class='ocrx_word' id='word_1_119' title='bbox 933 943 945 963; x_wconf 83' lang='lat'>‚</span> <span class='ocrx_word' id='word_1_120' title='bbox 983 913 1182 968; x_wconf 81' lang='lat' dir='ltr'><strong>urbesque</strong></span> <span class='ocrx_word' id='word_1_121' title='bbox 1219 921 1350 954; x_wconf 88' lang='lat' dir='ltr'><strong>terrae</strong></span> <span class='ocrx_word' id='word_1_122' title='bbox 1397 917 1572 957; x_wconf 81' lang='lat' dir='ltr'><strong>motibus</strong></span> 
     </span>
     <span class='ocr_line' id='line_1_15' title="bbox 144 966 1574 1021; baseline 0.006 -18"><span class='ocrx_word' id='word_1_123' title='bbox 144 977 306 1004; x_wconf 85' lang='lat' dir='ltr'><strong>eversae</strong></span> <span class='ocrx_word' id='word_1_124' title='bbox 333 973 403 1005; x_wconf 88' lang='lat' dir='ltr'><strong>aut</strong></span> <span class='ocrx_word' id='word_1_125' title='bbox 433 966 591 1020; x_wconf 85' lang='lat' dir='ltr'><strong>ignibus</strong></span> <span class='ocrx_word' id='word_1_126' title='bbox 619 976 829 1021; x_wconf 84' lang='lat' dir='ltr'><strong>corruptae</strong></span> <span class='ocrx_word' id='word_1_127' title='bbox 847 969 1129 1008; x_wconf 84' lang='lat' dir='ltr'><strong>restaurandae</strong></span> <span class='ocrx_word' id='word_1_128' title='bbox 1148 976 1293 1008; x_wconf 84' lang='lat' dir='ltr'><strong>essent.</strong></span> <span class='ocrx_word' id='word_1_129' title='bbox 1350 971 1574 1011; x_wconf 83' lang='lat' dir='ltr'><strong>Menander</strong></span> 
     </span>
     <span class='ocr_line' id='line_1_16' title="bbox 140 1017 1567 1077; baseline 0.005 -20"><span class='ocrx_word' id='word_1_130' title='bbox 140 1017 318 1067; x_wconf 79' lang='lat' dir='ltr'><strong>Rhetor,</strong></span> <span class='ocrx_word' id='word_1_131' title='bbox 348 1022 458 1061; x_wconf 89' lang='lat' dir='ltr'><strong>cuius</strong></span> <span class='ocrx_word' id='word_1_132' title='bbox 485 1021 618 1061; x_wconf 90' lang='lat' dir='ltr'><strong>locum</strong></span> <span class='ocrx_word' id='word_1_133' title='bbox 655 1023 775 1075; x_wconf 90' lang='lat' dir='ltr'><strong>paulo</strong></span> <span class='ocrx_word' id='word_1_134' title='bbox 805 1030 892 1077; x_wconf 92' lang='lat' dir='ltr'><strong>post</strong></span> <span class='ocrx_word' id='word_1_135' title='bbox 930 1024 1059 1073; x_wconf 83' lang='lat' dir='ltr'><strong>dabo,</strong></span> <span class='ocrx_word' id='word_1_136' title='bbox 1104 1039 1128 1063; x_wconf 90' lang='lat' dir='ltr'><strong>a</strong></span> <span class='ocrx_word' id='word_1_137' title='bbox 1155 1024 1336 1077; x_wconf 86' lang='lat' dir='ltr'><strong>largitate</strong></span> <span class='ocrx_word' id='word_1_138' title='bbox 1374 1024 1530 1065; x_wconf 87' lang='lat' dir='ltr'><strong>derivat</strong></span> <span class='ocrx_word' id='word_1_139' title='bbox 1555 1056 1567 1075; x_wconf 90' lang='lat'>‚</span> 
     </span>
     <span class='ocr_line' id='line_1_17' title="bbox 143 1075 1569 1134; baseline 0.006 -23"><span class='ocrx_word' id='word_1_140' title='bbox 143 1075 334 1126; x_wconf 86' lang='lat' dir='ltr'><strong>quoniam</strong></span> <span class='ocrx_word' id='word_1_141' title='bbox 374 1076 430 1114; x_wconf 87' lang='lat' dir='ltr'><strong>ibi</strong></span> <span class='ocrx_word' id='word_1_142' title='bbox 473 1090 593 1130; x_wconf 89' lang='lat' dir='ltr'><strong>opum</strong></span> <span class='ocrx_word' id='word_1_143' title='bbox 631 1076 741 1131; x_wconf 85' lang='lat' dir='ltr'><strong>large</strong></span> <span class='ocrx_word' id='word_1_144' title='bbox 777 1085 816 1117; x_wconf 87' lang='lat' dir='ltr'><strong>et</strong></span> <span class='ocrx_word' id='word_1_145' title='bbox 842 1079 1001 1117; x_wconf 86' lang='lat' dir='ltr'><strong>abunde</strong></span> <span class='ocrx_word' id='word_1_146' title='bbox 1030 1080 1091 1118; x_wconf 90' lang='lat' dir='ltr'><strong>sit.</strong></span> <span class='ocrx_word' id='word_1_147' title='bbox 1146 1079 1301 1118; x_wconf 88' lang='lat' dir='ltr'><strong>Deinde</strong></span> <span class='ocrx_word' id='word_1_148' title='bbox 1341 1079 1569 1134; x_wconf 85' lang='lat' dir='ltr'><strong>largitiones</strong></span> 
     </span>
     <span class='ocr_line' id='line_1_18' title="bbox 139 1129 1568 1186; baseline 0.006 -19"><span class='ocrx_word' id='word_1_149' title='bbox 139 1141 302 1182; x_wconf 84' lang='lat' dir='ltr'><strong>quoque</strong></span> <span class='ocrx_word' id='word_1_150' title='bbox 327 1131 523 1171; x_wconf 82' lang='lat' dir='ltr'><strong>strictiore</strong></span> <span class='ocrx_word' id='word_1_151' title='bbox 552 1146 668 1171; x_wconf 91' lang='lat' dir='ltr'><strong>sensu</strong></span> <span class='ocrx_word' id='word_1_152' title='bbox 697 1140 735 1171; x_wconf 90' lang='lat' dir='ltr'><strong>et</strong></span> <span class='ocrx_word' id='word_1_153' title='bbox 763 1132 924 1186; x_wconf 85' lang='lat' dir='ltr'><strong>proprie</strong></span> <span class='ocrx_word' id='word_1_154' title='bbox 950 1141 1064 1172; x_wconf 84' lang='lat' dir='ltr'><strong>erant</strong></span> <span class='ocrx_word' id='word_1_155' title='bbox 1092 1129 1135 1171; x_wconf 81' lang='grc' dir='ltr'><strong>αῖ</strong></span> <span class='ocrx_word' id='word_1_156' title='bbox 1155 1133 1390 1186; x_wconf 75' lang='grc' dir='ltr'><strong><em>φιλοτιμίαι</em></strong></span> <span class='ocrx_word' id='word_1_157' title='bbox 1408 1163 1420 1180; x_wconf 78' lang='grc'>,</span> <span class='ocrx_word' id='word_1_158' title='bbox 1449 1134 1568 1175; x_wconf 78' lang='grc' dir='ltr'><strong><em>εὐσέ-</em></strong></span> 
     </span>
     <span class='ocr_line' id='line_1_19' title="bbox 139 1181 1568 1241; baseline 0.006 -20"><span class='ocrx_word' id='word_1_159' title='bbox 139 1183 255 1234; x_wconf 82' lang='grc' dir='ltr'><strong><em>βειαι</em></strong></span> <span class='ocrx_word' id='word_1_160' title='bbox 270 1212 283 1234; x_wconf 89' lang='grc'><strong>,</strong></span> <span class='ocrx_word' id='word_1_161' title='bbox 311 1181 577 1236; x_wconf 74' lang='grc' dir='ltr'><strong><em>ἀντιλήψεις,</em></strong></span> <span class='ocrx_word' id='word_1_162' title='bbox 605 1187 770 1237; x_wconf 81' lang='lat' dir='ltr'><strong>solatia,</strong></span> <span class='ocrx_word' id='word_1_163' title='bbox 789 1188 1038 1235; x_wconf 81' lang='lat' dir='ltr'><strong>donationes,</strong></span> <span class='ocrx_word' id='word_1_164' title='bbox 1070 1202 1168 1241; x_wconf 89' lang='lat' dir='ltr'><strong>quas</strong></span> <span class='ocrx_word' id='word_1_165' title='bbox 1194 1189 1378 1241; x_wconf 87' lang='lat' dir='ltr'><strong>princeps</strong></span> <span class='ocrx_word' id='word_1_166' title='bbox 1398 1203 1420 1228; x_wconf 89' lang='lat' dir='ltr'><strong>e</strong></span> <span class='ocrx_word' id='word_1_167' title='bbox 1435 1202 1479 1228; x_wconf 90' lang='lat' dir='ltr'><strong>re</strong></span> <span class='ocrx_word' id='word_1_168' title='bbox 1493 1204 1568 1230; x_wconf 85' lang='lat' dir='ltr'><strong>sua</strong></span> 
     </span>
     <span class='ocr_line' id='line_1_20' title="bbox 138 1239 1565 1295; baseline 0.005 -19"><span class='ocrx_word' id='word_1_169' title='bbox 138 1239 325 1291; x_wconf 82' lang='lat' dir='ltr'><strong>privata,</strong></span> <span class='ocrx_word' id='word_1_170' title='bbox 366 1253 388 1278; x_wconf 88' lang='lat' dir='ltr'><strong>e</strong></span> <span class='ocrx_word' id='word_1_171' title='bbox 424 1241 579 1292; x_wconf 88' lang='lat' dir='ltr'><strong>peculio</strong></span> <span class='ocrx_word' id='word_1_172' title='bbox 605 1255 678 1280; x_wconf 91' lang='lat' dir='ltr'><strong>suo</strong></span> <span class='ocrx_word' id='word_1_173' title='bbox 716 1250 880 1295; x_wconf 90' lang='lat' dir='ltr'><strong>sponte,</strong></span> <span class='ocrx_word' id='word_1_174' title='bbox 923 1250 992 1282; x_wconf 83' lang='lat' dir='ltr'><strong>aut</strong></span> <span class='ocrx_word' id='word_1_175' title='bbox 1035 1257 1082 1282; x_wconf 83' lang='lat' dir='ltr'><strong>ex</strong></span> <span class='ocrx_word' id='word_1_176' title='bbox 1124 1243 1257 1282; x_wconf 89' lang='lat' dir='ltr'><strong>curiae</strong></span> <span class='ocrx_word' id='word_1_177' title='bbox 1294 1245 1565 1295; x_wconf 85' lang='lat' dir='ltr'><strong>cerimoniali‚</strong></span> 
     </span>
     <span class='ocr_line' id='line_1_21' title="bbox 139 1292 1566 1352; baseline 0.006 -23"><span class='ocrx_word' id='word_1_178' title='bbox 139 1292 373 1345; x_wconf 81' lang='lat' dir='ltr'><strong>proceribus</strong></span> <span class='ocrx_word' id='word_1_179' title='bbox 402 1294 556 1345; x_wconf 87' lang='lat' dir='ltr'><strong>aliisve,</strong></span> <span class='ocrx_word' id='word_1_180' title='bbox 584 1297 730 1349; x_wconf 89' lang='lat' dir='ltr'><strong>quihus</strong></span> <span class='ocrx_word' id='word_1_181' title='bbox 757 1296 891 1343; x_wconf 83' lang='lat' dir='ltr'><strong>vellet,</strong></span> <span class='ocrx_word' id='word_1_182' title='bbox 924 1297 1059 1337; x_wconf 89' lang='lat' dir='ltr'><strong>dabat.</strong></span> <span class='ocrx_word' id='word_1_183' title='bbox 1091 1298 1232 1337; x_wconf 85' lang='lat' dir='ltr'><strong>Comes</strong></span> <span class='ocrx_word' id='word_1_184' title='bbox 1262 1311 1356 1351; x_wconf 91' lang='lat' dir='ltr'><strong>ergo</strong></span> <span class='ocrx_word' id='word_1_185' title='bbox 1386 1297 1566 1352; x_wconf 87' lang='lat' dir='ltr'><strong>largitio-</strong></span> 
     </span>
     <span class='ocr_line' id='line_1_22' title="bbox 137 1346 1566 1406; baseline 0.006 -22"><span class='ocrx_word' id='word_1_186' title='bbox 137 1359 238 1385; x_wconf 84' lang='lat' dir='ltr'><strong>num</strong></span> <span class='ocrx_word' id='word_1_187' title='bbox 264 1346 341 1385; x_wconf 89' lang='lat' dir='ltr'><strong>hoe</strong></span> <span class='ocrx_word' id='word_1_188' title='bbox 381 1351 575 1389; x_wconf 89' lang='lat' dir='ltr'><strong>strictiore</strong></span> <span class='ocrx_word' id='word_1_189' title='bbox 609 1365 726 1390; x_wconf 90' lang='lat' dir='ltr'><strong>sensu</strong></span> <span class='ocrx_word' id='word_1_190' title='bbox 753 1358 837 1390; x_wconf 91' lang='lat' dir='ltr'><strong>erat</strong></span> <span class='ocrx_word' id='word_1_191' title='bbox 864 1352 971 1390; x_wconf 90' lang='lat' dir='ltr'><strong>idem</strong></span> <span class='ocrx_word' id='word_1_192' title='bbox 998 1367 1091 1392; x_wconf 92' lang='lat' dir='ltr'><strong>cum</strong></span> <span class='ocrx_word' id='word_1_193' title='bbox 1118 1353 1263 1391; x_wconf 89' lang='lat' dir='ltr'><strong>comite</strong></span> <span class='ocrx_word' id='word_1_194' title='bbox 1289 1355 1346 1391; x_wconf 86' lang='lat' dir='ltr'><strong>rei</strong></span> <span class='ocrx_word' id='word_1_195' title='bbox 1384 1355 1566 1406; x_wconf 87' lang='lat' dir='ltr'><strong>privatae</strong></span> 
     </span>
     <span class='ocr_line' id='line_1_23' title="bbox 136 1401 1565 1459; baseline 0.006 -21"><span class='ocrx_word' id='word_1_196' title='bbox 136 1407 208 1439; x_wconf 87' lang='lat' dir='ltr'><strong>aut</strong></span> <span class='ocrx_word' id='word_1_197' title='bbox 236 1401 339 1440; x_wconf 75' lang='lat' dir='ltr'><strong>idico</strong></span> <span class='ocrx_word' id='word_1_198' title='bbox 367 1402 487 1448; x_wconf 84' lang='lat' dir='ltr'><strong>dicto,</strong></span> <span class='ocrx_word' id='word_1_199' title='bbox 522 1405 585 1443; x_wconf 89' lang='lat' dir='ltr'><strong>cui</strong></span> <span class='ocrx_word' id='word_1_200' title='bbox 613 1406 865 1445; x_wconf 88' lang='lat' dir='ltr'><strong>commissum</strong></span> <span class='ocrx_word' id='word_1_201' title='bbox 890 1414 975 1445; x_wconf 91' lang='lat' dir='ltr'><strong>erat</strong></span> <span class='ocrx_word' id='word_1_202' title='bbox 990 1437 1002 1457; x_wconf 85' lang='lat'>‚</span> <span class='ocrx_word' id='word_1_203' title='bbox 1030 1407 1140 1459; x_wconf 85' lang='lat' dir='ltr'><strong>larga</strong></span> <span class='ocrx_word' id='word_1_204' title='bbox 1166 1414 1206 1445; x_wconf 90' lang='lat' dir='ltr'><strong>et</strong></span> <span class='ocrx_word' id='word_1_205' title='bbox 1232 1409 1405 1459; x_wconf 87' lang='lat' dir='ltr'><strong>gratuita</strong></span> <span class='ocrx_word' id='word_1_206' title='bbox 1433 1408 1565 1447; x_wconf 84' lang='lat' dir='ltr'><strong>domi-</strong></span> 
     </span>
     <span class='ocr_line' id='line_1_24' title="bbox 136 1455 1562 1514; baseline 0.006 -21"><span class='ocrx_word' id='word_1_207' title='bbox 136 1468 283 1494; x_wconf 84' lang='lat' dir='ltr'><strong>norum</strong></span> <span class='ocrx_word' id='word_1_208' title='bbox 309 1455 414 1495; x_wconf 88' lang='lat' dir='ltr'><strong>dona</strong></span> <span class='ocrx_word' id='word_1_209' title='bbox 440 1457 517 1496; x_wconf 89' lang='lat' dir='ltr'><strong>illis</strong></span> <span class='ocrx_word' id='word_1_210' title='bbox 546 1461 587 1497; x_wconf 90' lang='lat' dir='ltr'><strong>in</strong></span> <span class='ocrx_word' id='word_1_211' title='bbox 615 1473 756 1498; x_wconf 88' lang='lat' dir='ltr'><strong>manus</strong></span> <span class='ocrx_word' id='word_1_212' title='bbox 783 1461 941 1499; x_wconf 87' lang='lat' dir='ltr'><strong>tradere</strong></span> <span class='ocrx_word' id='word_1_213' title='bbox 966 1468 1036 1499; x_wconf 90' lang='lat' dir='ltr'><strong>aut</strong></span> <span class='ocrx_word' id='word_1_214' title='bbox 1062 1463 1136 1514; x_wconf 88' lang='lat' dir='ltr'><strong>ipsi</strong></span> <span class='ocrx_word' id='word_1_215' title='bbox 1154 1461 1319 1499; x_wconf 88' lang='lat' dir='ltr'><strong>domino</strong></span> <span class='ocrx_word' id='word_1_216' title='bbox 1346 1469 1562 1513; x_wconf 87' lang='lat' dir='ltr'><strong>praestare,</strong></span> 
     </span>
     <span class='ocr_line' id='line_1_25' title="bbox 137 1509 1562 1568; baseline 0.006 -21"><span class='ocrx_word' id='word_1_217' title='bbox 137 1515 184 1548; x_wconf 87' lang='lat' dir='ltr'><strong>ut</strong></span> <span class='ocrx_word' id='word_1_218' title='bbox 209 1509 277 1548; x_wconf 83' lang='lat' dir='ltr'><strong>ille</strong></span> <span class='ocrx_word' id='word_1_219' title='bbox 303 1511 385 1550; x_wconf 79' lang='lat' dir='ltr'><strong>suis</strong></span> <span class='ocrx_word' id='word_1_220' title='bbox 410 1513 593 1552; x_wconf 88' lang='lat' dir='ltr'><strong>manibus</strong></span> <span class='ocrx_word' id='word_1_221' title='bbox 619 1514 777 1553; x_wconf 86' lang='lat' dir='ltr'><strong>tradere</strong></span> <span class='ocrx_word' id='word_1_222' title='bbox 814 1522 943 1566; x_wconf 86' lang='lat' dir='ltr'><strong>posset</strong></span> <span class='ocrx_word' id='word_1_223' title='bbox 967 1515 1045 1554; x_wconf 92' lang='lat' dir='ltr'><strong>illis</strong></span> <span class='ocrx_word' id='word_1_224' title='bbox 1060 1544 1072 1564; x_wconf 84' lang='lat'>,</span> <span class='ocrx_word' id='word_1_225' title='bbox 1118 1515 1263 1568; x_wconf 86' lang='lat' dir='ltr'><strong>quibus</strong></span> <span class='ocrx_word' id='word_1_226' title='bbox 1299 1516 1562 1566; x_wconf 80' lang='lat' dir='ltr'><strong>destinasset3</strong></span> 
     </span>
     <span class='ocr_line' id='line_1_26' title="bbox 135 1563 1563 1622; baseline 0.004 -20"><span class='ocrx_word' id='word_1_227' title='bbox 135 1563 221 1603; x_wconf 84' lang='lat' dir='ltr'><strong>vid.</strong></span> <span class='ocrx_word' id='word_1_228' title='bbox 235 1564 341 1602; x_wconf 90' lang='lat' dir='ltr'><strong>idem</strong></span> <span class='ocrx_word' id='word_1_229' title='bbox 366 1565 548 1606; x_wconf 89' lang='lat' dir='ltr'><strong>Valesius</strong></span> <span class='ocrx_word' id='word_1_230' title='bbox 576 1567 673 1606; x_wconf 89' lang='lat' dir='ltr'><strong>ibid.</strong></span> <span class='ocrx_word' id='word_1_231' title='bbox 704 1583 746 1621; x_wconf 92' lang='lat' dir='ltr'><strong>p.</strong></span> <span class='ocrx_word' id='word_1_232' title='bbox 769 1569 863 1608; x_wconf 79' lang='lat'><strong>523.</strong></span> <span class='ocrx_word' id='word_1_233' title='bbox 882 1569 928 1607; x_wconf 90' lang='grc' dir='ltr'><strong>Β.</strong></span> <span class='ocrx_word' id='word_1_234' title='bbox 970 1570 1201 1622; x_wconf 87' lang='lat' dir='ltr'><strong>Utrumque</strong></span> <span class='ocrx_word' id='word_1_235' title='bbox 1227 1583 1351 1622; x_wconf 85' lang='lat' dir='ltr'><strong>genus</strong></span> <span class='ocrx_word' id='word_1_236' title='bbox 1373 1570 1563 1610; x_wconf 85' lang='lat' dir='ltr'><strong>describit</strong></span> 
     </span>
     <span class='ocr_line' id='line_1_27' title="bbox 137 1617 1561 1685; baseline 0.005 -29"><span class='ocrx_word' id='word_1_237' title='bbox 137 1617 358 1685; x_wconf 79' lang='lat' dir='ltr'><strong>Agathias:</strong></span> <span class='ocrx_word' id='word_1_238' title='bbox 389 1620 561 1671; x_wconf 77' lang='grc' dir='ltr'><strong><em>ταμίας,</em></strong></span> <span class='ocrx_word' id='word_1_239' title='bbox 593 1620 645 1660; x_wconf 74' lang='grc' dir='ltr'><strong>ου’</strong></span> <span class='ocrx_word' id='word_1_240' title='bbox 668 1622 754 1674; x_wconf 77' lang='grc' dir='ltr'><strong>μὴν</strong></span> <span class='ocrx_word' id='word_1_241' title='bbox 779 1623 861 1661; x_wconf 77' lang='grc' dir='ltr'><strong><em>τῶν</em></strong></span> <span class='ocrx_word' id='word_1_242' title='bbox 888 1622 935 1662; x_wconf 81' lang='grc' dir='ltr'><strong>ἐκ</strong></span> <span class='ocrx_word' id='word_1_243' title='bbox 960 1624 1031 1675; x_wconf 77' lang='grc' dir='ltr'><strong><em>τῆς</em></strong></span> <span class='ocrx_word' id='word_1_244' title='bbox 1060 1622 1348 1675; x_wconf 76' lang='grc' dir='ltr'><strong><em>ὃασμοφορίας</em></strong></span> <span class='ocrx_word' id='word_1_245' title='bbox 1374 1623 1561 1674; x_wconf 82' lang='grc' dir='ltr'><strong><em>ἐρανιζο-</em></strong></span> 
     </span>
     <span class='ocr_line' id='line_1_28' title="bbox 129 1667 1559 1732; baseline 0.004 -21"><span class='ocrx_word' id='word_1_246' title='bbox 129 1686 293 1723; x_wconf 81' lang='grc' dir='ltr'><strong><em>μενων,</em></strong></span> <span class='ocrx_word' id='word_1_247' title='bbox 324 1667 453 1729; x_wconf 67' lang='grc' dir='ltr'><strong><em>(ἄλλῳ</em></strong></span> <span class='ocrx_word' id='word_1_248' title='bbox 480 1672 558 1728; x_wconf 78' lang='grc' dir='ltr'><strong>γὰρ</strong></span> <span class='ocrx_word' id='word_1_249' title='bbox 589 1676 856 1728; x_wconf 78' lang='grc' dir='ltr'><strong><em>ἐπετέτραπτο</em></strong></span> <span class='ocrx_word' id='word_1_250' title='bbox 879 1679 1046 1730; x_wconf 84' lang='grc' dir='ltr'><strong><em>ταῦτα,)</em></strong></span> <span class='ocrx_word' id='word_1_251' title='bbox 1079 1678 1236 1732; x_wconf 90' lang='lat' dir='ltr'><strong>[nempe</strong></span> <span class='ocrx_word' id='word_1_252' title='bbox 1262 1677 1358 1716; x_wconf 92' lang='lat' dir='ltr'><strong>olim</strong></span> <span class='ocrx_word' id='word_1_253' title='bbox 1379 1678 1559 1731; x_wconf 87' lang='lat' dir='ltr'><strong>quidem,</strong></span> 
     </span>
     <span class='ocr_line' id='line_1_29' title="bbox 131 1726 1558 1786; baseline 0.004 -21"><span class='ocrx_word' id='word_1_254' title='bbox 131 1734 180 1766; x_wconf 91' lang='lat' dir='ltr'><strong>ut</strong></span> <span class='ocrx_word' id='word_1_255' title='bbox 207 1726 388 1767; x_wconf 88' lang='lat' dir='ltr'><strong>Valesius</strong></span> <span class='ocrx_word' id='word_1_256' title='bbox 414 1728 445 1768; x_wconf 86' lang='lat' dir='ltr'><strong>l.</strong></span> <span class='ocrx_word' id='word_1_257' title='bbox 475 1744 511 1768; x_wconf 88' lang='lat' dir='ltr'><strong>c.</strong></span> <span class='ocrx_word' id='word_1_258' title='bbox 540 1731 818 1770; x_wconf 82' lang='lat' dir='ltr'><strong>animadvertit</strong></span> <span class='ocrx_word' id='word_1_259' title='bbox 853 1747 943 1785; x_wconf 88' lang='lat' dir='ltr'><strong>pag.</strong></span> <span class='ocrx_word' id='word_1_260' title='bbox 973 1732 1085 1786; x_wconf 59' lang='lat'><strong>278„</strong></span> <span class='ocrx_word' id='word_1_261' title='bbox 1114 1732 1313 1785; x_wconf 82' lang='lat' dir='ltr'><strong>praefecto</strong></span> <span class='ocrx_word' id='word_1_262' title='bbox 1341 1734 1558 1784; x_wconf 83' lang='lat' dir='ltr'><strong>praetorii,</strong></span> 
     </span>
     <span class='ocr_line' id='line_1_30' title="bbox 130 1781 1560 1840; baseline 0.004 -20"><span class='ocrx_word' id='word_1_263' title='bbox 130 1781 316 1835; x_wconf 73' lang='lat' dir='ltr'><strong>deinceps</strong></span> <span class='ocrx_word' id='word_1_264' title='bbox 343 1791 476 1823; x_wconf 89' lang='lat' dir='ltr'><strong>autem</strong></span> <span class='ocrx_word' id='word_1_265' title='bbox 516 1784 738 1839; x_wconf 87' lang='lat' dir='ltr'><strong>logothetae</strong></span> <span class='ocrx_word' id='word_1_266' title='bbox 766 1789 903 1840; x_wconf 85' lang='lat' dir='ltr'><strong>genico</strong></span> <span class='ocrx_word' id='word_1_267' title='bbox 919 1785 952 1840; x_wconf 90' lang='lat'><strong>,]</strong></span> <span class='ocrx_word' id='word_1_268' title='bbox 993 1783 1099 1825; x_wconf 79' lang='grc' dir='ltr'><strong><em>α’λλά</em></strong></span> <span class='ocrx_word' id='word_1_269' title='bbox 1138 1786 1221 1825; x_wconf 77' lang='grc' dir='ltr'><strong><em>τῶν</em></strong></span> <span class='ocrx_word' id='word_1_270' title='bbox 1237 1816 1248 1833; x_wconf 89' lang='grc'>,</span> <span class='ocrx_word' id='word_1_271' title='bbox 1299 1781 1379 1824; x_wconf 75' lang='grc' dir='ltr'><strong>ὅσα</strong></span> <span class='ocrx_word' id='word_1_272' title='bbox 1407 1786 1452 1824; x_wconf 85' lang='grc' dir='ltr'><strong>ἐκ</strong></span> <span class='ocrx_word' id='word_1_273' title='bbox 1477 1787 1560 1826; x_wconf 74' lang='grc' dir='ltr'><strong><em>τῶν</em></strong></span> 
     </span>
     <span class='ocr_line' id='line_1_31' title="bbox 131 1834 1560 1904; baseline 0.004 -30"><span class='ocrx_word' id='word_1_274' title='bbox 131 1836 356 1886; x_wconf 54' lang='grc' dir='ltr'><strong><em>βασιλειῶν</em></strong></span> <span class='ocrx_word' id='word_1_275' title='bbox 382 1839 611 1904; x_wconf 74' lang='grc' dir='ltr'><strong><em>θησαυρῶν</em></strong></span> <span class='ocrx_word' id='word_1_276' title='bbox 637 1839 866 1894; x_wconf 80' lang='grc' dir='ltr'><strong><em>ἐπεπόμφει</em></strong></span> <span class='ocrx_word' id='word_1_277' title='bbox 884 1872 898 1892; x_wconf 85' lang='lat'>,</span> <span class='ocrx_word' id='word_1_278' title='bbox 935 1842 1006 1894; x_wconf 82' lang='grc' dir='ltr'><strong>ἐφ’</strong></span> <span class='ocrx_word' id='word_1_279' title='bbox 1032 1834 1067 1896; x_wconf 74' lang='grc' dir='ltr'><em>ᾧ</em></span> <span class='ocrx_word' id='word_1_280' title='bbox 1100 1837 1198 1886; x_wconf 79' lang='grc' dir='ltr'><strong><em>τοὺς</em></strong></span> <span class='ocrx_word' id='word_1_281' title='bbox 1233 1837 1560 1890; x_wconf 63' lang='grc' dir='ltr'><strong><em>ἀριστεύσαντας</em></strong></span> 
     </span>
     <span class='ocr_line' id='line_1_32' title="bbox 132 1889 1558 1947; baseline 0.004 -19"><span class='ocrx_word' id='word_1_282' title='bbox 132 1889 180 1929; x_wconf 78' lang='grc' dir='ltr'><strong>ἐν</strong></span> <span class='ocrx_word' id='word_1_283' title='bbox 203 1893 295 1936; x_wconf 80' lang='grc' dir='ltr'><strong><em>ταῖς</em></strong></span> <span class='ocrx_word' id='word_1_284' title='bbox 320 1889 480 1942; x_wconf 80' lang='grc' dir='ltr'><strong><em>μάχαις</em></strong></span> <span class='ocrx_word' id='word_1_285' title='bbox 498 1909 549 1932; x_wconf 87' lang='grc' dir='ltr'><strong>τα</strong></span> <span class='ocrx_word' id='word_1_286' title='bbox 577 1891 830 1947; x_wconf 82' lang='grc' dir='ltr'><strong><em>προσήκοντα</em></strong></span> <span class='ocrx_word' id='word_1_287' title='bbox 859 1896 1066 1945; x_wconf 75' lang='grc' dir='ltr'><strong><em>τιμᾶσθαι</em></strong></span> <span class='ocrx_word' id='word_1_288' title='bbox 1084 1894 1201 1946; x_wconf 75' lang='grc' dir='ltr'><strong><em>γε’ρα.</em></strong></span> <span class='ocrx_word' id='word_1_289' title='bbox 1251 1894 1365 1934; x_wconf 88' lang='lat' dir='ltr'><strong>Conf.</strong></span> <span class='ocrx_word' id='word_1_290' title='bbox 1383 1895 1558 1934; x_wconf 88' lang='lat' dir='ltr'><strong>Guther.</strong></span> 
     </span>
     <span class='ocr_line' id='line_1_33' title="bbox 131 1943 1555 2003; baseline 0.004 -21"><span class='ocrx_word' id='word_1_291' title='bbox 131 1957 175 1996; x_wconf 84' lang='lat' dir='ltr'><strong>p.</strong></span> <span class='ocrx_word' id='word_1_292' title='bbox 190 1943 287 1983; x_wconf 83' lang='lat'><strong>653.</strong></span> <span class='ocrx_word' id='word_1_293' title='bbox 309 1952 349 1983; x_wconf 89' lang='lat' dir='ltr'><strong>et</strong></span> <span class='ocrx_word' id='word_1_294' title='bbox 373 1947 441 1986; x_wconf 89' lang='lat' dir='ltr'><strong>Du</strong></span> <span class='ocrx_word' id='word_1_295' title='bbox 469 1948 603 2002; x_wconf 87' lang='lat' dir='ltr'><strong>Cange</strong></span> <span class='ocrx_word' id='word_1_296' title='bbox 628 1956 798 2003; x_wconf 89' lang='lat' dir='ltr'><strong>utroque</strong></span> <span class='ocrx_word' id='word_1_297' title='bbox 825 1950 956 1989; x_wconf 90' lang='lat' dir='ltr'><strong>Gloss.</strong></span> <span class='ocrx_word' id='word_1_298' title='bbox 971 1980 982 1998; x_wconf 87' lang='lat'>‚</span> <span class='ocrx_word' id='word_1_299' title='bbox 1012 1951 1107 1989; x_wconf 90' lang='lat' dir='ltr'><strong>item</strong></span> <span class='ocrx_word' id='word_1_300' title='bbox 1127 1949 1178 1987; x_wconf 89' lang='lat' dir='ltr'><strong>ad</strong></span> <span class='ocrx_word' id='word_1_301' title='bbox 1197 1948 1377 1988; x_wconf 79' lang='lat' dir='ltr'><strong>Alexiad.</strong></span> <span class='ocrx_word' id='word_1_302' title='bbox 1400 1963 1442 2000; x_wconf 81' lang='lat' dir='ltr'><strong>p.</strong></span> <span class='ocrx_word' id='word_1_303' title='bbox 1458 1948 1555 1988; x_wconf 82' lang='lat'><strong>286.</strong></span> 
     </span>
     <span class='ocr_line' id='line_1_34' title="bbox 130 1997 1556 2058; baseline 0.004 -22"><span class='ocrx_word' id='word_1_304' title='bbox 130 1997 319 2037; x_wconf 89' lang='lat' dir='ltr'><strong>Scholion</strong></span> <span class='ocrx_word' id='word_1_305' title='bbox 347 2003 565 2055; x_wconf 85' lang='lat' dir='ltr'><strong>marginale</strong></span> <span class='ocrx_word' id='word_1_306' title='bbox 593 2017 730 2043; x_wconf 90' lang='lat' dir='ltr'><strong>vocem</strong></span> <span class='ocrx_word' id='word_1_307' title='bbox 758 2006 1009 2058; x_wconf 80' lang='lat' dir='ltr'><strong>largitionum</strong></span> <span class='ocrx_word' id='word_1_308' title='bbox 1048 2005 1209 2057; x_wconf 82' lang='lat' dir='ltr'><strong>exponit</strong></span> <span class='ocrx_word' id='word_1_309' title='bbox 1237 2002 1460 2053; x_wconf 75' lang='grc' dir='ltr'><strong><em>δαψιλιῶν.</em></strong></span> <span class='ocrx_word' id='word_1_310' title='bbox 1488 2002 1556 2041; x_wconf 89' lang='lat' dir='ltr'><strong>Si·-</strong></span> 
     </span>
     <span class='ocr_line' id='line_1_35' title="bbox 130 2052 1555 2112; baseline 0.004 -22"><span class='ocrx_word' id='word_1_311' title='bbox 130 2052 278 2092; x_wconf 87' lang='lat' dir='ltr'><strong>militer</strong></span> <span class='ocrx_word' id='word_1_312' title='bbox 305 2055 524 2096; x_wconf 89' lang='lat' dir='ltr'><strong>Menander</strong></span> <span class='ocrx_word' id='word_1_313' title='bbox 558 2058 711 2098; x_wconf 85' lang='lat' dir='ltr'><strong>Rhetor</strong></span> <span class='ocrx_word' id='word_1_314' title='bbox 738 2060 780 2097; x_wconf 92' lang='lat' dir='ltr'><strong>in</strong></span> <span class='ocrx_word' id='word_1_315' title='bbox 819 2061 1024 2112; x_wconf 80' lang='lat' dir='ltr'><strong>Excerptis</strong></span> <span class='ocrx_word' id='word_1_316' title='bbox 1065 2058 1307 2111; x_wconf 86' lang='lat' dir='ltr'><strong>legationum</strong></span> <span class='ocrx_word' id='word_1_317' title='bbox 1346 2056 1410 2095; x_wconf 88' lang='lat' dir='ltr'><strong>ed.</strong></span> <span class='ocrx_word' id='word_1_318' title='bbox 1443 2057 1555 2095; x_wconf 84' lang='lat' dir='ltr'><strong>Hoe-</strong></span> 
     </span>
     <span class='ocr_line' id='line_1_36' title="bbox 130 2106 1552 2164; baseline -0.005 -9"><span class='ocrx_word' id='word_1_319' title='bbox 130 2106 254 2146; x_wconf 74' lang='lat' dir='ltr'><strong>Schel·</strong></span> <span class='ocrx_word' id='word_1_320' title='bbox 281 2122 322 2160; x_wconf 90' lang='lat' dir='ltr'><strong>P·</strong></span> <span class='ocrx_word' id='word_1_321' title='bbox 339 2109 407 2162; x_wconf 86' lang='lat'><strong>98-</strong></span> <span class='ocrx_word' id='word_1_322' title='bbox 426 2140 438 2160; x_wconf 91' lang='lat'>,</span> <span class='ocrx_word' id='word_1_323' title='bbox 467 2126 546 2163; x_wconf 89' lang='lat' dir='ltr'><strong>quo</strong></span> <span class='ocrx_word' id='word_1_324' title='bbox 574 2112 661 2152; x_wconf 89' lang='lat' dir='ltr'><strong>loco</strong></span> <span class='ocrx_word' id='word_1_325' title='bbox 690 2113 806 2153; x_wconf 88' lang='lat' dir='ltr'><strong>simul</strong></span> <span class='ocrx_word' id='word_1_326' title='bbox 836 2113 1007 2153; x_wconf 89' lang='lat' dir='ltr'><strong>officium</strong></span> <span class='ocrx_word' id='word_1_327' title='bbox 1036 2113 1193 2152; x_wconf 89' lang='lat' dir='ltr'><strong>comitis</strong></span> <span class='ocrx_word' id='word_1_328' title='bbox 1209 2110 1463 2164; x_wconf 87' lang='lat' dir='ltr'><strong>largitionum</strong></span> <span class='ocrx_word' id='word_1_329' title='bbox 1480 2111 1552 2149; x_wconf 86' lang='lat' dir='ltr'><strong>de-</strong></span> 
     </span>
     <span class='ocr_line' id='line_1_37' title="bbox 131 2160 1550 2221; baseline 0.001 -21"><span class='ocrx_word' id='word_1_330' title='bbox 131 2160 257 2201; x_wconf 80' lang='lat' dir='ltr'><strong>clarat</strong></span> <span class='ocrx_word' id='word_1_331' title='bbox 282 2162 332 2201; x_wconf 90' lang='lat' dir='ltr'><strong>de</strong></span> <span class='ocrx_word' id='word_1_332' title='bbox 359 2164 478 2204; x_wconf 89' lang='lat' dir='ltr'><strong>Petro</strong></span> <span class='ocrx_word' id='word_1_333' title='bbox 506 2167 662 2207; x_wconf 90' lang='lat' dir='ltr'><strong>dicens:</strong></span> <span class='ocrx_word' id='word_1_334' title='bbox 694 2164 739 2214; x_wconf 81' lang='grc' dir='ltr'><strong>ὃς</strong></span> <span class='ocrx_word' id='word_1_335' title='bbox 765 2167 847 2207; x_wconf 75' lang='grc' dir='ltr'><strong><em>τῶν</em></strong></span> <span class='ocrx_word' id='word_1_336' title='bbox 883 2167 926 2207; x_wconf 81' lang='grc' dir='ltr'><strong>ἐν</strong></span> <span class='ocrx_word' id='word_1_337' title='bbox 963 2168 1014 2221; x_wconf 84' lang='grc' dir='ltr'><strong><em>τῇ</em></strong></span> <span class='ocrx_word' id='word_1_338' title='bbox 1051 2164 1161 2220; x_wconf 72' lang='grc' dir='ltr'><strong><em>αὐλῇ</em></strong></span> <span class='ocrx_word' id='word_1_339' title='bbox 1196 2161 1431 2214; x_wconf 79' lang='grc' dir='ltr'><strong><em>καταλόγων</em></strong></span> <span class='ocrx_word' id='word_1_340' title='bbox 1467 2161 1550 2217; x_wconf 84' lang='grc' dir='ltr'><strong>πρό</strong></span> 
     </span>
     <span class='ocr_line' id='line_1_38' title="bbox 128 2212 1549 2275; baseline 0.001 -20"><span class='ocrx_word' id='word_1_341' title='bbox 128 2212 282 2255; x_wconf 82' lang='grc' dir='ltr'><strong><em>τούτου</em></strong></span> <span class='ocrx_word' id='word_1_342' title='bbox 309 2216 527 2268; x_wconf 75' lang='grc' dir='ltr'><strong><em>γενόμενος</em></strong></span> <span class='ocrx_word' id='word_1_343' title='bbox 554 2216 731 2272; x_wconf 71' lang='grc' dir='ltr'><strong><em>ἡγεμών,</em></strong></span> <span class='ocrx_word' id='word_1_344' title='bbox 753 2222 956 2275; x_wconf 87' lang='lat' dir='ltr'><strong>(designat</strong></span> <span class='ocrx_word' id='word_1_345' title='bbox 982 2230 1051 2260; x_wconf 90' lang='lat' dir='ltr'><strong>aut</strong></span> <span class='ocrx_word' id='word_1_346' title='bbox 1062 2223 1294 2274; x_wconf 84' lang='lat' dir='ltr'><strong>magistrum</strong></span> <span class='ocrx_word' id='word_1_347' title='bbox 1309 2218 1549 2268; x_wconf 85' lang='lat' dir='ltr'><strong>officiorum,</strong></span> 
     </span>
     <span class='ocr_line' id='line_1_39' title="bbox 128 2273 1559 2328; baseline 0.001 -19"><span class='ocrx_word' id='word_1_348' title='bbox 128 2277 200 2310; x_wconf 82' lang='lat' dir='ltr'><strong>aut</strong></span> <span class='ocrx_word' id='word_1_349' title='bbox 214 2273 346 2324; x_wconf 87' lang='lat' dir='ltr'><strong>potius</strong></span> <span class='ocrx_word' id='word_1_350' title='bbox 373 2273 631 2313; x_wconf 86' lang='lat' dir='ltr'><strong>domesticum</strong></span> <span class='ocrx_word' id='word_1_351' title='bbox 658 2276 915 2327; x_wconf 88' lang='lat' dir='ltr'><strong>scholarum,)</strong></span> <span class='ocrx_word' id='word_1_352' title='bbox 948 2275 1171 2328; x_wconf 83' lang='grc' dir='ltr'><strong><em>τηνικαῦτα</em></strong></span> <span class='ocrx_word' id='word_1_353' title='bbox 1205 2274 1250 2313; x_wconf 82' lang='grc' dir='ltr'><strong>δὲ</strong></span> <span class='ocrx_word' id='word_1_354' title='bbox 1278 2274 1360 2312; x_wconf 80' lang='grc' dir='ltr'><strong><em>τῶν</em></strong></span> <span class='ocrx_word' id='word_1_355' title='bbox 1387 2274 1559 2323; x_wconf 78' lang='grc' dir='ltr'><strong><em>βασιλεῖ</em></strong></span> 
     </span>
     <span class='ocr_line' id='line_1_40' title="bbox 86 2322 1548 2390; baseline 0.002 -29"><span class='ocrx_word' id='word_1_356' title='bbox 86 2350 92 2360; x_wconf 92' lang='grc'><em>,</em></span> <span class='ocrx_word' id='word_1_357' title='bbox 128 2322 354 2375; x_wconf 67' lang='grc' dir='ltr'><strong><em>ἀνειμένων</em></strong></span> <span class='ocrx_word' id='word_1_358' title='bbox 381 2325 637 2381; x_wconf 77' lang='grc' dir='ltr'><strong><em>προειστήκει</em></strong></span> <span class='ocrx_word' id='word_1_359' title='bbox 662 2331 918 2382; x_wconf 73' lang='grc' dir='ltr'><strong><em>θησαυρῶν,</em></strong></span> <span class='ocrx_word' id='word_1_360' title='bbox 951 2330 994 2369; x_wconf 82' lang='grc' dir='ltr'><strong>οἵ</strong></span> <span class='ocrx_word' id='word_1_361' title='bbox 1023 2343 1069 2381; x_wconf 79' lang='grc' dir='ltr'><strong><em>γε</em></strong></span> <span class='ocrx_word' id='word_1_362' title='bbox 1099 2326 1180 2367; x_wconf 83' lang='grc' dir='ltr'><strong><em>α’πὸ</em></strong></span> <span class='ocrx_word' id='word_1_363' title='bbox 1212 2327 1286 2377; x_wconf 80' lang='grc' dir='ltr'><strong><em>τῆς</em></strong></span> <span class='ocrx_word' id='word_1_364' title='bbox 1322 2326 1548 2390; x_wconf 66' lang='grc' dir='ltr'><strong><em>δαψιλείας</em></strong></span> 
     </span>
     <span class='ocr_line' id='line_1_41' title="bbox 127 2377 1548 2437; baseline 0.006 -20"><span class='ocrx_word' id='word_1_365' title='bbox 127 2377 181 2432; x_wconf 78' lang='grc' dir='ltr'><strong><em>τῇ</em></strong></span> <span class='ocrx_word' id='word_1_366' title='bbox 205 2379 286 2418; x_wconf 73' lang='grc' dir='ltr'><strong><em>ταῖν</em></strong></span> <span class='ocrx_word' id='word_1_367' title='bbox 321 2378 544 2430; x_wconf 62' lang='grc' dir='ltr'><strong>εΡωμαίων</strong></span> <span class='ocrx_word' id='word_1_368' title='bbox 583 2382 961 2436; x_wconf 75' lang='grc' dir='ltr'><strong><em>προσαγορεύονται</em></strong></span> <span class='ocrx_word' id='word_1_369' title='bbox 996 2384 1128 2437; x_wconf 82' lang='grc' dir='ltr'><strong><em>φωνῇ.</em></strong></span> <span class='ocrx_word' id='word_1_370' title='bbox 1167 2377 1367 2434; x_wconf 74' lang='grc' dir='ltr'><strong>Λάργθυς</strong></span> <span class='ocrx_word' id='word_1_371' title='bbox 1393 2394 1474 2434; x_wconf 74' lang='grc' dir='ltr'><strong>γαρ</strong></span> <span class='ocrx_word' id='word_1_372' title='bbox 1506 2393 1548 2420; x_wconf 70' lang='lat'><strong>⁰⁶</strong></span> 
     </span>
     <span class='ocr_line' id='line_1_42' title="bbox 127 2431 875 2487; baseline 0.009 -17"><span class='ocrx_word' id='word_1_373' title='bbox 127 2433 307 2472; x_wconf 76' lang='grc' dir='ltr'><strong><em>Λατῖνοι</em></strong></span> <span class='ocrx_word' id='word_1_374' title='bbox 331 2431 379 2473; x_wconf 84' lang='grc' dir='ltr'><strong><em>τὸ</em></strong></span> <span class='ocrx_word' id='word_1_375' title='bbox 409 2435 583 2486; x_wconf 78' lang='grc' dir='ltr'><strong><em>δαψιλὲς</em></strong></span> <span class='ocrx_word' id='word_1_376' title='bbox 610 2435 875 2487; x_wconf 79' lang='grc' dir='ltr'><strong><em>ὀνομάζουσι.</em></strong></span> 
     </span>
    </p>

    <p class='ocr_par' dir='ltr' id='par_1_3' title="bbox 128 2482 1557 2762">
     <span class='ocr_line' id='line_1_43' title="bbox 210 2482 1548 2544; baseline 0.001 -19"><span class='ocrx_word' id='word_1_377' title='bbox 210 2487 302 2526; x_wconf 79' lang='lat'><strong>230.</strong></span> <span class='ocrx_word' id='word_1_378' title='bbox 324 2488 374 2529; x_wconf 86' lang='lat' dir='ltr'><strong>A.</strong></span> <span class='ocrx_word' id='word_1_379' title='bbox 394 2491 435 2529; x_wconf 86' lang='lat'><strong>3.</strong></span> <span class='ocrx_word' id='word_1_380' title='bbox 456 2490 669 2544; x_wconf 66' lang='lat'>[394‚18.]</span> <span class='ocrx_word' id='word_1_381' title='bbox 698 2492 810 2541; x_wconf 80' lang='grc' dir='ltr'><strong><em>λὲβα.</em></strong></span> <span class='ocrx_word' id='word_1_382' title='bbox 866 2493 986 2531; x_wconf 86' lang='lat' dir='ltr'><strong>Recte</strong></span> <span class='ocrx_word' id='word_1_383' title='bbox 1011 2491 1247 2531; x_wconf 83' lang='lat' dir='ltr'><strong>scholiastes</strong></span> <span class='ocrx_word' id='word_1_384' title='bbox 1283 2482 1399 2541; x_wconf 81' lang='grc' dir='ltr'><strong><em>ἆρον.</em></strong></span> <span class='ocrx_word' id='word_1_385' title='bbox 1441 2487 1548 2528; x_wconf 85' lang='lat' dir='ltr'><strong>Sub·</strong></span> 
     </span>
     <span class='ocr_line' id='line_1_44' title="bbox 130 2537 1550 2599; baseline 0.004 -22"><span class='ocrx_word' id='word_1_386' title='bbox 130 2537 362 2595; x_wconf 82' lang='lat' dir='ltr'><strong>intelligitur</strong></span> <span class='ocrx_word' id='word_1_387' title='bbox 398 2559 539 2598; x_wconf 91' lang='lat' dir='ltr'><strong>nempe</strong></span> <span class='ocrx_word' id='word_1_388' title='bbox 576 2546 789 2598; x_wconf 90' lang='lat' dir='ltr'><strong>utrobique</strong></span> <span class='ocrx_word' id='word_1_389' title='bbox 822 2544 987 2588; x_wconf 86' lang='grc' dir='ltr'><strong><em>σαυτὸν.</em></strong></span> <span class='ocrx_word' id='word_1_390' title='bbox 1043 2547 1132 2599; x_wconf 86' lang='lat' dir='ltr'><strong>Ego</strong></span> <span class='ocrx_word' id='word_1_391' title='bbox 1173 2558 1268 2584; x_wconf 90' lang='lat' dir='ltr'><strong>vero</strong></span> <span class='ocrx_word' id='word_1_392' title='bbox 1305 2543 1409 2583; x_wconf 87' lang='lat' dir='ltr'><strong>male</strong></span> <span class='ocrx_word' id='word_1_393' title='bbox 1444 2545 1550 2582; x_wconf 87' lang='lat' dir='ltr'><strong>verti</strong></span> 
     </span>
     <span class='ocr_line' id='line_1_45' title="bbox 128 2593 1546 2652; baseline 0.003 -20"><span class='ocrx_word' id='word_1_394' title='bbox 128 2593 218 2632; x_wconf 78' lang='lat' dir='ltr'><strong>tolle</strong></span> <span class='ocrx_word' id='word_1_395' title='bbox 250 2598 402 2646; x_wconf 59' lang='lat' dir='ltr'><strong>oachim,-</strong></span> <span class='ocrx_word' id='word_1_396' title='bbox 443 2599 655 2639; x_wconf 89' lang='lat' dir='ltr'><strong>debueram</strong></span> <span class='ocrx_word' id='word_1_397' title='bbox 693 2601 784 2638; x_wconf 82' lang='lat' dir='ltr'><strong>tolle</strong></span> <span class='ocrx_word' id='word_1_398' title='bbox 815 2609 874 2646; x_wconf 83' lang='lat' dir='ltr'><strong>te,</strong></span> <span class='ocrx_word' id='word_1_399' title='bbox 922 2615 1063 2652; x_wconf 78' lang='lat' dir='ltr'><strong>surge‚·</strong></span> <span class='ocrx_word' id='word_1_400' title='bbox 1106 2600 1187 2638; x_wconf 85' lang='lat' dir='ltr'><strong>vid.</strong></span> <span class='ocrx_word' id='word_1_401' title='bbox 1233 2598 1283 2637; x_wconf 89' lang='lat' dir='ltr'><strong>ad</strong></span> <span class='ocrx_word' id='word_1_402' title='bbox 1315 2614 1356 2652; x_wconf 89' lang='lat' dir='ltr'><strong>p.</strong></span> <span class='ocrx_word' id='word_1_403' title='bbox 1386 2595 1546 2649; x_wconf 45' lang='lat' dir='ltr'><strong>¹4⁰·&gt;C·</strong></span> 
     </span>
     <span class='ocr_line' id='line_1_46' title="bbox 132 2646 1548 2708; baseline 0.003 -22"><span class='ocrx_word' id='word_1_404' title='bbox 132 2646 245 2697; x_wconf 83' lang='lat' dir='ltr'><strong>Quae</strong></span> <span class='ocrx_word' id='word_1_405' title='bbox 283 2651 332 2690; x_wconf 93' lang='lat' dir='ltr'><strong>de</strong></span> <span class='ocrx_word' id='word_1_406' title='bbox 367 2655 545 2693; x_wconf 83' lang='lat' dir='ltr'><strong>citatione</strong></span> <span class='ocrx_word' id='word_1_407' title='bbox 583 2662 748 2703; x_wconf 84' lang='lat' dir='ltr'><strong>monet,</strong></span> <span class='ocrx_word' id='word_1_408' title='bbox 794 2654 1067 2708; x_wconf 84' lang='lat' dir='ltr'><strong>intelliguntur</strong></span> <span class='ocrx_word' id='word_1_409' title='bbox 1094 2669 1139 2693; x_wconf 84' lang='lat' dir='ltr'><strong>ex</strong></span> <span class='ocrx_word' id='word_1_410' title='bbox 1163 2669 1205 2706; x_wconf 85' lang='lat' dir='ltr'><strong>p.</strong></span> <span class='ocrx_word' id='word_1_411' title='bbox 1241 2653 1406 2694; x_wconf 79' lang='lat' dir='ltr'><strong>235.D.</strong></span> <span class='ocrx_word' id='word_1_412' title='bbox 1466 2652 1548 2690; x_wconf 87' lang='lat' dir='ltr'><strong>Pro</strong></span> 
     </span>
     <span class='ocr_line' id='line_1_47' title="bbox 128 2701 1557 2762; baseline 0.002 -20"><span class='ocrx_word' id='word_1_413' title='bbox 128 2701 367 2752; x_wconf 75' lang='grc' dir='ltr'><strong><em>πρεσβεύων</em></strong></span> <span class='ocrx_word' id='word_1_414' title='bbox 404 2707 614 2762; x_wconf 86' lang='lat' dir='ltr'><strong>legendum</strong></span> <span class='ocrx_word' id='word_1_415' title='bbox 662 2723 742 2748; x_wconf 88' lang='lat' dir='ltr'><strong>esse</strong></span> <span class='ocrx_word' id='word_1_416' title='bbox 788 2716 857 2748; x_wconf 90' lang='lat' dir='ltr'><strong>aut</strong></span> <span class='ocrx_word' id='word_1_417' title='bbox 895 2709 1129 2762; x_wconf 61' lang='grc' dir='ltr'><strong><em>πρέσβεων,</em></strong></span> <span class='ocrx_word' id='word_1_418' title='bbox 1174 2715 1244 2747; x_wconf 88' lang='lat' dir='ltr'><strong>aut</strong></span> <span class='ocrx_word' id='word_1_419' title='bbox 1284 2706 1557 2762; x_wconf 69' lang='grc' dir='ltr'><strong><em>πρεσβευτῶκ</em></strong></span> 
     </span>
    </p>
   </div>
   <div class='ocr_carea' id='block_1_3' title="bbox 174 2778 1277 2831">
    <p class='ocr_par' dir='ltr' id='par_1_4' title="bbox 174 2778 1277 2831">
     <span class='ocr_line' id='line_1_48' title="bbox 174 2778 1277 2831; baseline 0.012 -20"><span class='ocrx_word' id='word_1_420' title='bbox 174 2778 434 2819; x_wconf 74' lang='lat' dir='ltr'><strong>Constantinus</strong></span> <span class='ocrx_word' id='word_1_421' title='bbox 457 2786 629 2831; x_wconf 71' lang='lat' dir='ltr'><strong>Porphyr.</strong></span> <span class='ocrx_word' id='word_1_422' title='bbox 661 2786 737 2820; x_wconf 89' lang='lat' dir='ltr'><strong>Vol.</strong></span> <span class='ocrx_word' id='word_1_423' title='bbox 762 2786 810 2819; x_wconf 87' lang='lat'><strong>11.</strong></span> <span class='ocrx_word' id='word_1_424' title='bbox 1234 2783 1277 2817; x_wconf 85' lang='lat'><strong>25</strong></span> 
     </span>
    </p>
   </div>
  </div>
 </body>
</html>
