1884 3132
266 160 377 198 220
478 163 482 168 ·
576 159 648 200 10.
691 159 796 201 mc.
835 157 1029 201 RsslsKn
1071 158 1451 201 commm'mnn
1483 149 1486 151 ’

264 262 420 317 patellis
448 275 521 316 pro
547 261 786 314 excipiendis
815 275 1021 301 cereorum
1050 261 1238 315 lacrymis
1265 269 1304 301 et
1333 261 1534 302 sordibus.
1590 259 1711 302 Ratio'

267 317 543 371 appellationis
573 331 596 355 a
629 316 764 369 phiala
782 346 794 368 ‚
824 331 927 371 quae
952 325 1011 356 est
1039 316 1147 356 lacus
1177 317 1278 356 fonti
1301 317 1457 357 salienti
1480 317 1710 369 excipiendo

267 373 519 425 suppositus,
562 372 793 425 repetenda.
853 373 913 411 Ut
954 373 1060 411 enim
1105 372 1171 411 hic
1198 387 1345 426 aquam
1370 387 1395 412 a
1422 371 1588 426 siphone
1614 371 1711 425 pro-'

265 429 408 467 iectam
433 428 598 480 recipit,
631 428 686 466 ita
713 427 848 481 phiala
877 442 947 467 seu
975 426 1120 481 patella
1157 427 1392 467 orbicularis
1419 441 1534 467 cereo
1562 441 1711 481 suppo-

266 485 343 522 sita
373 497 486 522 cerae
514 483 710 536 lacrymas
739 482 956 522 defluentes
989 484 1147 536 excipit.
1205 484 1266 522 De
1294 483 1364 522 tali
1388 482 1523 537 phiala
1550 494 1718 522 cereum‘

263 539 484 578 sustinente
515 539 668 591 accipio
707 538 832 578 verba
860 538 1060 578 Anastasii
1097 540 1136 577 in
1177 539 1380 592 Sylvestro
1414 539 1554 591 Papa,
1603 537 1712 591 apud

263 594 331 633 Du
364 595 498 647 Gange
527 594 659 633 Gloss.
692 594 783 633 Lat.
814 608 856 633 v.
887 595 1065 634 Phiala:
1122 595 1175 633 In
1204 595 1332 634 medio
1352 596 1488 647 sontis
1529 594 1710 634 columna

259 651 565 704 poaephyredm,
613 664 714 705 quae
747 654 884 705 portat
914 651 1097 704 phialam
1136 662 1297 689 miream
1312 679 1324 701 ‚
1365 651 1433 689 uhi
1456 649 1625 688 candela
1657 659 1716 690 est

265 719 363 745 auro
386 706 597 760 purissimo
626 712 703 744 etc.
767 705 977 744 Habebant
1005 713 1138 744 autem
1160 706 1299 744 Graeci
1328 719 1404 758 pro
1422 705 1545 744 variis
1573 704 1714 745 usibus

265 762 400 800 varios
430 774 584 807 cereos,
615 768 662 800 ut
681 760 991 813 processionales
1010 790 1021 811 ‚
1054 768 1092 800 et
1112 759 1209 800 alios
1235 761 1307 813 τῆς
1334 759 1582 811 προσευχῆς.
1611 760 1719 800 Vid.·

269 829 314 869 p.
341 814 408 870 75.
440 816 488 855 C.
518 817 647 855 nostri
675 816 823 855 codicis
853 823 892 855 et
918 816 1038 855 huius
1069 818 1238 869 paginae
1262 815 1340 855 suh
1366 815 1514 866 finem,
1543 814 1614 854 ubi
1636 816 1713 854 Im-

265 879 428 924 perator
455 885 614 910 cereum
651 871 980 925 processionalem
1022 872 1245 924 praeposito
1283 871 1475 922 reddere,
1517 877 1557 910 et
1585 870 1637 910 ab
1664 885 1716 911 eo
1779 903 1781 906 .

264 926 438 966 vicissim
479 927 638 966 cereum
674 929 853 980 accipere
885 927 1058 978 dicitur⁷
1105 929 1270 980 quicum
1307 941 1444 980 preces
1480 925 1624 976 faciat,
1671 932 1714 966 et

265 995 406 1021 rursus
442 996 646 1022 resumere
687 982 1023 1036 processionalem
1058 989 1098 1022 et
1125 997 1218 1022 cum
1256 996 1304 1022 eo
1330 988 1514 1022 sanctum
1538 995 1713 1036 evange-

266 1035 367 1077 lium
394 1038 576 1076 adorare.

379 1093 433 1132 D.
456 1093 498 1133 8.
526 1092 644 1147 [126‚
665 1092 729 1147 6.]
761 1091 1078 1144 διδασκαλείου,
1107 1088 1211 1133 ἔνθα
1239 1090 1540 1146 ἐπιγέγραπται
1557 1087 1610 1132 τὰ
1631 1105 1713 1131 πα-

265 1142 439 1199 σχάλια.
494 1148 776 1187 Didascaleum
805 1149 924 1188 fuisse
953 1157 1045 1188 ante
1073 1149 1447 1202 Narthecem‚patet
1471 1162 1518 1187 ex
1544 1147 1622 1187 hoc
1651 1146 1715 1187 lo-

267 1217 330 1242 co.
389 1203 496 1243 Puto
524 1205 659 1257 itaque
687 1203 820 1243 locum
847 1204 990 1256 fuisse,
1021 1205 1090 1243 ubi
1115 1205 1387 1244 catechumeni
1411 1203 1592 1243 doctrina
1612 1203 1714 1242 chri·

268 1259 398 1298 stian‘a
426 1259 569 1298 imbuti
597 1259 788 1310 fuerunt,
820 1260 930 1313 quod
959 1267 1051 1299 ante
1079 1260 1143 1300 vel
1175 1261 1216 1298 in
1245 1259 1444 1298 Narthece
1468 1258 1603 1297 fiebat.
1633 1258 1714 1299 Λι-

269 1309 438 1353 δάσκειν
468 1314 669 1354 interdum
697 1322 811 1354 notat
837 1317 1071 1354 catechisare
1092 1346 1103 1365 ‚
1139 1315 1341 1354 interdum
1367 1328 1560 1353 sermones
1582 1327 1715 1352 sacros

267 1368 327 1408 ad
357 1371 549 1424 populum
577 1372 752 1422 facere,
810 1377 857 1409 ut
883 1378 1038 1410 constat
1076 1385 1098 1410 e
1130 1371 1333 1410 Glossario
1370 1370 1445 1408 Gr.
1473 1370 1541 1408 Du
1571 1368 1712 1422 Cangii

266 1423 313 1463 h.
343 1438 458 1464 voce.
515 1425 688 1464 Videtur
715 1426 768 1464 ibi
797 1425 936 1464 tabula
958 1441 1050 1465 cum
1079 1426 1191 1480 cyclo
1218 1425 1397 1480 paschali
1422 1425 1599 1478 exposita
1619 1423 1713 1463 fuis-
1772 1462 1782 1471 ,

267 1492 324 1518 se.
382 1480 437 1518 Et
464 1480 567 1519 forte
597 1481 647 1520 de
675 1480 752 1520 hac
792 1480 931 1520 tabula
973 1481 1203 1535 accipienda
1242 1489 1337 1521 sunt
1367 1479 1613 1534 perobscura
1643 1477 1714 1518 illa

267 1533 509 1587 Luitprandi
536 1536 661 1575 verba
688 1537 829 1590 Legat.
859 1551 900 1590 p.
932 1535 1028 1588 480.
1058 1537 1102 1576 b.
1130 1538 1203 1576 D.:
1233 1535 1422 1590 Armiger
1444 1537 1554 1575 Ιιιιίιις
1582 1536 1713 1588 (nem-

267 1603 319 1643 pe
347 1590 592 1643 Nicephori)
621 1593 763 1644 sagitta
792 1593 946 1631 calamo
973 1594 1146 1632 immissa
1169 1607 1305 1632 aeram
1331 1593 1374 1631 in
1401 1591 1561 1631 ecclesia
1580 1591 1708 1646 ponit,

267 1660 368 1700 qaae
391 1649 654 1702 prosequitur,
677 1661 752 1703 quo
772 1648 958 1687 nimirum
978 1658 1148 1703 tempore
1165 1649 1358 1703 imperare
1373 1647 1554 1711 coeperit.
1596 1644 1713 1684 Alias

267 1714 430 1754 quoqne
451 1698 664 1742 διδάσκειν
692 1710 751 1741 est
766 1717 898 1742 sacras
915 1706 1109 1743 orationes
1130 1705 1309 1753 recitare,
1337 1701 1586 1747 διδασκαλος
1601 1714 1714 1740 sacer

267 1766 418 1796 orator.
476 1757 672 1810 Adeoque
711 1766 842 1812 posset
883 1758 1173 1798 διδασκαλεῖον
1209 1758 1320 1798 loeus
1360 1771 1472 1804 esse,
1517 1755 1588 1794 ubi
1631 1762 1712 1795 stat

267 1811 409 1862 ambo,
439 1826 461 1851 e
488 1827 568 1867 quo
597 1827 707 1852 sacer
733 1821 869 1853 orator
893 1814 1087 1868 populum
1115 1814 1245 1865 docet,
1275 1822 1314 1854 et
1338 1809 1622 1858 &suomi-lac,
1643 1810 1715 1850 do*

267 1868 416 1906 ctrinas
445 1882 537 1907 suas
552 1898 563 1919 ,
610 1883 679 1907 seu
721 1884 851 1909 sacras
879 1871 1077 1909 orationes
1103 1871 1258 1909 recitat.
1317 1867 1434 1907 Conf.
1466 1865 1708 1920 Theophan.

267 1935 310 1974 p.
342 1921 410 1976 75.
441 1923 488 1962 C.
520 1938 560 1978 7.
619 1923 698 1963 Sed
725 1925 790 1964 hic
818 1924 895 1964 loci
923 1927 1063 1978 nequit
1090 1939 1198 1973 esse,
1237 1925 1332 1979 quia
1358 1923 1479 1963 ambo
1509 1923 1550 1962 in
1577 1923 1711 1963 medio

267 1976 358 2016 Nao
388 1977 532 2017 stabat.
591 1979 653 2018 De
679 1979 880 2020 didascalo
925 1979 1223 2034 evangeliorum
1243 1987 1298 2019 ‘et
1335 1978 1592 2032 epistolarum
1619 1979 1705 2019 vid.

266 2031 336 2070 Du
366 2032 498 2087 Gange
526 2034 578 2072 ad
608 2035 790 2074 Cinnam.
822 2050 865 2088 p.
886 2035 980 2087 460.
1037 2035 1080 2090 *[
1093 2037 1140 2074 In
1168 2049 1282 2075 cereo
1307 2033 1497 2088 ⁴paschali
1525 2035 1709 2074 annotari

268 2086 367 2125 olim
399 2089 581 2128 solebant
611 2091 705 2128 anni
734 2105 757 2128 a
786 2091 934 2130 Christi
963 2092 1248 2130 incarnatione.
1305 2089 1515 2129 Mabillon.
1548 2090 1707 2129 Comm-

268 2142 312 2180 in
343 2143 447 2182 Ord.
478 2146 596 2183 Rom.
624 2159 666 2198 p.
698 2159 808 2199 19¹.,
836 2160 879 2185 v.
903 2145 1078 2185 Moleon.
1108 2147 1274 2200 Voyage
1288 2144 1593 2200 Liturgique.]*
1649 2145 1704 2184 V.

269 2195 338 2235 Du
367 2198 501 2253 Gange
527 2199 657 2239 Gloss.
688 2201 778 2238 Lat.
807 2214 851 2240 v.
884 2202 1023 2240 Cereus
1045 2203 1266 2256 paschalis,
1312 2201 1384 2240 ubi
1412 2202 1497 2239 ait:
1550 2199 1708 2251 „Cereo

268 2252 444 2304 paschali
465 2254 570 2308 affigi
598 2255 697 2295 solet
715 2256 845 2294 titulus·
874 2270 943 2295 seu
972 2257 1132 2308 tabella,
1162 2272 1282 2310 quam
1305 2255 1528 2310 paschalem
1544 2261 1706 2306 vocant,

269 2307 313 2345 in
342 2322 421 2360 qua
443 2320 677 2363 praecentor
702 2311 888 2359 inscribit,
902 2321 1037 2367 quotus
1063 2327 1187 2352 annas
1211 2314 1261 2351 sit
1283 2313 1504 2351 dominicae
1529 2311 1707 2349 incarna-

270 2362 409 2411 tionis,
441 2375 558 2418 quota
596 2366 782 2415 indictio,
823 2362 1074 2417 concurrens]
1124 2377 1162 2407 et
1194 2377 1375 2422 epactae,
1415 2369 1506 2406 icem
1543 2366 1709 2404 cl'mzdzcs

271 2415 388 2455 lunae
400 2447 411 2465 ,
462 2422 645 2460 terminus
671 2422 867 2470 Paschae,
915 2423 1029 2461 litera
1064 2422 1334 2472 dominicalis,
1383 2422 1466 2461 dies
1492 2420 1708 2459 dominibus
1735 2423 1739 2427 '

272 2469 472 2522 Paschae,
520 2476 613 2515 lima
651 2478 770 2531 ipsius
806 2477 907 2526 diei,
952 2487 990 2517 ec
1015 2472 1160 2518 aureus
1198 2492 1396 2530 numerus,
1446 2476 1706 2532 Pontg'ficante

270 2523 327 2562 N.
370 2526 511 2579 Papa,
557 2541 595 2570 et
631 2542 724 2587 quot
749 2533 848 2570 anni
878 2542 966 2572 sunt
1004 2535 1084 2572 eius
1111 2534 1391 2590 Pontificum,
1436 2541 1620 2584 regnante
1655 2531 1707 2569 il-

271 2579 496 2644 lustrissimo
534 2599 622 2638 rege
659 2588 903 2627 Francorum
917 2617 929 2637 ‚
977 2598 1015 2628 ec
1046 2598 1138 2644 quot
1173 2591 1272 2628 anni
1306 2596 1394 2627 sunt
1429 2587 1541 2639 regni
1564 2588 1644 2625 eius
1669 2593 1708 2625 et

270 2647 297 2671 a
343 2644 548 2676 nativitate
592 2642 799 2680 ει“ιιςιίεηι.”
876 2644 1009 2683 Habet
1050 2644 1198 2683 ibidem
1243 2658 1264 2682 e
1302 2641 1503 2683 veteribus
1556 2640 1704 2680 chartis

272 2687 435 2728 titulum
477 2695 578 2732 cerei
612 2696 808 2747 paschalis
845 2698 1018 2752 capellae
1053 2701 1155 2752 regis
1183 2699 1388 2738 Parisinae
1419 2697 1612 2749 scriptum
1641 2693 1709 2734 an->

270 2756 325 2783 no
371 2744 535 2787 Domini
585 2749 903 2793 MCCCXXVII.
963 2752 1122 2796 Titulus
1168 2752 1234 2793 hic
1278 2754 1320 2792 in
1362 2750 1526 2793 ecclesia
1563 2752 1708 2792 Latina
