1884 3132
188 208 263 250 AD
299 203 597 251 CONSTANT-
633 205 831 250 PORPH.
857 207 930 249 DE
954 205 1137 250 CERm.
1170 206 1269 249 LIB-
1293 209 1348 250 11.
1423 210 1529 266 901

108 309 295 366 palatii?
330 308 499 349 Etiamsi
526 308 625 348 velis
663 308 714 348 de
742 310 1038 364 primipalwiis·
1072 309 1271 364 cogitare,
1310 308 1442 350 locum
1480 310 1539 351 illi

114 366 158 404 in
194 364 311 404 Cimo
344 378 431 404 non
470 363 634 404 habeut.
685 364 839 404 Suntne
874 364 995 404 iidem
1026 371 1146 418 atque
1172 362 1508 418 πρωτοβαλάριοι
1523 395 1539 417 ,

108 419 398 474 praa-ultores?
423 419 529 460 Sane
561 419 735 466 ballam,
763 415 933 469 βάλλειν
959 417 1057 464 (scil.
1080 417 1159 466 τὰς
1177 421 1357 471 χεῖρας),
1396 417 1540 470 βαλλί-

116 473 204 522 ζειν
222 479 283 514 aet
306 473 474 524 saltare,
501 473 609 512 unde
626 489 679 512 un
700 473 768 512 bal
786 480 861 524 est,
881 473 1063 525 saltatio3
1090 473 1174 515 vid.
1196 473 1360 514 Salmas.
1386 475 1438 513 ad
1456 475 1542 515 Ser.

116 527 222 571 Hist.
249 526 355 581 Aug.
380 529 431 572 T.
460 529 518 569 11.
545 542 588 581 p.
615 528 712 582 427.
745 526 840 578 428.
879 534 918 568 et
943 528 1011 567 Du
1041 528 1174 583 Gange
1199 528 1326 569 Gloss.
1352 536 1537 582 utroque.

31 620 36 624 .
112 581 191 622 Est
226 596 251 622 a
287 580 453 634 βάλλειν
488 582 592 635 (scil.
616 579 664 621 τὸ
705 580 841 633 σῶμα)
879 596 1039 636 quoque
1070 583 1311 623 Francicum
1341 583 1539 623 balancer.

117 636 254 690 Neque
278 637 452 677 insolens
480 644 538 677 eet
570 651 601 675 π
636 644 677 676 et
700 637 728 688 β
763 645 1006 690 permutare.
1051 637 1313 677 Maxulanbs
1342 639 1422 677 iam
1445 638 1541 678 alibi

114 691 196 731 dixi
220 691 319 731 mihi
345 692 473 732 videri
502 706 570 732 eos
595 705 706 743 esse,
735 693 805 745 qui
830 691 1053 745 pulvinaria
1078 691 1304 732 sedentibus
1329 693 1372 732 in
1400 692 1540 742 Circo,

112 745 201 786 >sive
225 747 371 800 gratis,
409 748 493 787 sive
518 746 723 793 mercede,
751 746 1022 786 substernunt.
1068 747 1328 800 Manganarii
1349 745 1449 787 mihi
1478 749 1541 786 vi-

114 799 263 840 dentur
299 815 383 841 esse
417 803 488 855 qui
525 797 579 841 τὰ
612 796 832 853 μάγγανα,
871 800 947 840 hoc
986 809 1046 842 est
1079 816 1162 842 non
1198 803 1425 853 machinas,
1471 802 1540 842 sed

114 868 314 904 numerus,
340 852 416 909 τὴν
441 851 681 908 ῧσπληγγα,
714 853 791 908 τὴν
817 855 1019 907 βαλβίδα,
1056 857 1164 898 unde
1189 856 1282 910 equi
1310 858 1353 895 in
1379 871 1542 896 cursum

115 908 421 950 dimittebantur
435 940 447 959 ‚
488 910 755 950 observabant
798 917 838 948 et
861 909 1125 964 claudebant,
1163 919 1233 951 aut
1271 910 1541 951 dimittebant.

114 964 215 1004 Nam
243 960 455 1017 μάγγανον
484 972 546 1005 est
578 979 686 1015 sera,
730 964 848 1013 obex,
884 966 1074 1030 pessulw.
1130 962 1202 1021 [Οἱ
1235 963 1462 1017 α’παλάριοι
1507 967 1537 1005 f.

114 1027 210 1058 sunt
223 1020 342 1072 primi
370 1019 576 1059 saltatores
602 1033 626 1058 a
649 1015 822 1072 πρώτως
840 1021 1027 1068 παλλειν,
1051 1021 1231 1075 primum
1259 1020 1410 1070 balam,
1433 1021 1543 1060 unde

115 1082 296 1114 nostrum
319 1075 486 1114 walleri.
518 1073 666 1113 Palam
692 1074 829 1113 ovium
854 1081 913 1113 est
940 1075 1133 1130 σκιρτᾷν;
1169 1089 1212 1114 v.
1240 1075 1309 1113 Du
1338 1074 1474 1128 Cange
1495 1089 1539 1114 v.

110 1127 445 1237 Ἤρ,
480 1130 551 1182 qui
585 1128 630 1168 iu
657 1127 859 1169 orchestra
884 1128 1043 1184 palam,
1071 1130 1149 1170 hoc
1175 1135 1236 1169 est
1262 1128 1424 1169 saltant.
1465 1130 1543 1170 Ex

220 1238 278 1277 D.
305 1238 349 1279 8.
378 1236 494 1292 [800,
523 1235 607 1291 13.]
634 1233 675 1277 οἷ
701 1237 923 1285 στένοντες.
961 1238 1078 1278 Cous.
1104 1237 1172 1278 Du
1193 1237 1329 1292 Gange
1357 1251 1399 1277 v.
1421 1237 1542 1277 §tlu-

111 1303 212 1331 νειν.
266 1293 494 1332 Recurmnt
516 1292 560 1330 hi
588 1291 773 1344 deinceps
798 1291 877 1331 bis.
931 1291 1074 1344 Erant,
1100 1300 1147 1332 ut
1171 1292 1271 1331 mihi
1295 1291 1455 1346 quidem
1478 1294 1542 1332 vi-

114 1345 278 1396 deutur,
298 1346 372 1397 illi,
397 1348 467 1400 qui
483 1341 661 1393 ἔστενον,
692 1348 734 1385 in
749 1346 930 1385 ordinem
948 1346 1211 1397 collocabant,
1225 1361 1399 1386 scamna.
1441 1347 1542 1386 Nam

112 1401 212 1439 novi
238 1401 380 1441 Graeci
407 1399 564 1441 στένειν
603 1414 675 1453 pro
707 1401 857 1451 στῆσαι
890 1400 954 1439 vel
994 1397 1176 1441 ἱστάνειν
1209 1401 1363 1439 dicunt.
1427 1401 1545 1440 Ordo

112 1455 296 1496 CPtanae
331 1455 517 1495 ecclesiae
556 1454 675 1507 (apud
711 1455 779 1492 Du
806 1454 939 1518 Cangf
963 1470 1007 1495 v.
1036 1448 1282 1506 εὖτακτεῖν)τ
1322 1449 1346 1493 ὅ
1371 1454 1447 1506 τῆς
1470 1454 1543 1494 εὖ·

111 1508 254 1556 ταξίας
279 1508 448 1549 ἵσταται
474 1508 547 1549 καί
584 1509 750 1560 δέχεται
775 1505 875 1555 weg
902 1522 1107 1561 αρχοντας
1131 1507 1204 1547 καί
1228 1507 1359 1549 στένει
1386 1505 1545 1554 αιῖτοὺς

109 1561 217 1602 κατὰ
238 1561 315 1616 τήν
340 1560 472 1612 τάξιν.
537 1563 645 1617 Ergo
672 1570 858 1617 poterant
887 1577 1045 1603 scamna
1075 1563 1183 1602 Circi
1207 1562 1294 1603 tolli
1321 1570 1361 1602 et
1386 1564 1543 1615 reponi.

109 1617 377 1672 Theophanes
404 1619 488 1659 An.
527 1633 589 1685 17.
622 1617 822 1657 Heraclii:
868 1613 965 1664 τούς
1000 1612 1227 1669 ἐμβόλους,
1270 1613 1344 1664 οὓς
1380 1612 1541 1656 ἔστενεν

113 1666 179 1711 ὅτε
206 1673 251 1712 ἐν
277 1672 424 1728 κάμπῳ
455 1674 537 1726 η’πλ
566 1686 722 1712 κευσεν.
787 1673 1022 1724 anonymus
1049 1672 1101 1712 de
1126 1670 1276 1724 templo
1299 1671 1344 1710 S.
1371 1670 1543 1725 Sophiae

110 1741 154 1780 p.
183 1727 299 1773 258.:
330 1725 351 1767 ὅ
382 1724 566 1779 σταυρὸς
590 1725 666 1767 τοῦ
683 1720 874 1776 ἅμβωνος
890 1724 1025 1767 ἔστενε
1039 1726 1222 1779 χρυσίου
1243 1725 1388 1778 λίτρας
1416 1724 1470 1777 ρ’,
1498 1725 1540 1764 id

112 1789 172 1820 est
205 1778 351 1834 ἔστησε
364 1812 375 1830 ,
410 1783 619 1837 pendebat.
679 1782 740 1820 lta
766 1796 924 1837 quoque
951 1779 1208 1822 καταστένειν
1234 1794 1307 1833 pro
1337 1777 1541 1819 καθιστά-

110 1848 219 1886 νειν,
240 1850 512 1892 praeparate,
541 1845 640 1877 recte
664 1836 880 1890 deb-ponere,
901 1845 1054 1891 aptare.
1107 1834 1397 1888 Euchologium
1418 1834 1540 1872 Goari

110 1904 154 1955 p.
184 1891 310 1939 aaa:
355 1891 565 1944 γεμιζεται
603 1887 741 1930 ἔλαιον
778 1886 960 1944 κάνδηλα
988 1884 1146 1941 μεγάλη
1171 1889 1371 1942 χωροῦσα
1398 1888 1539 1940 λίτρας

110 1943 214 1987 erui
257 1946 330 1986 καί
373 1945 541 1993 ἕκαστος
582 1943 824 1985 καταστένει
863 1947 920 1998 [ἰά
959 1952 1017 1984 eet
1043 1943 1242 1996 καθιστᾷ,
1272 1939 1541 1992 καθιστάνει,

111 1997 367 2054 εὐτρεπίζει]
394 1998 439 2040 τὸ
466 1997 576 2040 ἴδιον
601 1998 797 2049 μολίβδιν
834 1996 941 2050 μετὰ
979 1996 1176 2050 ἆπτρίου,
1218 2006 1257 2036 et
1286 1999 1542 2051 unusqm’sqzoe

107 2065 327 2110 praeparat
344 2071 455 2094 suum
482 2056 670 2106 ellychnii
681 2055 875 2093 alveolmn
894 2057 1091 2110 ipsuquoe
1108 2053 1356 2103 εἶζγσήηιιιηι.
1382 2051 1541 2089 Scilicet

111 2117 265 2150 veteres
291 2117 337 2148 ut
376 2106 559 2149 ἶστάνειν
586 2108 798 2158 dicebant,
837 2111 892 2148 sic
921 2120 1080 2162 quoque
1107 2107 1292 2146 dicebant
1322 2101 1536 2144 ἱσταίνειν.

114 2165 204 2204 Hoc
216 2163 433 2204 efferebant
449 2169 494 2203 ut
510 2160 692 2203 ἱστένειν.
723 2163 782 2202 Ex
810 2178 856 2202 eo
878 2165 972 2202 novi
986 2163 1162 2201 fecerunt
1176 2161 1342 2206 στένειν,
1367 2166 1412 2197 ut
1428 2158 1539 2209 μέρα

111 2234 186 2272 pro
214 2214 364 2271 ἧμὲρα,
398 2215 663 2271 λιτρόβουλος
690 2231 763 2269 pro
790 2215 1098 2270 ἄλιτρόβουλος;
1128 2212 1252 2266 μάτιν
1275 2227 1351 2268 pro
1380 2209 1542 2264 ἱμάτιον

113 2281 212 2324 etc.;
244 2271 448 2322 διαβένειν
474 2286 548 2326 pro
576 2271 820 2321 διαβαίνειν.

223 2327 276 2367 D.
303 2339 345 2380 9.
386 2325 501 2380 [800‚
528 2325 611 2378 ¹4]
650 2322 897 2377 ἆκεντάριοι.
962 2325 1104 2364 Sintne
1145 2336 1169 2362 a
1214 2321 1457 2371 centonibus,
1500 2328 1541 2359 et

111 2377 327 2433 ἇσελᾰριοι
343 2411 356 2431 ‚
393 2394 421 2419 a
446 2383 551 2421 sellis
567 2411 580 2432 ,
622 2387 692 2418 aut
713 2381 992 2433 protocentarii
1025 2387 1144 2431 atque
1174 2376 1418 2430 protosellit',
1458 2389 1540 2413 non

112 2438 257 2477 dicam.
310 2435 453 2474 Unum
490 2447 613 2490 aeque
648 2442 767 2486 atque
804 2436 972 2475 alterum
999 2431 1192 2484 intelligo.
1248 2431 1402 2470 Suntne
1439 2429 1541 2468 forte

112 2491 305 2531 acentarii
340 2490 410 2543 qui
450 2498 635 2529 centones
671 2489 824 2530 faciunt
864 2497 902 2529 et
941 2488 1146 2536 vendunt,
1196 2485 1341 2539 quibus
1380 2497 1540 2523 scamna

108 2545 313 2585 circensia
356 2544 624 2583 induebantur
644 2574 655 2592 ‚
703 2550 743 2582 et
776 2544 938 2584 aselan'i
985 2543 1055 2596 qui
1092 2541 1207 2582 sellas
1258 2541 1420 2595 equinas
1463 2552 1539 2591 pro

111 2601 222 2653 equis
248 2598 500 2639 CircensiBus
526 2599 720 2639 faciebant
733 2603 753 2638 ’ἒ

115 2655 169 2692 *ἢν
197 2653 291 2705 463.
315 2654 368 2694 A.
386 2653 536 2706 penult.
559 2653 671 2705 [801,
691 2653 755 2708 6.]
783 2651 1029 2707 φωταψιῶν.
1086 2651 1194 2702 Quia
1218 2649 1387 2689 maxima
1413 2661 1538 2704 paene

114 2709 290 2760 impensa
317 2709 571 2748 ecclesiarum
598 2709 703 2762 apud
733 2709 904 2748 Graecos
930 2714 971 2746 et
1004 2707 1165 2746 Latinos
1190 2705 1235 2744 fit
1270 2705 1311 2769 in
1343 2717 1475 2744 cei-eos
1496 2710 1536 2742 et

115 2761 339 2816 lampades,
367 2764 457 2805 ideo
485 2777 587 2819 quae
613 2763 797 2805 ecclesiae
830 2763 1030 2803 donantur
1045 2789 1058 2814 ‚
1088 2761 1147 2801 ad
1185 2760 1439 2803 tunnam-iam
1474 2758 1537 2798 di-
