1884 3132
261 92 368 150 518
538 108 611 151 10.
653 106 760 148 IAC.
802 109 998 148 RsslsKu
1043 105 1422 152 COMMENTARU

257 216 368 260 coelo
396 215 600 262 diversas3
645 214 738 250 item
780 211 1024 251 cordoba-cas
1043 241 1054 256 ,
1086 212 1194 251 unde
1232 219 1414 257 nostrum
1445 211 1702 263 Cordowan3

259 286 333 311 nos
362 270 484 309 hodie
529 268 777 307 celebramus
812 267 998 305 Tib-hisch
1034 266 1192 318 Leder,
1222 265 1404 320 Saffi'an,
1446 266 1672 307 Cordowan
1689 296 1704 316 ,

259 326 524 380 Illarroqain‚
573 330 643 361 aut
672 324 705 361 si
749 322 896 375 quibus
945 322 1032 360 aliis
1060 322 1293 361 nominibus
1321 320 1560 375 appellatur.
1618 322 1708 361 Non

261 381 452 420 differunt
477 379 552 417 hae
583 378 704 431 pelles
732 385 801 416 aut
828 379 937 415 coria
962 379 1116 416 ratione
1160 378 1489 430 praeparationis,
1522 376 1591 416 sed
1618 384 1710 416 tan-

260 444 347 475 tum
375 435 641 475 officinarum.
673 432 784 472 Olim
816 434 920 471 inter
947 447 1010 471 res
1036 433 1229 486 pretiosas
1257 440 1371 472 erant
1398 432 1521 486 pelles
1549 431 1712 482 rubrae,

263 492 349 531 vid.
383 493 540 530 murat.
581 489 704 529 '1'.11.
726 490 813 527 Ser.
837 489 932 527 Rer.
956 487 1047 526 Ital.
1095 503 1135 541 p.
1161 486 1249 539 143.
1293 489 1334 527 b.
1354 518 1365 538 ‚
1397 495 1437 526 et
1470 487 1712 541 Luitprand.

268 548 375 587 Hist.
405 547 480 584 Vl.
511 546 550 584 3.
624 545 733 582 Inter
766 544 870 583 dona
889 573 900 592 ‚
939 557 1043 596 quae
1071 542 1255 582 Alaricus
1303 543 1356 582 ab
1399 543 1557 582 obsessa
1585 543 1716 581 Roma

267 602 487 656 flagitabat,
509 607 623 639 erant
652 606 712 638 ter
742 599 850 637 mille
881 596 1067 648 δέρματα
1089 598 1346 651 κοκκοβαφῆ,
1377 599 1526 637 Zosim.
1557 613 1598 652 p.
1621 596 1718 636 556.

270 659 374 707 fine,
405 665 444 695 et
476 657 515 695 in
543 658 590 694 iis
609 686 620 706 ‚
661 669 763 708 quae
801 654 1018 692 Theodosii
1061 653 1178 706 legati
1207 655 1366 706 reginae
1396 653 1557 692 cuidam
1585 652 1717 706 lllyri-

271 728 341 752 cac
369 713 546 762 dabant,
577 718 691 749 erant
719 706 871 762 φιάλαι
914 712 1026 760 τρεῖς
1058 709 1244 760 ἀργυραῖ
1266 710 1338 748 καί
1365 705 1529 760 ἐρυθρὰ
1560 706 1721 759 δέρμα-

273 784 347 816 τα,
380 768 453 806 καί
481 763 526 806 τὸ
559 766 600 814 ἑξ
621 760 772 810 Ἰνδίας
800 762 946 815 πέπερι
979 761 1052 802 καί
1081 762 1101 802 ὁ
1129 763 1208 803 τῶν
1238 763 1434 817 φοινίκων
1461 759 1647 815 καρπός,
1675 768 1724 811 ut

275 825 331 863 ait
359 823 520 862 Priscus
547 821 700 859 Rhetor
720 821 761 858 in
789 820 977 872 Excerpt.
1009 820 1150 872 Legat.
1176 819 1350 858 Hoesch.
1379 833 1421 872 p.
1445 817 1514 869 42.
1546 818 1636 856 fine.
1663 818 1721 855 V.

274 878 412 917 Vales.
441 878 492 916 ad
522 877 658 915 Amin.
679 874 860 914 Marcell.
895 889 934 927 p.
958 872 1051 924 416.
1081 882 1119 913 ct
1147 873 1318 913 Salmas.
1348 874 1399 912 ad
1414 874 1502 912 Ser.
1533 873 1587 911 H.
1610 872 1721 925 Aug.

277 934 328 972 T.
349 935 400 972 II.
444 948 485 986 p.
504 931 598 983 [108.
667 930 924 969 Hermclinas
958 937 1029 967 aut
1071 931 1283 968 ermesinas
1342 929 1412 967 lias
1446 927 1564 982 pelles
1593 927 1726 966 medio

279 1003 378 1028 aevo
413 987 668 1041 appellabant
710 999 784 1038 pro
827 985 1081 1024 Armeniam.
1160 985 1266 1022 Nam
1293 998 1417 1037 aeque
1443 986 1485 1022 in
1515 983 1727 1032 Armenia,

281 1059 403 1098 quam
434 1042 599 1082 Parthia
639 1042 747 1080 etin
787 1041 928 1078 vicinis
968 1039 1197 1093 regionibus
1225 1039 1485 1092 parabantur.
1559 1039 1728 1076 Proces-

283 1114 350 1139 sus
380 1099 430 1137 de
454 1097 714 1137 translatione
742 1096 784 1134 S.
803 1095 999 1133 Antonini
1030 1095 1151 1148 (apud
1169 1095 1235 1132 Du
1257 1095 1390 1147 Gange
1416 1109 1457 1136 v,
1486 1093 1728 1141 R'laticnm):

282 1155 430 1194 dictum
488 1162 662 1191 sanctam.
707 1165 847 1204 corpus
877 1150 1015 1201 caligis
1049 1149 1307 1204 εχιίῖίαῐίεο,
1362 1158 1404 1188 at
1423 1149 1590 1196 dicitur,
1637 1147 1732 1186 albo

286 1210 465 1264 [weissen
490 1208 530 1247 Ζ
537 1204 874 1259 wit-:mtriimsffen‘j
911 1214 948 1243 et
972 1205 1198 1244 sandalibus
1232 1219 1287 1244 ex
1327 1205 1515 1242 ermesino
1542 1203 1659 1242 rubro
1680 1223 1733 1232 —-·

287 1279 397 1304 more
422 1264 798 1317 arc-la[epia-oportun
834 1261 1047 1299 calceatam
1079 1261 1242 1298 exstitit.
1314 1259 1435 1308 Quod
1483 1258 1548 1297 hic
1588 1258 1737 1296 dicitur

262 1330 265 1332 ’
287 1321 522 1359 crmem'num
541 1318 716 1362 rubram,
748 1323 806 1354 est
834 1316 955 1365 idem,
985 1314 1094 1368 quod
1121 1315 1274 1353 corium
1289 1314 1523 1353 Parthicum
1550 1312 1738 1362 rubrum,

291 1382 330 1413 et
361 1374 532 1412 multum
561 1373 765 1411 diversum
795 1371 845 1409 ab
882 1370 952 1409 illo
981 1371 1155 1424 pretioso
1186 1369 1338 1423 pellitio
1358 1399 1369 1419 ‚
1397 1369 1507 1422 quod
1535 1382 1557 1406 e
1585 1368 1740 1406 siben-ia

291 1429 458 1468 affertur
487 1435 526 1467 et
555 1427 678 1481 vulgo
725 1425 990 1465 hei-melinum
1037 1425 1287 1478 appellatur,
1323 1425 1432 1478 quod
1461 1425 1581 1463 etiam
1609 1422 1742 1461 medio

293 1498 393 1523 aevo
422 1498 504 1523 non
535 1482 795 1536 ignorabant,
836 1489 880 1519 ut
909 1495 954 1519 ex
981 1482 1048 1519 Du
1079 1481 1212 1533 Cange
1244 1494 1283 1519 v.
1322 1480 1596 1519 Hermelinum
1644 1492 1742 1517 con-

295 1546 388 1578 stat.
459 1540 514 1578 At
552 1539 642 1591 quis
690 1551 870 1589 unquam
918 1536 1183 1574 hei-melinum
1229 1550 1384 1574 murem
1436 1534 1606 1573 rubrum
1643 1532 1747 1572 vidit

297 1602 368 1633 aut
395 1608 443 1632 eo
470 1593 636 1632 calceari
667 1592 870 1631 homiuem
899 1592 1083 1631 audivit?
1138 1592 1201 1630 De
1225 1590 1455 1630 eordubano
1481 1604 1523 1630 v.
1553 1590 1621 1628 Du
1639 1588 1746 1627 Can-

299 1664 347 1703 ge
376 1664 417 1689 v.
446 1649 709 1689 Cor-dehiscus.

411 1705 459 1743 B.
488 1703 652 1758 1.[466,
675 1701 740 1756 6.]
769 1697 1027 1754 πυρομάχια.
1044 1702 1104 1741 Ex
1120 1702 1347 1740 coniectura
1366 1702 1647 1753 interpretatus
1671 1697 1748 1748 fui,

301 1773 432 1812 neque
453 1759 683 1797 adhucdum
706 1757 848 1797 melius
869 1759 1080 1796 succurrit.
1104 1757 1268 1795 Interim
1297 1754 1631 1794 considerandum
1658 1767 1751 1806 per-

305 1816 463 1854 niitiam
481 1815 599 1852 docto
615 1813 768 1860 lectori,
800 1814 902 1851 sitne
918 1809 978 1862 μά
981 1825 1076 1863 χιον
1096 1812 1342 1861 terminatio,
1371 1810 1502 1864 qualis
1518 1817 1578 1849 est
1595 1823 1630 1848 e.
1657 1823 1694 1847 c.
1712 1810 1756 1848 in

306 1871 460 1908 Latinis
489 1878 657 1908 mentum
675 1899 685 1913 ,
719 1875 765 1907 ut
795 1870 1090 1907 instrumentum
1112 1898 1123 1915 ‚
1156 1875 1387 1906 tormentum
1416 1873 1493 1905 etc.
1552 1865 1617 1903 Sic
1648 1870 1755 1902 certe

306 1926 462 1978 reperio
490 1921 799 1974 σακκομάχιον,
830 1923 939 1976 quod
967 1922 1076 1961 aliud
1103 1922 1205 1961 nihil
1230 1936 1351 1975 quam
1379 1917 1530 1960 σάκκον
1559 1918 1756 1972 significa-

309 1994 354 2020 re
384 1979 558 2018 videtur.
616 1979 680 2018 Sic
727 1975 989 2029 πυρομάχιον
1019 1985 1120 2016 esset
1145 1978 1375 2031 igniarium,
1409 1990 1480 2015 vas
1509 1976 1591 2029 igni
1617 1981 1758 2013 teneu-

311 2036 382 2086 do,
413 2033 586 2086 gerendo
603 2063 614 2083 ‚
641 2033 930 2072 transferendo.

426 2091 472 2128 B.
507 2090 548 2128 3.
581 2088 700 2143 [466,
723 2087 788 2143 7.]
836 2086 1054 2139 ἐκκλησίαν
1096 2082 1319 2137 βασιλικήν
1348 2081 1454 2136 μετὰ
1484 2082 1624 2137 ἱερῶν.
1679 2082 1762 2122 Eo-

314 2145 476 2183 clesiam
527 2151 767 2182 castrensem
795 2144 990 2196 capellam
1029 2143 1161 2180 Latini
1207 2141 1326 2180 medii
1375 2141 1462 2179 aevi
1495 2137 1763 2193 appellabant.

315 2199 458 2237 Talem
495 2198 702 2238 ecclesiam
735 2198 924 2236 describit
960 2197 1221 2236 Eckehardus
1264 2197 1404 2234 Iunior
1445 2195 1495 2234 de
1521 2193 1688 2234 Casibus
1715 2191 1760 2230 S.

316 2253 422 2293 Galli
449 2269 487 2292 e.
525 2268 560 2292 1.
591 2253 655 2292 his
695 2253 858 2292 verbis:
894 2268 939 2291 ca
969 2253 1112 2302 ellam,
1149 2267 1229 2308 qna
1252 2253 1440 2290 itinerans
1477 2250 1654 2288 utebatur
1673 2260 1764 2285 cum

317 2310 494 2363 reliqniis
511 2307 676 2362 [nempe
695 2268 1013 2361 sanctorumset
1041 2308 1151 2346 libris
1174 2316 1210 2345 et
1242 2307 1416 2345 omnibus
1450 2303 1668 2343 utensilibus
1699 2315 1765 2339 sa·-

317 2365 408 2402 cris.
469 2363 672 2401 Collocata
702 2370 787 2401 erat
814 2362 906 2401 talis
934 2362 1096 2401 ecelesia
1123 2364 1165 2400 in
1194 2360 1384 2414 peculiari
1410 2360 1602 2405 tentorio,
1632 2363 1679 2394 ut
1695 2370 1765 2408 pa-

319 2424 377 2455 tet
411 2432 435 2456 e
461 2417 551 2456 loco
591 2418 771 2456 Gauterii
803 2417 1040 2455 cancellarii
1082 2418 1121 2455 in
1171 2418 1298 2455 Gestis
1327 2415 1402 2453 Dei
1427 2427 1498 2467 per
1527 2413 1705 2451 Francos
1723 2425 1764 2462 p.

322 2471 418 2521 454.
443 2487 477 2510 c.
497 2473 547 2511 fi:
606 2473 675 2511 sed
696 2474 790 2511 llaec
813 2472 990 2510 manibus
1020 2473 1230 2526 impiorum
1267 2472 1347 2508 iam
1373 2476 1573 2523 asportata
1598 2480 1678 2504 non
1704 2466 1768 2504 in-

321 2528 483 2565 veniant
498 2558 507 2574 ‚
535 2529 708 2581 exceptis
741 2528 935 2582 principis
966 2536 1002 2565 et
1031 2527 1207 2580 capellae
1236 2524 1407 2563 tentoriis
1423 2552 1434 2568 ‚
1469 2523 1511 2560 in
1537 2521 1674 2576 quibus
1702 2535 1773 2559 ne-

306 2581 548 2631 Jhndiszsimi
570 2583 746 2621 certatim
775 2583 866 2620 anri
893 2591 931 2620 et
954 2583 1108 2633 argenti
1143 2579 1532 2631 ornamentorumque
1564 2577 1773 2630 principa-

325 2635 425 2672 lium
447 2637 630 2689 cupidine
661 2651 749 2675 ense
784 2636 1075 2675 contendebant.
1130 2635 1354 2685 Utriusque
1382 2630 1456 2670 loci
1487 2630 1678 2669 indicium
1705 2631 1773 2668 Du

326 2688 478 2742 Caugio
503 2690 541 2728 in
555 2691 683 2730 Gloss.
699 2691 788 2731 Lat.
806 2705 845 2731 v.
864 2691 1032 2745 Capella
1059 2690 1201 2729 debeo.
1224 2684 1496 2727 Memorabilis
1522 2692 1581 2725 est
1591 2684 1775 2726 Durandi
