1826 3126
191 210 267 253 An
306 206 606 250 CONSTANT.
642 206 839 247 ponpa.
879 203 950 244 DE
988 203 1170 244 emm.
1211 203 1308 242 mn.
1350 203 1382 240 1.
1482 179 1544 234 15

113 313 233 354 nibus
251 342 264 363 ‚
303 319 372 351 ant
399 307 802 366 praestolationibus
832 304 1102 344 describendis
1133 303 1350 342 admodum
1379 300 1548 355 diligens

113 376 172 407 est
187 375 325 407 auctor
338 373 482 406 noster.
519 361 729 403 Praeclare
747 374 907 414 quoque
926 360 1014 399 illas
1032 359 1240 412 descripsit
1258 357 1546 411 Lustprandus,

102 423 390 462 Cremonensis
422 420 644 472 Episcopus
662 445 674 467 ‚
704 418 773 470 qui
802 418 895 454 ritui
926 415 1117 454 interfuit.
1173 415 1333 467 Operae
1372 414 1547 466 pretium

113 485 172 517 est
190 506 202 527 ,
231 479 316 516 eius
350 474 473 515 verba
498 472 750 521 adscribere,
792 484 873 524 quo
904 472 961 508 rei
998 471 1114 508 toties
1143 483 1215 521 per
1252 469 1359 507 hunc
1398 467 1546 507 librum

113 539 354 571 memoratae
382 530 632 583 perspicuam
674 533 714 565 et
743 524 903 579 plenam
936 524 1066 562 ideam
1103 526 1237 562 statim
1273 526 1314 561 in
1352 524 1547 576 principio

113 587 400 626 nanciscamur.
454 583 527 622 Ait
547 589 679 621 autem
711 582 767 620 sic
797 595 835 634 p.
861 578 955 631 480.
978 579 1017 619 b.
1044 580 1138 621 init.
1166 579 1383 625 Secunda,
1410 579 1549 631 inquit

111 641 402 695 Nicephorus,
430 638 539 678 hora
563 638 652 677 iam
682 636 871 684 transiit,
901 633 967 687 (ea
997 641 1056 673 est
1074 663 1086 685 ‚
1114 633 1333 673 secundum
1364 641 1548 672 nostrum

102 693 366 748 ,computandi
407 707 587 741 morem,
616 699 759 730 octava
801 691 997 729 matutina
1015 689 1047 742 ‚)
1078 686 1323 742 προέλευσις
1345 717 1356 737 ,
1398 687 1448 726 id
1485 696 1549 727 est

106 750 348 804 processio,
378 748 497 787 nobis
525 754 586 786 est
621 745 894 788 celebranda.
968 742 1096 799 Quod
1127 756 1236 783 nunc
1266 744 1398 781 instat
1442 756 1547 794 aga-

108 818 212 844 mus.
241 803 400 843 Contra
432 803 561 848 haec,
582 815 675 840 cum
703 809 982 855 opportunum
1001 797 1158 851 suerit,
1189 796 1545 853 respondebimus,

109 859 207 898 Non
232 858 376 913 pigeat
416 871 480 896 me
522 855 765 908 προέλευσιν
802 857 941 910 ipsam
986 853 1223 893 describere
1266 860 1306 892 et
1352 852 1547 892 dominos

102 926 221 953 -meos
248 912 418 952 audire.
448 911 768 963 Negotiatorum
788 908 1010 949 multitudo
1030 906 1204 962 copiosa
1224 907 1546 961 ignobiliumque
1597 906 1602 911 “

105 980 383 1023 personarum
434 980 484 1005 ea
528 966 793 1005 solemnitate
835 964 1014 1004 collecta
1059 962 1123 1002 ad
1165 963 1467 1015 susceptionem
1506 969 1546 1000 et

106 1021 279 1061 taudem
314 1021 545 1075 Nicephori
584 1034 613 1059 a
644 1020 814 1076 palatio
856 1032 981 1071 usque
1018 1017 1083 1058 ad
1107 1026 1300 1058 sanctam
1339 1016 1546 1069 Sophiam

107 1077 253 1130 quasi?
262 1090 343 1130 pro
378 1076 506 1115 muris
541 1076 640 1114 viae
676 1075 888 1126 margines
922 1075 1084 1120 tenuit,
1116 1073 1317 1128 clypeolis
1354 1072 1545 1111 tenuibus

108 1132 214 1170 satis
246 1140 286 1170 et
313 1131 484 1185 spiculis
508 1130 665 1170 vilibus
701 1129 978 1170 dedecorata.
1033 1129 1217 1168 Accessit
1242 1135 1284 1167 et
1321 1127 1387 1166 ad
1418 1126 1546 1166 dede·

106 1185 218 1225 coris
243 1185 363 1224 huius
397 1193 688 1236 augmentum,
732 1183 850 1238 quod
880 1184 995 1235 vulgi
1022 1184 1154 1238 ipsius
1175 1183 1321 1237 potior
1345 1195 1452 1238 pars
1474 1195 1546 1221 nu·

107 1240 176 1278 dis
204 1249 470 1295 processerat
497 1238 690 1295 pedibus.
747 1238 910 1289 Credo,
946 1240 1005 1278 sic
1043 1232 1317 1292 eos'putasse
1349 1245 1544 1276 sanctam

104 1295 247 1347 ipsam
275 1295 418 1349 potius
445 1307 658 1334 exornare
686 1293 944 1344 προέλευσιν.
1001 1292 1091 1332 Sed
1125 1301 1165 1332 et
1197 1293 1421 1347 optimates
1450 1293 1541 1336 sui,

102 1351 179 1402 qui
218 1362 311 1388 cum
351 1349 441 1403 ipso
499 1363 579 1404 per
616 1348 828 1403 plebeiam
874 1357 914 1388 et
964 1346 1272 1387 discalceatam
1306 1346 1544 1386 multitudi-

105 1417 201 1442 nem
232 1404 370 1457 ipsam
403 1405 687 1453 transierunt‚
717 1405 882 1456 magnis
911 1412 949 1442 et
979 1403 1113 1442 nimia
1140 1410 1348 1441 vetustate
1375 1402 1544 1440 rimatis

102 1458 256 1497 tunicis
278 1466 402 1497 erant
431 1457 582 1501 induti.
638 1457 755 1497 Satis
790 1458 1000 1498 decentius
1034 1457 1292 1510 quotidiana
1323 1465 1441 1495 veste
1475 1457 1543 1494 in-

102 1510 201 1550 dun·
235 1513 537 1566 procederent.'
578 1512 731 1552 Nullus
759 1522 846 1560 est,
889 1514 1005 1552 cuius
1048 1521 1198 1551 atavus
1236 1513 1347 1550 hanc
1390 1524 1544 1550 novam

105 1565 295 1607 haberet.
359 1567 491 1605 Nemo
537 1568 599 1606 ibi
642 1579 782 1613 auro,
822 1580 941 1606 nemo
984 1568 1155 1618 gemmis
1194 1574 1370 1604 ornatus
1416 1574 1543 1611 erat,

105 1619 191 1657 nisi
226 1619 314 1682 ipse
348 1620 461 1659 solus
500 1620 763 1673 Nicephorus
790 1648 806 1668 ,
846 1634 966 1674 quem
1009 1619 1255 1673 imperialia
1288 1629 1543 1659 ornamenta

105 1672 171 1712 ad
203 1687 412 1713 matorum
443 1687 650 1727 personas
679 1683 818 1714 sumta
850 1683 888 1714 et
919 1674 1151 1730 composita
1169 1672 1414 1726 foediorem
1442 1675 1612 1713 red-Ed.
1627 1679 1700 1714 1..5

105 1726 323 1771 diderant.
385 1728 470 1768 Per
499 1729 678 1768 salutem
717 1738 934 1778 vestram,
974 1743 1083 1784 quae
1123 1729 1227 1768 mihi
1263 1742 1359 1768 mea
1396 1731 1543 1770 carior

105 1789 250 1821 exstat
268 1811 280 1831 ‚
329 1796 418 1822 una
454 1792 688 1822 vestrorum
721 1785 914 1838 pretiosa
952 1786 1079 1824 vestis
1118 1797 1339 1837 procerum
1378 1793 1542 1824 centum

106 1836 256 1876 horum
287 1844 328 1876 et
360 1837 544 1890 amplius
567 1840 792 1892 pretiosior
821 1847 894 1878 est.
950 1840 1111 1879 Ductus
1143 1852 1239 1891 ergo
1260 1837 1325 1878 ad
1341 1838 1541 1890 προέλευ-

105 1904 176 1929 σιν
202 1891 340 1945 ipsam
372 1893 418 1930 in
447 1891 712 1933 eminentiori
747 1894 838 1934 loco
879 1895 1005 1934 iuxta
1034 1894 1230 1949 psaltas,
1267 1893 1319 1933 id
1347 1902 1406 1932 est
1436 1908 1538 1934 can-

110 1953 252 2007 tores,
283 1959 373 1985 sum
395 1948 654 1987 constitutus.
713 1949 925 2003 Quumque
960 1951 1084 2002 quasi
1111 1957 1285 2003 reptans
1311 1957 1540 1989 monstrum

105 1997 218 2061 allud
243 2001 517 2054 procederet,
548 2002 795 2044 clamabant
825 2004 1075 2044 adulatores
1105 2003 1302 2057 psaltae:
1329 2003 1444 2056 Euge
1463 2018 1539 2043 ve-

105 2061 170 2091 mt
208 2055 335 2094 stella
369 2057 609 2104 matutina,
645 2060 778 2110 surgit
811 2059 957 2106 Eous,
995 2061 1235 2099 reverberat
1263 2059 1407 2098 obtutu
1436 2060 1538 2099 solis

104 2107 254 2170 radios
274 2125 290 2154 ;
317 2111 492 2162 pallida
536 2114 847 2153 Saracenorum
883 2127 1024 2160 mors,
1065 2113 1326 2166 Nicephorus
1365 2111 1537 2164 μέδων,

104 2161 155 2199 zd
177 2170 258 2226 'est
290 2165 496 2226 princeps.
598 2166 719 2207 Unde
757 2177 796 2207 et
837 2169 1099 2208 cantabatur
1133 2166 1325 2218 μέδόντι,
1379 2168 1430 2207 id
1475 2177 1538 2209 est

105 2216 327 2270 Princtpz,
355 2219 592 2271 Nicephoro
620 2219 751 2261 πολλὰ
782 2219 879 2275 ἔτη,
911 2222 961 2262 id
997 2232 1055 2262 est
1086 2224 1228 2277 plures
1259 2225 1363 2262 anni
1400 2231 1537 2263 sunto.

106 2269 257 2333 Gentes
291 2273 397 2311 hunc
430 2275 640 2322 adorate,
668 2278 776 2316 hunc
809 2279 961 2324 colite,
987 2279 1082 2316 huic
1113 2277 1225 2316 colla
1255 2276 1536 2320 subdite-u

102 2324 240 2375 Igztur
253 2325 477 2389 falsidicis
508 2330 594 2368 illis
624 2332 800 2387 inflatus
834 2334 1030 2380 naeniis,
1058 2332 1102 2371 S.
1124 2332 1328 2388 Sophiam
1350 2333 1536 2386 ingredi-

103 2379 413 2443 tur,dom1nis
445 2384 530 2422 suis
559 2386 885 2439 imperatoribus
919 2402 960 2425 se
991 2402 1019 2426 a
1057 2388 1176 2438 longe
1207 2389 1468 2442 sequentibus
1497 2398 1536 2428 et

103 2446 148 2470 tn
171 2447 302 2495 ‘paczs
331 2437 471 2476 osculo
509 2439 574 2478 ad
610 2449 770 2480 terram
812 2456 938 2494 usque
978 2441 1274 2485 adorantibus.
1342 2443 1538 2494 Armiger

103 2487 225 2525 huius
273 2491 433 2541 sagitta
469 2494 637 2533 calamo
673 2497 860 2534 immissa
905 2510 1053 2535 aeram
1094 2496 1358 2541 in,ecclesia
1389 2500 1535 2551 ponit,

100 2553 210 2603 quae
251 2547 545 2607 prosequitur,
587 2562 668 2601 quo
698 2552 893 2588 nimirum
926 2560 1108 2605 tempore
1142 2552 1352 2604 imperare
1391 2566 1537 2605 coepe-

101 2602 182 2638 rit,
217 2605 255 2634 el
294 2612 353 2660 ⁸¹.⁶
385 2614 558 2650 aeram,
589 2605 663 2657 qui
691 2603 742 2642 id
771 2619 854 2644 non
877 2606 1102 2652 viderunt,
1126 2607 1386 2658 ,intelliguna
1434 2608 1535 2646 IIac

100 2648 250 2712 eadem
283 2651 352 2690 dze
386 2657 601 2695 convivam
626 2673 689 2697 me
713 2661 792 2699 sibi
827 2674 913 2698 esse
945 2661 1078 2702 iussit.
1116 2661 1213 2700 Non
1244 2670 1365 2700 ratus
1395 2671 1536 2700 autem

102 2715 165 2740 me
185 2703 354 2769 dtgnum
387 2722 473 2747 esse
503 2713 685 2765 cuipiam
719 2727 884 2753 suorum
916 2729 1133 2766 procerum
1165 2717 1392 2770 praeponi,
1418 2718 1537 2768 quin-

102 2763 170 2813 tus
206 2759 390 2801 dectmus
418 2765 473 2804 ab
507 2780 554 2806 eo
584 2767 739 2822 absque
766 2782 955 2824 gausape
984 2769 1101 2818 sedi,
1130 2785 1312 2812 meorum
1342 2773 1535 2810 comitum
