1884 3132
1166 44 1186 57 S

276 139 351 181 AD
393 136 730 182 APPEchEM
770 137 867 177 mn.
909 138 942 176 ι.
987 137 1060 176 DE
1112 130 1370 177 naamon.
1451 111 1562 187 575

123 242 243 282 etiam
271 241 468 281 defunctis
494 239 701 279 tribuere?
764 237 954 277 Profecto
990 236 1134 275 Petrus
1164 236 1355 289 Magister
1372 247 1454 274 non
1487 233 1566 272 sub

121 296 276 337 Iustino
303 299 459 336 seniore
474 325 487 348 ,
514 295 584 334 sed
611 294 686 334 sub
707 295 791 333 eius
818 306 1044 333 successore
1072 292 1294 331 Iustiniano
1322 305 1441 330 suum
1463 304 1566 343 opus

120 352 317 392 condidit.

230 407 286 446 D.
305 421 343 461 9.
372 405 491 461 [497,
530 403 606 458 16.]
646 403 873 456 Χαρισιόυ.
941 400 1208 441 Scribendum
1245 415 1329 441 esse
1368 399 1565 452 Χαρσίου

122 469 234 516 patet
260 476 308 502 ex
335 463 402 500 Du
418 462 558 513 Cangii
587 460 708 499 modo
742 458 905 498 laudato
934 457 1038 496 libro
1066 471 1108 509 p.
1131 457 1196 495 50.
1228 457 1402 495 Videtur
1431 470 1476 494 ex
1498 456 1566 495 ho-

121 518 263 557 dierna
291 517 412 556 huius
444 523 583 569 portae
626 514 891 568 appellatione
935 512 1045 551 Eari
1065 512 1192 566 Capi,
1227 521 1347 566 porta
1372 511 1531 566 obliqua
1551 540 1565 561 ‚

120 587 268 612 nomen
314 573 388 625 ipsi
425 569 522 611 olim
549 571 670 610 fuisse
705 583 787 609 non
825 565 1021 621 Χαρσίου
1044 597 1056 615 ,
1110 567 1180 605 sed
1225 563 1417 620 κάρσιος,
1457 566 1567 619 quod

122 628 230 667 idem
258 627 418 666 Graecis
444 633 503 665 est
545 634 668 679 atque
709 620 940 677 ἐγκάρσιος.
1012 622 1055 660 Si
1082 630 1215 661 tamen
1244 636 1267 660 a
1303 623 1391 660 viro
1419 635 1567 661 nomen

120 682 265 733 duxit,
293 681 552 736 praeferenda
580 681 697 720 lectio
730 675 961 731 Χαρισίου.
1019 677 1126 716 Nam
1174 678 1373 716 Charisius
1415 690 1565 716 nomen

122 737 200 776 fuit
227 738 329 787 viri,
369 750 452 776 non
488 736 700 790 Χαρσίας.
767 734 999 774 Lectioncm
1042 732 1256 786 λἀρισίου
1298 732 1420 771 habet
1447 732 1569 771 etiam

119 792 264 843 (indice
300 793 368 830 Du
395 793 560 845 Cangio)
606 792 906 830 Cantacuzenus
937 790 1013 828 111.
1058 787 1124 827 85.
1181 787 1295 826 Idem
1335 788 1403 826 Du
1433 787 1569 840 Gange

120 846 284 896 laudato
312 846 400 886 loco
439 847 544 886 hanc
575 854 735 901 portam
768 846 1010 884 maritimam
1040 844 1164 893 facit3
1207 850 1248 881 at
1276 843 1317 881 in
1363 844 1471 881 notis
1515 843 1567 881 ad

119 901 354 942 Alexiadem
393 917 435 956 p.
471 902 567 944 258.
600 902 695 941 facit
721 901 1069 940 mediterraneam.
1140 899 1279 937 Posset
1306 912 1351 936 ex
1378 897 1455 938 hoc
1478 896 1568 937 loco

115 971 166 996 ea
193 957 242 997 lis
267 958 417 1007 dirimi,
449 960 483 997 si
509 957 724 996 addidisset
765 964 906 995 auctor
935 956 1055 994 huius
1089 953 1277 993 historiae
1303 967 1450 992 nomen
1481 960 1566 992 tra-

116 1020 206 1062 ctus
235 1020 306 1052 aut
335 1013 474 1064 urbis,
505 1013 610 1052 unde
641 1013 884 1052 Iustinianus
911 1019 982 1050 aut
1010 1010 1186 1050 lustinus
1223 1016 1311 1047 tum
1338 1009 1509 1048 venerit.

226 1069 282 1106 D.
311 1068 385 1107 ult.
408 1067 524 1123 [4972
568 1067 654 1122 19.]
696 1060 806 1120 ἧψεν
835 1064 1002 1119 κηροὺς.
1067 1065 1130 1103 De
1168 1078 1280 1103 more
1322 1063 1566 1104 accendendi

118 1137 257 1162 cereos
284 1130 325 1162 et
351 1124 534 1163 ardentes
562 1123 812 1178 depangendi
840 1136 976 1160 coram
1006 1119 1246 1173 imaginibus
1265 1120 1504 1158 Sanctorum
1533 1121 1566 1158 si

114 1180 378 1220 commentari
425 1178 567 1218 vellem
582 1209 594 1227 ‚
654 1185 788 1217 actum
824 1191 994 1230 agerem.
1062 1176 1141 1214 Res
1174 1189 1333 1229 quoque
1372 1182 1468 1214 nota
1508 1183 1568 1214 est

117 1232 228 1272 huuc
261 1248 415 1273 morem
449 1234 606 1287 gentilis
642 1233 892 1272 idololatriae
922 1232 1111 1284 reliquias
1140 1245 1254 1281 esse3
1284 1230 1368 1270 vid.
1396 1231 1564 1270 Arrian-

115 1287 275 1327 dissert.
312 1289 487 1342 Epictet.
514 1304 551 1343 p.
572 1304 660 1328 111.
692 1289 863 1328 Salmas.
909 1287 960 1326 ad
975 1287 1122 1340 Script.
1154 1286 1208 1325 H.
1236 1286 1345 1339 Aug.
1371 1286 1495 1324 T.11.
1523 1300 1568 1338 p.

117 1343 212 1385 203.
238 1343 373 1382 Vales.
392 1345 444 1382 ad
467 1345 672 1383 Ammian.
714 1342 895 1382 Marcell.
915 1357 955 1395 p.
989 1342 1082 1396 557.
1114 1342 1162 1379 B.
1194 1341 1378 1380 Indidem
1405 1355 1567 1394 quoque

115 1399 218 1440 titus
241 1400 419 1437 manavit
446 1413 539 1437 cum
566 1398 802 1437 ardentibus
829 1399 952 1436 cereis
973 1396 1287 1449 Imperatoribus
1314 1395 1566 1435 occurrendi.

119 1453 227 1491 Nam
250 1453 512 1506 Imperatores
548 1453 644 1492 olim
675 1467 748 1506 pro
785 1453 861 1491 diis
891 1452 1097 1491 habebant
1118 1459 1157 1489 et
1197 1450 1344 1490 divinis
1376 1450 1566 1490 omnibus

115 1506 341 1548 honoribus
370 1508 622 1549 afficiebant:
654 1508 749 1547 hinc
798 1522 928 1560 neque
964 1521 1172 1545 cereorum
1209 1514 1248 1544 et
1276 1508 1379 1560 ignis
1398 1506 1565 1561 praelati

116 1562 314 1602 honorem
344 1564 437 1616 ipsis
459 1565 686 1617 negabant;
735 1563 820 1601 vid.
840 1563 1076 1614 Theophan.
1107 1577 1144 1615 p.
1176 1560 1265 1612 164.

199 1617 294 1672 287.
319 1618 372 1657 A.
389 1619 429 1658 8.
459 1618 574 1673 [498,
596 1618 660 1673 5.]
683 1613 914 1669 Ἐπάρχων.
943 1617 1125 1656 Delenda
1153 1624 1262 1662 sunt,
1293 1631 1397 1670 quae
1423 1619 1465 1656 in
1484 1618 1565 1656 La..

114 1673 209 1720 tinis
237 1673 401 1720 addidi,
434 1675 504 1713 sed
533 1675 648 1713 uncis
674 1673 827 1712 inclusa
848 1703 859 1719 ,
891 1688 1031 1727 nempe
1065 1673 1370 1727 praetoriorum.
1426 1674 1565 1723 Quum

113 1728 257 1766 Latine
285 1736 485 1768 verterem
524 1729 634 1779 hunsc
668 1729 803 1768 locum
818 1757 830 1777 ‚
859 1729 1039 1767 nondum
1064 1741 1222 1778 noram,
1262 1728 1494 1780 qualesnam
1521 1727 1564 1767 hi

117 1790 248 1822 essent
274 1783 483 1838 Eparclzi3
514 1798 657 1838 nempe
683 1783 950 1838 provinciales
981 1791 1120 1833 erant,
1150 1790 1196 1822 ut
1229 1782 1328 1821 mihi
1352 1783 1480 1822 videri
1502 1783 1566 1822 di-

114 1839 153 1875 xi
187 1852 306 1890 supra
330 1839 380 1877 ad
401 1853 438 1891 p.
464 1840 529 1892 57.
550 1840 606 1878 D.
630 1855 669 1894 7.
738 1840 863 1878 Forte
898 1846 1034 1877 tamen
1082 1845 1189 1877 recte
1221 1838 1347 1882 habet
1369 1838 1469 1877 illud
1492 1839 1565 1877 ad-

112 1892 393 1932 ditamentum.
423 1894 525 1933 Nam
544 1894 755 1934 Iustiniani
787 1901 916 1934 aetate
937 1894 1069 1933 adhuc
1098 1900 1213 1932 erant
1233 1893 1421 1947 praefecti
1447 1907 1566 1947 prae-

113 1947 229 1986 toriis
261 1956 450 2000 quatuor.

131 2055 134 2058 A
226 2002 278 2043 A.
297 2017 338 2056 9.
370 2002 486 2058 [498,
507 2003 562 2057 4.]
578 2000 911 2056 πραγματευταὶ.
932 2006 1217 2058 Negotiator-es,
1236 2011 1480 2042 mercatores.
1503 2003 1566 2042 Ita

114 2071 230 2110 saepe
259 2058 366 2110 apud
386 2073 512 2098 novos
530 2060 730 2109 Graecos3
758 2075 799 2099 v.
827 2061 1066 2114 Theophan.
1092 2075 1134 2113 p.
1175 2073 1264 2097 121.
1284 2059 1339 2096 D.
1380 2057 1421 2096 6.
1471 2056 1560 2097 188.

112 2112 163 2150 D.
183 2120 223 2152 et
257 2111 347 2166 189.
366 2113 418 2155 A.
447 2115 730 2166 Πραγματεία
746 2145 757 2163 ,
789 2117 998 2169 negotiatio
1019 2146 1030 2163 ‚
1078 2123 1297 2153 mercatura
1317 2141 1329 2161 ,
1372 2126 1563 2150 commer-

113 2169 244 2217 cium,
273 2174 313 2206 et
337 2166 735 2220 πραγματεύεσθαι,
764 2171 840 2209 sibi
873 2173 1103 2226 acquirere,
1132 2169 1231 2208 ibid.
1258 2183 1300 2221 p.
1323 2181 1414 2219 217.
1436 2167 1491 2205 D.
1520 2182 1560 2220 7.

116 2236 211 2277 277.
232 2223 280 2261 B.
303 2221 344 2261 8.
388 2221 597 2275 σωτηρίαν
646 2221 1021 2277 πραγματεύεσθαι
1036 2256 1047 2272 ‚
1077 2225 1238 2262 salutem
1260 2224 1334 2261 sihi
1355 2236 1563 2275 compara-

114 2291 169 2319 re.
225 2277 397 2316 Cedren.
430 2293 471 2331 p.
494 2277 590 2330 494.
620 2279 674 2317 D.
704 2287 837 2332 antep.
875 2274 1217 2333 πραγματευτικὰ
1247 2276 1413 2329 σκάφη,
1444 2291 1563 2315 naves

114 2334 385 2371 mercatoriae.
450 2333 575 2371 Forte
614 2347 776 2386 quoque
794 2349 871 2373 vox
901 2329 1182 2385 πραγματικοί
1203 2332 1311 2384 apud
1345 2330 1561 2384 Polybium

114 2400 156 2439 p.
174 2386 272 2441 678.
294 2387 336 2438 4.
356 2388 419 2426 ed.
437 2387 624 2427 wechel.
654 2402 726 2441 pro
753 2390 1066 2442 negotiatoribus,
1098 2387 1371 2426 mercatoribus
1389 2395 1562 2425 castr-en-

113 2441 216 2493 sibus
236 2472 247 2490 ‚
278 2443 375 2482 liris
414 2442 645 2495 accipienda
683 2450 758 2482 est.
816 2443 986 2482 lllustris
1027 2442 1290 2481 Casaubonus
1326 2442 1448 2479 vertit
1474 2456 1564 2495 spe-

114 2504 240 2535 etatae
263 2498 498 2551 prudentiae
528 2499 638 2536 viros
652 2528 663 2544 ‚
709 2500 924 2551 respiciens
965 2497 1016 2536 ad
1053 2498 1161 2535 viros
1192 2498 1234 2534 in
1258 2495 1379 2534 rebus
1400 2496 1562 2548 agendis

116 2551 230 2590 tritos
256 2559 296 2590 et
326 2553 525 2592 subactos.
580 2552 649 2591 Ab
677 2552 752 2592 ista
790 2555 954 2592 notione
996 2551 1256 2604 acquirendi,
1305 2551 1563 2604 comparandi

115 2604 214 2644 dicti
254 2621 414 2660 quoque
451 2615 544 2647 sunt
591 2607 934 2659 πραγματευταί,
983 2616 1136 2660 agentes
1167 2607 1208 2645 in
1237 2606 1370 2655 rebuS,
1412 2615 1562 2645 actores

113 2673 245 2698 renem
255 2661 434 2714 Augusti,
463 2662 568 2717 [vid.
587 2662 758 2702 Guther.
777 2677 818 2716 p.
839 2661 977 2717 697.‚]
1000 2677 1047 2701 eo
1071 2662 1178 2715 quod
1203 2662 1338 2715 cupita
1361 2669 1401 2700 et
1416 2660 1564 2715 flagita·

115 2721 155 2752 ta
193 2717 498 2770 comparabant,
547 2718 860 2772 conquirebant,
915 2717 1244 2771 suppeditabant,
1287 2715 1424 2770 quales
1469 2725 1560 2756 sunt
