1884 3132
323 133 433 188 720
599 131 672 173 ιο.
715 132 819 174 iAc.
861 134 1055 175 Rmsxu
1093 133 1506 179 COMMENTAml—rr

323 231 416 276 λινά
448 247 547 280 τους
571 235 669 288 παρ’
697 235 838 292 ἐκείνω
867 237 1124 287 δυναμένους
1151 234 1202 278 τοὶ
1231 238 1404 304 μέγιστα
1430 253 1500 279 και
1525 241 1612 286 τοῖς
1629 238 1675 280 ἐκ
1687 238 1758 290 γέ-

324 303 422 337 νους
442 290 477 341 ὲ)
478 275 684 341 γυζουσιν
705 275 1032 356 ἀμφιπονεῖσθαι
1058 289 1104 332 τὸ
1125 289 1244 344 ἅρμα
1259 290 1418 342 ε’νὸους,
1438 294 1629 358 προῆγεν
1635 291 1759 339 αὖτός

323 343 549 407 σταυρικὸν
562 351 732 398 σημεῖον
744 345 1012 410 svnaydusvog,
1033 345 1104 386 καί
1115 361 1211 387 ποσι
1224 345 1298 401 τήν
1310 348 1482 398 πορείαν
1495 342 1758 398 ποιούμενος,

324 399 397 439 καί
422 396 492 439 τὸν
521 415 566 440 εκ
580 402 677 467 τῆς
699 402 775 440 τοῦ
806 402 917 442 Θεοῦ
944 401 1096 456 σοφίας
1124 399 1503 454 παρωιυμούμειον
1529 399 1629 442 ναὸν
1655 400 1759 440 εἰσι.-

314 452 410 505 ὠν,
441 469 508 494 και
545 451 618 508 τὴν
657 454 726 495 ἐπι
752 461 835 503 τοῖς
882 457 1227 521 κατωρθωμένοις
1236 455 1596 526 ἅνθομολὸχησιν
1612 453 1760 525 Κυρίῳ

322 510 378 565 τῶ
405 510 490 549 θειιῖ
519 510 748 561 α’πονειμας
775 512 851 551 τοῦ
880 509 959 551 λεώ
989 509 1140 559 παντὸς
1167 508 1355 564 ειώπιον,
1383 513 1441 567 τιῦ
1468 511 1621 567 ἀρχείῳ
1650 509 1762 552 ου’τω

323 550 550 617 παρέβαλε.
623 567 762 620 Neque
805 568 911 607 solus
952 569 1120 606 Ioannes
1151 568 1378 608 Comnenus
1411 575 1543 608 tantos
1587 551 1761 607 honores

328 620 472 660 habuit
501 622 663 674 imagini
702 624 886 673 Mariae,
938 623 1005 661 sed
1049 625 1168 661 etiam
1210 623 1314 662 filius
1356 625 1468 674 eius,
1495 631 1594 662 teste
1621 623 1762 663 eodem

323 676 465 715 Niceta
494 678 541 715 L.
564 678 616 716 V.
646 691 780 716 lerum
823 678 1018 717 Mnnue'lis
1059 692 1095 716 c.
1122 679 1160 716 3.
1204 693 1245 731 p.
1270 678 1338 717 83.
1353 698 1371 729 ‚⁸
1405 679 1474 717 ubi
1522 676 1762 730 amplissime

324 731 549 771 describens
580 734 826 786 triumphum
853 734 904 772 ab
934 733 1002 795 illo
1032 734 1275 798 Impeiatore
1302 733 1352 772 de
1382 734 1583 799 Hungaris
1610 741 1759 780 actum,

324 787 430 826 intei
459 788 535 826 alia
564 788 662 826 haec
694 797 864 828 nar:13t
909 786 999 827 ε’πει
1034 788 1078 826 δὲ
1109 785 1129 824 ὃ
1160 789 1235 826 τοῦ
1264 784 1336 828 τὸν
1364 783 1654 855 αὐτοκράτορα
1682 803 1764 827 πα-

320 843 490 894 9273sz
512 843 642 910 ε’πῆγε
671 840 845 896 καιρὸς,
871 847 1092 907 προηγεῖτο
1118 842 1196 893 μὲν
1215 838 1415 895 ἀργυρῶν
1441 842 1675 908 ἐπίχρυσον
1696 842 1765 882 τὲ-

322 910 484 961 τρωρον
511 896 649 943 ἵπποις
678 901 838 944 λευκοῖς
865 894 1096 947 ἑλκόμενον.
1154 896 1296 949 ἱδρυτο
1332 897 1371 936 δ’
1399 896 1464 937 ἐπ’
1490 896 1621 937 αὐτοῦ
1650 894 1675 949 ἦ
1703 895 1765 937 εἰ·

323 967 409 991 κων
438 953 512 1004 τῆς
541 949 832 1003 απροσμὰχου,
864 951 1091 1003 συμμάχου
1114 967 1183 991 και
1214 949 1552 1017 ακαταγωνίστου
1582 965 1764 1015 συστρα-

321 1003 448 1072 τήγου
477 1008 535 1061 zai
561 1008 732 1056 βασιλεῖ
766 1007 1030 1070 θεομιρτορος.
1100 1005 1148 1046 οὕ
1187 1008 1294 1072 μέγα
1338 1006 1375 1045 δ’
1415 1003 1594 1058 ἔβραχεν
1621 1000 1763 1058 αξων,

323 1056 388 1100 ὅτι
414 1062 523 1113 μηδὲ
548 1061 653 1100 θέαν
692 1057 764 1114 ἦγε
793 1058 930 1114 δεινὴν
958 1058 1031 1113 τὴν
1071 1058 1412 1115 ψευδοπάρθενον
1435 1059 1636 1114 Ἀθηνᾶν,
1684 1061 1764 1116 [re-

325 1118 440 1169 spicit
467 1117 518 1155 ad
547 1117 759 1156 ridiculum
788 1125 826 1156 et
856 1117 1144 1167 inciedibilem,
1180 1118 1248 1156 sed
1279 1117 1484 1156 Herodoto
1505 1124 1639 1156 tamen
1669 1131 1765 1156 nar-

325 1179 458 1210 ratum
502 1173 699 1212 Pisistiati
738 1174 905 1211 mimum
926 1171 955 1225 ,]
996 1168 1102 1211 ἄλλα
1142 1169 1216 1235 τὴν
1257 1185 1313 1218 ως
1357 1167 1526 1235 ἆληθως
1553 1169 1764 1222 παρθένον

325 1227 398 1265 καί
424 1223 530 1279 υπὲρ
576 1226 693 1279 Myon
734 1225 806 1267 διὰ
846 1223 966 1277 λάρον
993 1223 1065 1266 τὸν
1109 1222 1229 1278 λόγον
1259 1222 1531 1276 λοχεὺσασαν.
1587 1227 1767 1279 Dignum

325 1281 473 1334 patella
513 1282 771 1335 opelculum!
847 1283 979 1332 Quam
1020 1282 1251 1331 abnormis,
1292 1295 1414 1334 quam
1450 1280 1654 1320 horribilis
1682 1281 1767 1320 elo-

324 1339 511 1390 quentia!
572 1339 706 1388 Quam
735 1338 988 1390 importuna!
1059 1338 1119 1376 Eo
1153 1340 1259 1376 enim
1304 1337 1413 1390 quod
1439 1350 1572 1375 arcere
1600 1335 1769 1377 idolola-

324 1393 426 1430 triae
455 1393 720 1445 suspicionem
759 1393 920 1438 studet,
964 1406 1010 1430 eo
1041 1393 1164 1446 magis
1211 1399 1371 1440 movet,
1417 1398 1456 1429 et
1504 1398 1660 1430 tantum
1687 1405 1768 1431 non

326 1447 497 1498 clamat,
529 1449 705 1488 Graecos
733 1450 837 1487 circa
869 1423 1078 1500 Virginem
1112 1463 1248 1498 suam,
1279 1447 1343 1485 cui
1369 1454 1452 1485 tam
1482 1446 1672 1485 immanes
1699 1445 1768 1485 ho-

328 1517 449 1541 nores
479 1503 700 1554 tribuunt,
730 1503 840 1542 haud
868 1503 981 1542 aliter
1006 1503 1176 1541 insaniie
1199 1532 1211 1553 ,
1241 1510 1361 1556 atque
1391 1508 1541 1540 veteres
1569 1502 1674 1540 eima
1701 1515 1769 1541 su-

324 1573 395 1597 am
422 1557 657 1597 Palladem·
648 1574 659 1609 3
689 1573 867 1598 servasse
917 1559 1236 1623 superstitionem
1265 1557 1462 1605 eandem,
1494 1563 1666 1595 mutasse
1692 1568 1770 1596 nu-

326 1615 482 1652 minum
509 1616 684 1652 nomina.
745 1616 916 1653 Mariam
942 1610 1017 1665 τὴν
1059 1609 1338 1664 συστράτηγον
1370 1610 1646 1665 appellabant,
1675 1611 1770 1664 quia

325 1676 367 1708 et
394 1670 606 1722 imaginem
635 1677 675 1708 et
715 1664 957 1724 (ιιμοφόριον
1013 1669 1096 1708 eius
1136 1682 1269 1706 secum
1299 1669 1342 1705 in
1369 1674 1498 1705 castra
1530 1665 1769 1717 sumebant3

327 1738 369 1764 v.
401 1724 505 1777 adp
479 1739 519 1777 p.
545 1725 638 1779 269.
658 1723 748 1763 B«)
728 1738 767 1763 ς).
810 1725 928 1763 dicta.
1003 1725 1099 1762 Loc.
1132 1723 1343 1775 Nicetaep
1349 1721 1476 1761 .500.
1498 1721 1545 1760 C.
1569 1735 1607 1760 2.
1667 1721 1771 1760 Pro-

327 1780 492 1818 cessioni
533 1779 627 1818 huic
659 1780 952 1818 Comnenianae
986 1779 1096 1818 haud
1136 1777 1309 1816 multum
1317 1737 1536 1815 pabsimilis
1576 1783 1635 1815 est
1671 1774 1767 1824 illa,

328 1849 452 1888 quam
480 1836 678 1873 Martinus
706 1834 880 1874 Ballaius
908 1835 1013 1888 apud
1043 1835 1110 1872 Du
1129 1834 1321 1886 Cangium
1348 1832 1663 1871 v.Euchar1stia
1700 1830 1772 1870 de-

331 1889 486 1939 scribit,
515 1890 649 1929 dicens
678 1905 879 1928 summum
906 1889 1171 1942 pontificem
1161 1904 1201 1927 ιιι
1213 1863 1396 1926 ommim
1437 1888 1477 1926 in
1505 1886 1660 1925 Uibem
1689 1899 1773 1925 non

330 1945 513 2008 pedibus,
545 1953 591 1983 ut
606 1946 849 1991 Comnenus,
872 1945 940 1984 sed
977 1943 1116 1983 lectica
1144 1951 1341 1996 gestatum
1358 1941 1773 1995 seqniEucharistiam

329 2002 373 2038 in
403 2014 629 2039 vaseaureo
645 2001 919 2063 portatamab
935 2014 1037 2052 equo
1053 1998 1161 2037 albo.
1185 1999 1248 2037 Cf.
1272 1997 1489 2037 Herodian.
1507 1997 1561 2036 V.
1583 1995 1622 2034 6.
1651 1995 1687 2049 §.
1708 1996 1770 2036 16.

444 2056 489 2093 B.
505 2054 544 2106 [4.
575 2055 683 2110 [609‚
715 2071 752 2093 11
766 2054 794 2108 .]
823 2051 925 2104 μετὰ
967 2053 1038 2106 τῆς
1067 2051 1320 2104 ἰδίαςὶιτῆς.
1351 2053 1513 2091 Divisae
1540 2051 1635 2090 olim
1665 2051 1776 2097 ibant

329 2109 473 2148 turbae
502 2110 840 2163 processionales
832 2125 871 2148 in
891 2117 1016 2148 certas
1055 2109 1223 2158 classes3
1254 2109 1382 2147 cle1us
1403 2122 1495 2146 cum
1522 2105 1774 2159 patriarcha,

327 2179 514 2217 proceres
545 2165 662 2204 aulici
694 2179 785 2203 cum
816 2166 1072 2218 Imperatore,
1102 2164 1207 2202 cives
1235 2178 1326 2201 cum
1356 2164 1585 2215 magistratu
1602 2161 1771 2209 urbano,

330 2219 560 2259 factionales
601 2234 691 2258 cum
719 2219 940 2258 demarchis
982 2226 1021 2257 et
1058 2219 1112 2257 sic
1151 2233 1283 2271 porro.
1341 2217 1463 2256 Unde
1498 2226 1591 2255 nata
1620 2216 1776 2255 Litania

333 2276 464 2313 maior
509 2275 774 2327 septiformis3
821 2289 862 2313 v.
904 2275 970 2312 Du
1001 2274 1196 2327 Cangium
1236 2287 1278 2312 v.
1306 2273 1479 2311 Lz··.tama
1549 2270 1777 2310 Chronicon

335 2329 568 2368 Cassinense
599 2344 641 2382 p.
671 2329 759 2370 155.
804 2329 864 2368 ed.
883 2330 1059 2367 Murat.:
1099 2329 1164 2367 die
1189 2329 1382 2367 domi'nzco
1403 2326 1653 2388 praedic-amc
1677 2325 1778 2364 iem-

330 2386 457 2423 niam.
495 2407 547 2413 ——
590 2385 759 2423 Praesul
787 2386 988 2438 praecepit
1029 2385 1177 2438 populo
1201 2413 1212 2434 ,
1258 2392 1298 2421 ut
1338 2383 1527 2434 gregatim
1565 2378 1773 2418 incederet.

331 2439 425 2492 Ipse
452 2453 538 2477 eum
569 2440 718 2477 cleriZczs
758 2448 796 2477 et
823 2440 1020 2477 monac-lus
1045 2453 1086 2477 m
1116 2453 1235 2477 unam
1259 2446 1443 2492 partem,
1475 2435 1570 2473 lazci
1597 2447 1691 2472 vero
1715 2449 1776 2472 se-

332 2507 400 2531 nes
411 2523 424 2542 ,
459 2494 714 2532 adolescentes
747 2503 784 2532 et
806 2495 926 2557 pueri
949 2508 1043 2531 unus
1061 2494 1263 2548 praecepit
1293 2500 1335 2530 ut
1369 2499 1463 2529 esset
1493 2490 1644 2527 chorus.
1691 2488 1778 2527 Nu-

329 2557 423 2600 ptae
455 2563 546 2587 vero
583 2549 760 2586 muheres
787 2558 825 2587 et
854 2551 1038 2603 innuptae
1054 2578 1064 2595 ‚
1108 2548 1252 2586 viduae
1293 2555 1331 2584 et
1356 2545 1514 2599 puellae
1544 2544 1585 2581 in
1611 2543 1777 2589 alteram

334 2611 490 2653 partem
511 2632 522 2652 ,
564 2612 693 2641 turma
751 2617 844 2641 vero
882 2616 1103 2657 pauperum
1143 2603 1366 2656 separatim.
1434 2598 1526 2637 Non
1568 2611 1698 2636 omnes
1733 2612 1777 2637 m

336 2669 455 2693 unum
488 2657 735 2707 zncedehant,
765 2658 835 2695 sed
851 2659 1063 2711 separatim
1091 2658 1219 2722 quasi
1253 2654 1377 2693 medio
1405 2653 1506 2690 tactu
1533 2652 1701 2706 lapzdi&

447 2711 731 2766 B.1o.[609,
760 2711 839 2764 ι5.]
870 2715 956 2757 τοῖς
998 2704 1274 2763 προρρνθεῖσι
1302 2731 1354 2737 -
1385 2701 1661 2760 ἅναβάθοαις.
1691 2706 1775 2745 P-u-
