1884 3132
268 121 344 163 An
382 118 720 163 Arm-mnium
773 121 874 160 Lm.
918 122 951 159 1.
992 121 1064 160 DE
1101 118 1360 160 OEmMoN.
1442 100 1553 174 527

118 224 232 278 isque
247 222 462 276 gentilibus
490 220 689 276 stragulae
716 235 763 260 ex
782 221 940 261 indultu
959 221 1247 261 Sulthanorum
1266 221 1555 276 Aegyptiorum

107 278 330 332 aliquoties
366 278 564 317 meminit.
622 277 777 316 Interea
804 283 962 316 tantum
1000 276 1221 316 adscribam
1252 278 1372 316 verba
1412 279 1557 316 Leonis

118 334 302 374 Africani
342 347 389 373 ex
432 335 518 372 eius
542 333 679 371 Africa
707 333 756 370 L.
787 332 864 370 ΙΙΙ.
886 346 924 370 c.
956 332 1021 370 33.
1039 347 1082 385 p.
1117 347 1173 371 m.
1192 332 1320 371 25o.:
1378 334 1557 389 utrinque

115 390 320 445 stipatores
355 388 539 428 incedunt
553 418 566 438 ‚
604 388 683 433 ait,
721 401 887 442 quorum
923 387 1027 425 alius
1061 389 1238 442 stapedes
1253 418 1264 438 ‚
1303 389 1405 427 alius
1445 390 1556 427 then-

116 444 199 483 Ium
230 444 333 496 regis
347 474 358 490 ‚
385 444 493 482 alites
511 444 689 498 ephippii
721 442 932 494 stragulum
947 472 957 488 7
979 443 1081 480 alius
1096 445 1187 498 equi
1198 445 1293 494 sert
1317 445 1525 498 capistrum
1538 458 1555 493 ‚⁰

116 499 185 538 uhi
209 513 335 552 regem
363 513 418 538 ex
435 513 532 554 equo
560 496 798 536 descendisse
823 498 983 544 vident,
1014 512 1113 536 mox
1133 500 1357 553 eplu'ppium
1382 500 1555 552 stragulo

113 562 318 607 contegunt
336 561 411 592 etc.
469 553 805 607 Significationem
823 581 836 602 ‚
864 566 987 606 quam
1013 555 1101 591 voci
1132 551 1236 606 κοπὴ
1265 554 1403 604 tribui,
1434 555 1555 594 stria-

114 617 205 648 ιτα-α
217 638 230 660 ,
258 622 340 647 non
360 623 503 662 pamm
522 608 693 647 adstruit
711 621 787 646 vox
806 603 1007 659 συγκοπὴ,
1037 623 1156 661 quam
1177 609 1386 648 Combefis.
1404 609 1553 663 Script.

114 672 207 717 post
233 663 469 717 Theophan.
500 678 543 717 p.
564 662 632 718 89.
657 662 710 701 A.
734 661 774 702 5.
796 669 837 701 et
862 663 917 701 D.
938 661 1013 701 ult.
1041 663 1173 702 reddit
1197 679 1292 719 opus
1321 666 1553 707 tesselatum.

113 719 190 758 Est
218 718 338 766 idem,
369 726 488 772 atque
515 715 680 770 ἐγκοπή.
737 718 836 756 Nam
859 713 940 757 σὺν
965 724 1005 756 et
1032 717 1077 757 ἐν
1105 723 1199 758 novi
1230 720 1371 758 Graeci
1400 723 1553 772 promi-

112 787 208 813 scue
233 781 443 827 usurpant.
489 766 709 824 Ἔγκοπτον
744 772 866 812 habet
905 772 1069 813 historia
1098 782 1201 814 msta
1236 774 1413 814 Belisarii
1443 777 1552 830 apud

113 828 184 878 Du
210 829 346 882 Gange
374 828 440 868 Gl.
465 829 538 867 Gr.
558 843 600 882 p.
630 826 744 878 1184.
762 830 879 867 init.:

229 880 314 923 Τὸν
342 882 388 922 δὲ
414 881 566 934 θρόνον
591 883 666 922 τοῦ
692 879 865 930 ἄνακτος
888 882 963 922 καί
988 882 1050 930 τίς
1079 898 1130 924 να
1157 880 1203 924 τό
1235 883 1459 939 α’φηγεΐται
1478 901 1494 937 ,·

210 931 431 991 ’'Byzan-tog
458 935 579 988 ὅλος,
608 934 855 990 πλουμιστὸς
882 939 954 977 καί
981 943 1366 993 παραχρυσομένος.

274 995 460 1033 thronum
479 995 582 1047 reg-[s
599 995 686 1048 quis
710 994 930 1034 describat?

272 1063 389 1104 quum
417 1057 515 1088 totus
547 1051 768 1101 variegatus
802 1048 881 1102 (vel
911 1050 1081 1103 striatas)
1120 1052 1170 1090 sit
1183 1082 1194 1100 ,
1217 1053 1347 1105 fliszb
1375 1063 1414 1094 et
1451 1068 1548 1096 aum

323 1105 464 1159 pictus.

107 1155 208 1198 Inde
221 1172 345 1212 genus
366 1159 528 1212 aliquod
552 1159 840 1213 placentarum,
871 1175 969 1215 quas
996 1175 1070 1200 nos
1102 1161 1172 1200 W
1166 1162 1274 1214 tfi’ln
1296 1169 1336 1202 et
1351 1164 1549 1206 Εἶπεν-ἐα-

107 1215 204 1253 chen
221 1243 234 1264 ,
276 1215 391 1268 quasi
415 1214 657 1265 clathratas‚
685 1216 921 1256 cancellatas
947 1217 1116 1256 dicimus
1135 1248 1146 1265 ‚
1186 1219 1334 1257 Franci
1371 1220 1422 1258 de
1447 1237 1546 1274 gau-

84 1270 187 1320 stes
220 1283 245 1308 a
272 1270 510 1309 Germanico
544 1271 715 1322 chy‘eln
734 1301 745 1321 ,
775 1273 917 1312 Graeci
946 1270 1101 1319 κοπτὰς
1138 1273 1346 1324 dicebant;
1390 1276 1547 1323 κοπτὰς

109 1323 348 1375 σησαμίδας
374 1324 497 1364 habet
528 1326 809 1365 Artemidorus
837 1328 866 1366 Ι.
891 1326 955 1382 74.
1013 1327 1076 1366 De
1102 1329 1280 1368 vestibus
1309 1335 1479 1378 κοπταῖς
1506 1339 1547 1371 et

107 1375 427 1431 ἐπ’-τετμημέναις
453 1394 528 1434 ago
556 1381 607 1419 ad
632 1396 675 1434 p.
706 1382 800 1421 536.
834 1383 884 1421 D.
922 1397 957 1422 1.
1020 1385 1085 1423 Sic
1113 1385 1232 1422 etiam
1265 1385 1398 1424 Latini
1425 1387 1545 1426 medii

107 1433 197 1471 aevi
222 1437 424 1473 sectionem
446 1436 488 1474 in
516 1443 624 1474 veste
666 1451 741 1489 pro
778 1437 983 1478 radiatum
999 1469 1010 1489 ‚
1049 1438 1315 1477 cancellatum
1357 1455 1543 1480 arearum

106 1494 149 1526 et
174 1487 353 1527 colorum
381 1489 579 1529 dicebant.
636 1491 829 1530 Inusitata
844 1508 1070 1547 pannorum
1086 1495 1250 1533 sectione
1277 1509 1433 1534 suorum
1455 1511 1542 1535 mo-

102 1544 226 1582 nacha·
246 1544 298 1582 ab
343 1545 435 1583 aliis
462 1546 685 1600 discrepare
713 1557 911 1602 appetunt.
971 1549 1107 1589 Verba
1139 1557 1233 1588 sunt
1260 1550 1446 1590 Orderici
1465 1552 1542 1590 Vi-

105 1596 197 1637 talis
223 1599 329 1652 apud
359 1600 428 1638 Du
458 1601 594 1654 Gange
622 1616 662 1640 v.
692 1602 847 1641 Birrus.
908 1605 1028 1644 Hunc
1068 1606 1175 1643 enim
1211 1619 1370 1644 sensum
1398 1621 1445 1645 ea
1466 1637 1478 1657 ‚
1507 1608 1540 1647 si

104 1666 189 1692 non
219 1653 399 1708 flagitant
412 1685 424 1706 ‚
451 1657 559 1709 quod
579 1655 778 1696 affirmare
801 1658 925 1698 nolim
940 1691 950 1706 ‚
982 1661 1051 1713 qui
1071 1660 1204 1699 locum
1222 1668 1350 1699 totum
1382 1661 1421 1700 in
1441 1677 1540 1701 con-

102 1709 272 1748 nexione
301 1723 383 1748 non
412 1710 512 1764 legi,
556 1711 693 1751 ferunt
726 1720 875 1756 tamen.
930 1716 1111 1755 Laudato
1146 1716 1213 1754 Du
1246 1716 1387 1770 Cangii
1417 1717 1506 1757 loco
1525 1749 1538 1770 ,

99 1763 214 1816 quod
241 1765 283 1803 in
309 1766 479 1804 transitu
504 1766 737 1821 adspergere
754 1768 871 1807 liceat
888 1800 899 1819 ‚
910 1773 1098 1822 fratrum
1111 1772 1344 1811 bit-ratarum
1363 1772 1407 1811 fit
1424 1787 1540 1813 men-

102 1818 175 1856 tio.
216 1818 439 1859 videantur
468 1836 491 1860 a
518 1821 629 1861 birro
658 1823 723 1862 vel
751 1825 922 1876 paenula
948 1827 1084 1880 pellita
1111 1829 1166 1866 sic
1194 1827 1301 1866 dicti.
1356 1828 1484 1878 Quid,
1504 1830 1538 1868 si

103 1885 202 1911 vero
230 1887 374 1913 nomen
403 1889 451 1914 ex
481 1891 528 1915 eo
555 1879 833 1917 arcessendum
862 1882 911 1919 sit
926 1911 937 1930 ‚
965 1882 1073 1935 quod
1102 1889 1228 1921 vestes
1257 1879 1435 1921 bai-naas
1452 1914 1462 1930 ‚
1496 1885 1537 1923 id

104 1933 164 1966 est
177 1928 366 1981 virgatas,
389 1936 612 1983 gestarent?
629 1933 829 1973 Submitto
841 1935 945 1975 hanc
957 1939 1226 1976 coniecturam
1241 1952 1369 1991 aequo
1380 1937 1533 1978 lectori.

212 1983 261 2021 C.
278 1983 320 2023 6.
344 1984 455 2038 [468‚
482 1985 559 2040 12.]
593 1985 1044 2041 α’ργυροκατάκλειστα.
1074 1994 1148 2032 Est
1175 1993 1281 2031 idem
1313 2000 1434 2046 atque
1458 1992 1538 2046 (ἔρ-

100 2036 474 2089 γυροπερίκλειστα
514 2042 579 2081 vel
617 2041 786 2099 ἀργύρῳ
831 2046 1109 2097 περίκλειστα.
1166 2049 1267 2087 Nam
1295 2055 1340 2086 ut
1368 2048 1467 2099 περὶ
1493 2051 1535 2087 in

97 2093 386 2145 compositione
412 2096 557 2134 circum
583 2105 696 2137 notat
710 2129 722 2148 ,
750 2101 1018 2141 circ-amellam
1031 2132 1043 2152 ‚
1082 2103 1138 2141 sic
1161 2099 1266 2142 κατὰ
1300 2105 1340 2140 in
1370 2117 1535 2155 compo-

100 2148 245 2186 sitione
271 2155 384 2187 notat
404 2163 566 2202 prorsus
584 2182 596 2202 ‚
620 2167 699 2206 per·
721 2157 855 2193 omnia
872 2187 882 2201 ‚
914 2158 1022 2209 quod
1050 2158 1184 2196 Latini
1212 2158 1352 2196 dicunt
1379 2159 1535 2196 conclu-

95 2216 173 2240 sus.
229 2203 290 2241 lta
318 2199 567 2254 κατάσιγλον
604 2205 779 2259 γράμμα
792 2238 803 2258 ,
846 2211 996 2250 libellus
1027 2222 1125 2250 totus
1146 2214 1287 2267 plenus
1305 2213 1444 2264 sigillis
1465 2227 1534 2251 seu

97 2258 321 2309 scripturae
349 2259 624 2310 compendiis;
655 2276 695 2300 v.
735 2263 802 2301 Du
814 2265 947 2318 Cange
974 2266 1039 2305 Gl.
1061 2268 1130 2306 Gr.
1160 2282 1199 2320 p.
1225 2266 1374 2315 1565.;
1407 2281 1534 2305 κατα-

94 2308 333 2365 ,ζώγραφοῶ
364 2321 461 2351 totus
474 2315 617 2365 plenus
638 2318 803 2370 pictur-125·
832 2327 872 2358 et
903 2321 1014 2359 velut
1037 2320 1236 2370 obrutusr,
1263 2321 1347 2359 vid.
1371 2321 1467 2358 ibid.
1491 2336 1535 2360 v.

97 2362 358 2416 Σκιάστριαι.
415 2367 566 2405 Athen.
600 2384 642 2420 p.
675 2370 767 2413 265.
790 2373 841 2415 D.
860 2373 897 2413 8.
928 2375 1051 2426 νῆσον
1077 2378 1282 2426 τραχεῖαν
1308 2374 1381 2413 καί
1405 2373 1535 2414 κατά-

96 2417 267 2472 δενδρον
293 2419 484 2474 appellat,
515 2431 634 2460 totam
646 2425 812 2477 plenam
835 2429 1049 2466 arboribus.
1088 2430 1212 2481 Apud
1240 2429 1409 2467 eundem
1441 2444 1533 2483 pag.

95 2471 196 2524 422.
226 2475 272 2513 B.
307 2479 423 2528 poeta
450 2477 613 2530 quidam
654 2478 888 2531 Euripidem
928 2477 1222 2533 κατάχρυσον,
1259 2492 1378 2522 totum
1416 2499 1531 2523 aza-e-

94 2541 160 2566 um
174 2557 186 2577 ,
216 2543 316 2568 auro
338 2538 553 2570 scatentem
570 2562 581 2581 ‚
612 2532 653 2571 id
681 2540 740 2572 est
766 2536 872 2574 scitis
900 2538 1102 2575 sententiis
1119 2551 1364 2590 respersum,
1390 2539 1530 2592 appel-

97 2580 170 2620 lat.
227 2583 392 2624 Art-ian.
413 2586 568 2626 dissert.
587 2587 757 2640 Epictet.
789 2604 828 2642 p.
851 2589 944 2641 2¹4.
967 2587 1279 2642 κατάγλωσσος,
1310 2595 1381 2647 qui
1396 2597 1530 2634 omnia

95 2637 234 2689 implet
250 2639 387 2692 lingim
407 2655 477 2680 sua
491 2672 501 2688 ,
519 2643 588 2697 qai
604 2657 734 2682 omnes
750 2645 986 2699 loquacitate
1002 2646 1130 2685 obruit
1145 2657 1183 2686 et
1198 2648 1387 2687 obtundit.
1418 2649 1528 2688 The-

93 2692 245 2731 ocritus
259 2692 355 2734 XV.
371 2694 439 2747 34.
460 2692 723 2750 κατάπτυχες
748 2696 1022 2754 ἐμπερόναμα
1041 2702 1215 2756 appellat
1232 2712 1377 2742 vestem
1405 2713 1526 2744 totam
