1832 3126
250 207 325 248 An
364 206 662 260 consum.
698 198 896 247 ronrfl'.
937 206 1008 245 DE
1045 205 1227 247 cmm.
1266 207 1364 247 ΠΒ.
1407 210 1441 247 1.
1487 189 1561 245 83

124 307 302 362 aequalis
332 308 438 362 apud
477 307 691 347 Alemann.
724 307 776 345 de
804 306 954 345 Pariet.
976 321 1066 360 pag.
1091 321 1153 346 io.
1211 307 1386 347 Annales
1409 309 1559 348 Bertin.

126 362 248 402 Anno
269 361 394 402 812.:
427 363 567 416 legati
585 362 791 400 Michaelis
812 362 871 400 ad
891 362 1076 400 Car-olum
1106 362 1168 400 M.
1192 364 1302 401 missi
1322 362 1567 418 Aquis-grani

125 420 311 472 scripmm
335 419 449 472 pacti
475 419 527 456 ab
551 431 598 456 eo
628 418 671 455 in
700 417 861 455 ecclesia
893 418 1139 470 susczpientes
1166 431 1273 456 more
1297 432 1391 466 suo,
1439 419 1486 457 id
1507 429 1567 458 esc

120 487 268 524 graeca
298 473 459 526 lingva,
499 472 634 510 laudes
653 473 694 510 ei
719 471 938 519 dixer-unt,-
969 486 1010 524 p.
1035 473 1130 526 509.
1159 472 1223 511 ed.
1252 474 1403 511 Murat.
1441 474 1558 514 Conf-

128 528 197 566 Du
217 528 351 580 Gange
376 527 429 566 ad
452 525 632 566 Alexiad.
662 541 706 578 p.
730 524 866 578 252.]*
906 532 946 564 et
964 525 1094 565 Gloss.
1119 529 1211 565 Lat.
1230 542 1272 566 v.
1292 528 1464 578 Laudes,
1489 529 1563 569 ubi

125 581 253 622 multa
278 589 319 621 et
345 583 500 635 egregia
522 581 700 633 cxempla
726 581 908 633 protulit.
962 581 1119 620 Favere
1140 583 1265 622 alicui
1286 583 1470 622 dicebant
1490 599 1562 623 ve-

123 643 242 676 teres.
301 635 363 675 lta
398 636 647 689 Capitolinus
681 635 732 674 de
754 634 962 674 Pertinace
991 637 1043 675 T.
1079 636 1114 675 Ι.
1136 637 1180 675 S.
1207 636 1264 675 H.
1290 638 1342 676 A.
1374 653 1418 690 p.
1441 638 1559 680 566.:

107 692 203 744 fiit
229 692 272 730 in
295 692 406 730 curia
431 690 831 746 honorf'j‘icentzksinuoe
858 690 1107 744 [plurimum
1130 691 1295 731 honoris
1314 695 1468 732 senatui
1495 695 1563 734 tri·

124 743 302 798 huehat]
331 755 374 785 ut
387 756 562 785 senatum
568 747 781 798 faventem
810 745 913 800 [sibi
933 746 1061 785 fausta
1081 745 1391 801 acclamantem]
1420 749 1562 789 adora-

120 810 198 840 ret.
252 801 332 839 Dio
364 799 546 840 ἐπαινεῖν
576 801 675 840 dixit
696 800 803 854 apud
833 801 1030 854 xiphilin.
1057 816 1099 854 p.
1129 800 1250 840 1258.
1273 802 1370 856 95.:
1400 803 1562 855 μηδένα

119 851 167 895 τὰ
196 851 397 907 παράπαν
423 854 724 906 ἐπαινέσαντες,
751 856 855 895 nulli
883 857 1110 906 Caesarum,
1138 871 1268 909 neque
1289 857 1457 908 Albino,
1487 873 1561 897 ne-

119 924 203 963 que
231 910 403 957 Sevem,
441 910 624 950 dicebant
653 911 790 950 laudes
818 913 861 950 in
887 911 1015 951 Circo.
1075 912 1136 950 lta
1162 914 1269 951 enim
1304 914 1559 966 accipiendus

121 972 183 1004 est
203 963 270 1004 ille
296 964 421 1004 locus.
479 965 517 1005 A
539 979 681 1019 graeco
702 964 908 1018 εὐφημεῖν
924 966 1154 1006 formabant
1175 968 1308 1006 Latini
1328 969 1448 1007 medii
1469 971 1560 1008 aevi

117 1017 337 1072 effinu‘naoe
353 1050 364 1068 ,
406 1027 445 1059 et
470 1022 696 1075 corruptius
720 1021 864 1060 deinde
881 1022 1109 1073 sunu'lare3
1147 1022 1349 1074 sumilaoe
1374 1023 1559 1078 Impera·

118 1083 243 1114 torem
262 1089 336 1127 pro
351 1074 599 1128 proclamare
611 1105 628 1126 ,
653 1083 693 1115 et
715 1083 991 1130 nuncupatum
1008 1078 1086 1130 piis
1103 1078 1207 1116 votis
1223 1080 1428 1131 prosequi.
1457 1079 1555 1119 Vid.

118 1129 189 1168 Du
219 1130 355 1183 Gange
376 1130 419 1169 h.
439 1144 481 1168 v.
540 1131 587 1169 In
611 1133 844 1171 universum
876 1128 998 1184 φήμη
1029 1140 1088 1171 est
1119 1133 1236 1172 novis
1259 1134 1421 1172 Graecis
1445 1148 1557 1173 com-

119 1187 355 1223 memoratio
382 1185 551 1224 alicuius
575 1200 668 1225 cum
697 1185 818 1225 laude
832 1216 844 1234 ‚
873 1193 912 1225 et
939 1188 1221 1241 apprecatione
1243 1188 1444 1228 bonorum
1462 1219 1474 1238 ,
1510 1197 1558 1228 ut

119 1239 164 1279 in
190 1239 377 1278 Pontific.
411 1240 579 1281 Haberti
608 1256 651 1294 p.
678 1255 773 1295 7o.:
803 1240 843 1280 Γ
841 1240 972 1282 ι’νεται
1009 1239 1035 1294 ἧ
1074 1239 1194 1295 φήμη
1230 1242 1313 1283 τῶν
1346 1243 1558 1293 βασιλέων

118 1290 193 1334 καὶ
215 1293 292 1332 τοῦ
317 1292 604 1348 πατριάρχου,
637 1303 677 1335 et
696 1309 799 1350 quae
823 1296 880 1334 ibi
909 1304 1146 1350 sequuntur.

229 1363 269 1402 7.
287 1349 342 1388 D.
368 1362 404 1388 1.
436 1349 526 1403 [i2,
549 1349 614 1404 4.]
643 1347 684 1389 οἱ
711 1347 883 1401 νομικοὶ.
936 1352 1039 1391 Sunt
1065 1355 1135 1405 qui
1154 1366 1294 1392 nomos
1313 1353 1486 1394 musicos
1510 1355 1557 1394 iu

115 1401 288 1457 publicis
311 1403 489 1445 coetibus
517 1419 640 1445 manu
663 1413 703 1445 et
722 1413 824 1444 nutu
851 1407 1184 1448 administrabant
1197 1438 1207 1455 ‚
1251 1416 1552 1460 praecentores,

117 1458 334 1498 directores
358 1461 519 1507 musici,
549 1468 620 1499 aut
646 1462 717 1513 qui
744 1461 850 1500 docti
871 1462 972 1501 ritus
1001 1461 1287 1502 ecclesiasticos
1304 1491 1317 1512 ‚
1346 1464 1443 1515 quid
1460 1478 1556 1516 quo·

116 1512 217 1551 tidie
245 1514 290 1551 in
322 1513 484 1553 ecclesia
511 1515 819 1568 praelegendum
851 1517 1101 1569 agendumve
1126 1518 1178 1556 sit
1192 1547 1205 1567 ,
1242 1525 1406 1556 norunt.
1466 1519 1555 1559 Nou

118 1574 227 1606 reete
252 1568 449 1620 interpres
483 1569 691 1621 Symeonis
709 1571 909 1621 Metaphr.
943 1572 986 1610 in
1013 1572 1158 1624 Script.
1189 1579 1279 1624 post
1309 1572 1549 1624 Theophani.

117 1636 163 1675 p.
185 1620 284 1673 405.
314 1623 354 1660 D
387 1623 562 1662 reddidit
583 1624 652 1663 illa
690 1622 860 1675 νομικὸς
887 1623 947 1670 εἰς
971 1621 1023 1664 τά
1051 1624 1315 1679 Σφορακιόυ,
1352 1633 1397 1664 ut
1421 1641 1553 1680 neque

117 1677 275 1716 Goarus
303 1678 346 1716 in
369 1677 584 1731 Anonymo
607 1678 846 1731 Theophani
875 1679 1063 1718 adiuncto
1092 1695 1136 1732 p.
1158 1679 1253 1731 436.
1286 1679 1433 1731 (Ambo
1461 1682 1551 1723 loca

115 1731 160 1771 in
224 1732 327 1771 aecis
343 1741 533 1785 corrupta
550 1734 602 1773 ad
615 1735 905 1787 praescriptum
923 1734 1147 1787 exemplum
1159 1735 1405 1775 emendanda
1425 1739 1550 1788 sunt.)

116 1786 187 1826 Ob
205 1786 283 1825 ‘tus
303 1801 397 1840 ergo
422 1788 553 1829 fuerat
582 1790 646 1828 vir
672 1789 812 1830 doctus
836 1803 997 1837 eorum,
1027 1803 1129 1842 quae
1153 1789 1206 1828 ad
1231 1789 1430 1831 Codinum
1450 1794 1550 1832 scri-

116 1843 196 1895 psit
224 1855 267 1894 p.
299 1841 362 1881 15.
390 1857 433 1881 n.
457 1843 525 1883 51.
583 1843 702 1883 Conf.
726 1844 793 1882 Du
814 1844 946 1898 Gange
970 1843 1100 1883 Gloss.
1126 1846 1197 1883 Gr.
1221 1844 1264 1882 h.
1286 1858 1330 1884 v.

223 1897 278 1935 D.
303 1897 343 1935 3.
369 1896 458 1950 [12‚
479 1897 544 1953 6.]
574 1897 620 1940 ἐν
643 1891 688 1956 ᾧ.
721 1898 881 1939 subint.
910 1895 1036 1953 τόπῳ.
1062 1899 1269 1942 Interdum
1289 1913 1450 1955 quoque
1465 1913 1550 1949 και-

116 1949 180 2007 ρῷ
204 1951 531 2006 subintelligitur.
1525 2002 1528 2003 ⁷

224 2006 278 2045 D.
300 2021 339 2059 7.
369 2006 460 2061 [12,
484 2007 550 2062 8.]
588 2009 876 2064 τριβουναλίῳ.
943 2008 1142 2055 Tribunal
1170 2017 1229 2048 est
1260 2022 1380 2048 omne
1413 2009 1549 2049 aedifi-

114 2060 224 2099 cium
243 2061 456 2114 excelsum,
479 2062 648 2111 illustre,
678 2078 762 2103 non
778 2072 935 2104 tantum
954 2064 1086 2117 βῆμα,
1107 2067 1148 2104 in
1165 2079 1246 2118 quo
1266 2077 1407 2103 causae
1522 2088 1548 2110 ,-

116 2122 186 2154 tur
200 2145 213 2166 ,
242 2123 283 2154 et
303 2118 502 2158 orationes
520 2120 755 2159 recitantur.
812 2120 901 2159 Hoc
921 2119 1100 2160 tribunal
1119 2118 1396 2172 appellabatur
1414 2116 1454 2158 οἱ
1480 2116 1549 2158 λιὶ-
1559 2121 1623 2156 Ed.
1634 2122 1672 2158 1..
1688 2134 1731 2171 ³7

98 2218 103 2224 Ι
111 2182 232 2221 pot,
274 2170 378 2212 forte
404 2175 499 2225 quia
528 2173 587 2213 ibi
626 2175 668 2214 in
698 2175 1015 2229 processionibus
1045 2181 1276 2215 transeunte
1304 2174 1547 2228 Imperatore

114 2223 251 2278 lychni
269 2227 601 2269 accendebantur.

222 2280 279 2319 D.
314 2295 355 2335 7.
385 2281 475 2338 [12‚
501 2283 567 2337 9.]
613 2280 733 2336 δοχὴ.
787 2285 1015 2339 Exceptio,
1055 2284 1241 2325 admissio
1276 2283 1327 2323 ad
1366 2281 1545 2343 salutan-

112 2333 228 2372 dum.
286 2335 499 2386 Δέχεσθαι
527 2339 659 2378 Latini
687 2340 890 2381 admittere
906 2340 1061 2378 dicunt.
1118 2339 1319 2391 Spartian.
1347 2338 1391 2377 in
1420 2337 1543 2377 Iulia-

113 2402 195 2428 no:
241 2389 426 2429 Senatum
453 2401 492 2431 et
515 2404 722 2449 equestrem
748 2396 925 2434 ordinem
951 2397 993 2432 in
1015 2395 1216 2432 Palatium
1242 2394 1457 2439 vementem
1475 2393 1544 2433 ad·

110 2445 237 2493 nukit,
267 2454 306 2484 et
329 2445 474 2499 ψοίας
497 2457 554 2486 est
579 2450 841 2490 blandissime.
899 2448 1118 2490 Herodian.
1147 2449 1245 2487 Vll.
1265 2447 1334 2488 6.:
1363 2442 1545 2500 ἡσυχίας

113 2491 191 2537 οὖν
228 2491 354 2552 οῧσης
379 2500 454 2540 καί
478 2500 626 2554 ὀλίγων
651 2501 732 2557 πρὸ
760 2504 838 2544 τοῦ
878 2502 1059 2543 οἰκίσκον
1075 2535 1087 2554 ,
1131 2497 1388 2554 δηλώσαντες
1427 2501 1545 2555 αὐτῷ

111 2549 165 2591 τὰ
204 2555 505 2607 προειρημένα,
548 2555 703 2612 ῥᾳδίως
735 2557 1051 2610 εἷσεδέχθησαν.
1104 2558 1349 2599 Posteriores
1374 2556 1426 2595 ad
1453 2570 1542 2595 mo-

111 2620 197 2647 rem
225 2622 457 2660 graecorum
488 2614 692 2668 suscipere.
750 2613 965 2652 Anselmus
992 2612 1181 2665 Episcop.
1210 2611 1543 2663 Havelbergensis

112 2660 164 2700 L.
187 2663 266 2701 111.
285 2664 444 2718 Dialog.
467 2680 505 2705 c.
532 2681 620 2708 12.:
650 2668 822 2721 Ingressi
845 2669 976 2707 urbem
1002 2681 1090 2706 cum
1114 2681 1258 2720 magna
1283 2667 1540 2722 honorficen-

111 2716 171 2754 tia
202 2721 367 2773 suscepti
375 2749 388 2768 ‚
429 2721 496 2760 die
530 2722 723 2763 dominico
761 2724 948 2762 advocati
981 2731 1069 2761 sunt
1099 2722 1143 2761 in
1173 2723 1458 2776 processionem
1484 2721 1546 2761 ad

113 2781 286 2812 sanctam
312 2773 398 2814 Dei
428 2778 652 2828 gem'tricem
688 2779 748 2819 ad
770 2778 1035 2826 machmas,
1083 2779 1125 2818 in
1161 2786 1267 2818 tanto
1292 2778 1461 2828 honore,
1499 2783 1544 2816 ut
