<?xml version="1.0" encoding="UTF-8"?>
<!DOCTYPE html PUBLIC "-//W3C//DTD XHTML 1.0 Transitional//EN"
    "http://www.w3.org/TR/xhtml1/DTD/xhtml1-transitional.dtd">
<html xmlns="http://www.w3.org/1999/xhtml" xml:lang="en" lang="en">
 <head>
  <title>
</title>
<meta http-equiv="Content-Type" content="text/html;charset=utf-8" />
  <meta name='ocr-system' content='tesseract 3.04.00' />
  <meta name='ocr-capabilities' content='ocr_page ocr_carea ocr_par ocr_line ocrx_word'/>
</head>
<body>
  <div class='ocr_page' id='page_1' title='image "./corpusscriptorum08niebuoft/corpusscriptorum08niebuoft_0152.png"; bbox 0 0 1832 3126; ppageno 0'>
   <div class='ocr_carea' id='block_1_1' title="bbox 325 137 1540 220">
    <p class='ocr_par' dir='ltr' id='par_1_1' title="bbox 325 137 1540 220">
     <span class='ocr_line' id='line_1_1' title="bbox 325 137 1540 220; baseline 0.005 -12"><span class='ocrx_word' id='word_1_1' title='bbox 325 152 432 220; x_wconf 68' lang='lat'>³44</span> <span class='ocrx_word' id='word_1_2' title='bbox 624 166 847 210; x_wconf 79' lang='lat' dir='ltr'><strong>10.1AC</strong></span> <span class='ocrx_word' id='word_1_3' title='bbox 887 167 1084 210; x_wconf 70' lang='lat' dir='ltr'>Rssisxn</span> <span class='ocrx_word' id='word_1_4' title='bbox 1125 137 1540 214; x_wconf 63' lang='lat' dir='ltr'>commin-Amr</span> 
     </span>
    </p>
   </div>
   <div class='ocr_carea' id='block_1_2' title="bbox 282 262 1766 380">
    <p class='ocr_par' dir='ltr' id='par_1_2' title="bbox 282 262 1766 380">
     <span class='ocr_line' id='line_1_2' title="bbox 317 262 1766 328; baseline 0.003 -17"><span class='ocrx_word' id='word_1_5' title='bbox 317 279 402 311; x_wconf 80' lang='lat' dir='ltr'>elat</span> <span class='ocrx_word' id='word_1_6' title='bbox 427 269 617 309; x_wconf 84' lang='lat' dir='ltr'>balneum</span> <span class='ocrx_word' id='word_1_7' title='bbox 652 266 675 308; x_wconf 76' lang='lat' dir='ltr'>ot</span> <span class='ocrx_word' id='word_1_8' title='bbox 696 262 861 324; x_wconf 71' lang='grc' dir='ltr'><em>Ἴκαρος</em></span> <span class='ocrx_word' id='word_1_9' title='bbox 889 270 1041 309; x_wconf 87' lang='lat' dir='ltr'>dietum</span> <span class='ocrx_word' id='word_1_10' title='bbox 1075 285 1098 310; x_wconf 85' lang='lat' dir='ltr'>a</span> <span class='ocrx_word' id='word_1_11' title='bbox 1128 278 1259 311; x_wconf 88' lang='lat' dir='ltr'>statua</span> <span class='ocrx_word' id='word_1_12' title='bbox 1281 272 1382 313; x_wconf 84' lang='lat' dir='ltr'>Icari</span> <span class='ocrx_word' id='word_1_13' title='bbox 1404 273 1463 314; x_wconf 83' lang='lat' dir='ltr'>ibi</span> <span class='ocrx_word' id='word_1_14' title='bbox 1485 273 1639 328; x_wconf 83' lang='lat' dir='ltr'>posita,</span> <span class='ocrx_word' id='word_1_15' title='bbox 1666 275 1766 316; x_wconf 69' lang='lat' dir='ltr'>teste</span> 
     </span>
     <span class='ocr_line' id='line_1_3' title="bbox 282 326 785 380; baseline -0.006 -14"><span class='ocrx_word' id='word_1_16' title='bbox 282 326 690 378; x_wconf 53' lang='grc' dir='ltr'>7Μ.”111111Τ.ΙΙ.Ῑ).</span> <span class='ocrx_word' id='word_1_17' title='bbox 719 326 785 380; x_wconf 80' lang='lat'>73.</span> 
     </span>
    </p>
   </div>
   <div class='ocr_carea' id='block_1_3' title="bbox 318 388 1769 502">
    <p class='ocr_par' dir='ltr' id='par_1_3' title="bbox 318 388 1769 502">
     <span class='ocr_line' id='line_1_4' title="bbox 375 388 1769 447; baseline 0.003 -17"><span class='ocrx_word' id='word_1_18' title='bbox 375 394 442 431; x_wconf 76' lang='lat'><strong>25.</strong></span> <span class='ocrx_word' id='word_1_19' title='bbox 457 392 505 430; x_wconf 89' lang='lat' dir='ltr'>C.</span> <span class='ocrx_word' id='word_1_20' title='bbox 521 393 560 431; x_wconf 98' lang='lat'>3.</span> <span class='ocrx_word' id='word_1_21' title='bbox 583 392 678 446; x_wconf 82' lang='lat'>[58‚</span> <span class='ocrx_word' id='word_1_22' title='bbox 696 391 762 446; x_wconf 90' lang='lat'>2.]</span> <span class='ocrx_word' id='word_1_23' title='bbox 809 388 947 445; x_wconf 74' lang='grc' dir='ltr'><em>δήμου</em></span> <span class='ocrx_word' id='word_1_24' title='bbox 994 390 1128 432; x_wconf 80' lang='grc' dir='ltr'><em>αιῖτοῧ</em></span> <span class='ocrx_word' id='word_1_25' title='bbox 1166 389 1356 447; x_wconf 84' lang='grc' dir='ltr'><em>ρουσιου.</em></span> <span class='ocrx_word' id='word_1_26' title='bbox 1412 394 1472 433; x_wconf 90' lang='grc' dir='ltr'>Μ.</span> <span class='ocrx_word' id='word_1_27' title='bbox 1514 390 1652 447; x_wconf 75' lang='grc' dir='ltr'><em>δήμου</em></span> <span class='ocrx_word' id='word_1_28' title='bbox 1689 394 1769 435; x_wconf 73' lang='grc' dir='ltr'><em>τοῦ</em></span> 
     </span>
     <span class='ocr_line' id='line_1_5' title="bbox 318 445 509 502; baseline 0 -16"><span class='ocrx_word' id='word_1_29' title='bbox 318 445 509 502; x_wconf 76' lang='grc' dir='ltr'><strong>ῥουσίου.</strong></span> 
     </span>
    </p>
   </div>
   <div class='ocr_carea' id='block_1_4' title="bbox 318 513 1769 630">
    <p class='ocr_par' dir='ltr' id='par_1_4' title="bbox 318 513 1769 630">
     <span class='ocr_line' id='line_1_6' title="bbox 429 513 1769 583; baseline 0.003 -26"><span class='ocrx_word' id='word_1_30' title='bbox 429 519 483 557; x_wconf 88' lang='lat' dir='ltr'>D.</span> <span class='ocrx_word' id='word_1_31' title='bbox 505 519 545 557; x_wconf 90' lang='lat'>3.</span> <span class='ocrx_word' id='word_1_32' title='bbox 565 518 659 583; x_wconf 82' lang='grc'><strong>[38,</strong></span> <span class='ocrx_word' id='word_1_33' title='bbox 687 519 753 559; x_wconf 86' lang='lat'>13.</span> <span class='ocrx_word' id='word_1_34' title='bbox 764 517 780 573; x_wconf 95' lang='lat'>]</span> <span class='ocrx_word' id='word_1_35' title='bbox 812 519 1034 572; x_wconf 42' lang='grc' dir='ltr'><em>σωτηριᾝας</em></span> <span class='ocrx_word' id='word_1_36' title='bbox 1089 520 1149 560; x_wconf 88' lang='lat' dir='ltr'>M.</span> <span class='ocrx_word' id='word_1_37' title='bbox 1186 535 1292 573; x_wconf 83' lang='grc' dir='ltr'>σηρ,</span> <span class='ocrx_word' id='word_1_38' title='bbox 1322 520 1436 560; x_wconf 84' lang='lat' dir='ltr'>idest</span> <span class='ocrx_word' id='word_1_39' title='bbox 1455 521 1635 574; x_wconf 80' lang='grc' dir='ltr'><strong>σωτῆρα.</strong></span> <span class='ocrx_word' id='word_1_40' title='bbox 1661 513 1769 561; x_wconf 72' lang='lat' dir='ltr'>Dein</span> 
     </span>
     <span class='ocr_line' id='line_1_7' title="bbox 318 569 1767 630; baseline 0.001 -16"><span class='ocrx_word' id='word_1_41' title='bbox 318 582 377 614; x_wconf 88' lang='lat' dir='ltr'>est</span> <span class='ocrx_word' id='word_1_42' title='bbox 407 574 555 613; x_wconf 86' lang='lat' dir='ltr'><strong>ibidem</strong></span> <span class='ocrx_word' id='word_1_43' title='bbox 585 569 809 628; x_wconf 72' lang='grc' dir='ltr'><em>σύμφοιτσι</em></span> <span class='ocrx_word' id='word_1_44' title='bbox 837 590 996 629; x_wconf 86' lang='lat' dir='ltr'>quoque</span> <span class='ocrx_word' id='word_1_45' title='bbox 1021 583 1067 614; x_wconf 90' lang='lat' dir='ltr'>ut</span> <span class='ocrx_word' id='word_1_46' title='bbox 1092 578 1134 615; x_wconf 93' lang='lat' dir='ltr'>in</span> <span class='ocrx_word' id='word_1_47' title='bbox 1161 576 1293 620; x_wconf 81' lang='lat' dir='ltr'>edito·</span> <span class='ocrx_word' id='word_1_48' title='bbox 1341 577 1437 630; x_wconf 86' lang='lat' dir='ltr'>quia</span> <span class='ocrx_word' id='word_1_49' title='bbox 1461 583 1598 616; x_wconf 88' lang='lat' dir='ltr'>tamen</span> <span class='ocrx_word' id='word_1_50' title='bbox 1619 569 1686 615; x_wconf 85' lang='lat' dir='ltr'>hic</span> <span class='ocrx_word' id='word_1_51' title='bbox 1715 576 1767 616; x_wconf 87' lang='lat' dir='ltr'>li-</span> 
     </span>
    </p>
   </div>
   <div class='ocr_carea' id='block_1_5' title="bbox 315 630 1770 739">
    <p class='ocr_par' dir='ltr' id='par_1_5' title="bbox 315 630 1770 739">
     <span class='ocr_line' id='line_1_8' title="bbox 317 630 1770 686; baseline 0.001 -17"><span class='ocrx_word' id='word_1_52' title='bbox 317 630 477 670; x_wconf 86' lang='lat' dir='ltr'>brarius</span> <span class='ocrx_word' id='word_1_53' title='bbox 501 643 691 685; x_wconf 81' lang='lat' dir='ltr'>persaepe</span> <span class='ocrx_word' id='word_1_54' title='bbox 725 644 751 668; x_wconf 88' lang='lat' dir='ltr'><em>v</em></span> <span class='ocrx_word' id='word_1_55' title='bbox 791 638 830 669; x_wconf 86' lang='lat' dir='ltr'>et</span> <span class='ocrx_word' id='word_1_56' title='bbox 873 644 911 668; x_wconf 88' lang='grc' dir='ltr'><em>οι</em></span> <span class='ocrx_word' id='word_1_57' title='bbox 951 639 1179 684; x_wconf 81' lang='lat' dir='ltr'>permutat,</span> <span class='ocrx_word' id='word_1_58' title='bbox 1225 646 1308 671; x_wconf 88' lang='lat' dir='ltr'>non</span> <span class='ocrx_word' id='word_1_59' title='bbox 1347 631 1488 671; x_wconf 88' lang='lat' dir='ltr'>dubito</span> <span class='ocrx_word' id='word_1_60' title='bbox 1528 627 1770 686; x_wconf 75' lang='grc' dir='ltr'><strong><em>σύμφυτοι,</em></strong></span> 
     </span>
     <span class='ocr_line' id='line_1_9' title="bbox 315 685 1128 739; baseline 0.001 -14"><span class='ocrx_word' id='word_1_61' title='bbox 315 688 479 739; x_wconf 80' lang='lat' dir='ltr'>agnati,</span> <span class='ocrx_word' id='word_1_62' title='bbox 527 687 664 724; x_wconf 73' lang='lat' dir='ltr'>coalia·</span> <span class='ocrx_word' id='word_1_63' title='bbox 690 686 756 724; x_wconf 90' lang='lat' dir='ltr'>hic</span> <span class='ocrx_word' id='word_1_64' title='bbox 788 685 1002 739; x_wconf 86' lang='lat' dir='ltr'>legendum</span> <span class='ocrx_word' id='word_1_65' title='bbox 1031 702 1128 726; x_wconf 90' lang='lat' dir='ltr'>esse.</span> 
     </span>
    </p>
   </div>
   <div class='ocr_carea' id='block_1_6' title="bbox 320 745 1773 969">
    <p class='ocr_par' dir='ltr' id='par_1_6' title="bbox 320 745 1773 963">
     <span class='ocr_line' id='line_1_10' title="bbox 377 745 1772 818; baseline 0.002 -28"><span class='ocrx_word' id='word_1_66' title='bbox 377 751 444 798; x_wconf 73' lang='grc'>24.</span> <span class='ocrx_word' id='word_1_67' title='bbox 458 751 510 790; x_wconf 93' lang='grc' dir='ltr'>Λ.</span> <span class='ocrx_word' id='word_1_68' title='bbox 533 766 594 791; x_wconf 89' lang='grc' dir='ltr'>ιο.</span> <span class='ocrx_word' id='word_1_69' title='bbox 617 752 752 806; x_wconf 80' lang='grc'><strong>[59,7</strong></span> <span class='ocrx_word' id='word_1_70' title='bbox 762 751 798 805; x_wconf 93' lang='grc'>.]</span> <span class='ocrx_word' id='word_1_71' title='bbox 828 751 1019 805; x_wconf 78' lang='grc' dir='ltr'><em>λέγουσιν</em></span> <span class='ocrx_word' id='word_1_72' title='bbox 1048 749 1086 792; x_wconf 87' lang='grc' dir='ltr'><em>οἱ</em></span> <span class='ocrx_word' id='word_1_73' title='bbox 1115 745 1298 818; x_wconf 83' lang='grc' dir='ltr'><strong>κράκται.</strong></span> <span class='ocrx_word' id='word_1_74' title='bbox 1354 748 1420 792; x_wconf 89' lang='lat' dir='ltr'>Ad</span> <span class='ocrx_word' id='word_1_75' title='bbox 1439 752 1544 792; x_wconf 88' lang='lat' dir='ltr'>hanc</span> <span class='ocrx_word' id='word_1_76' title='bbox 1567 752 1772 806; x_wconf 86' lang='lat' dir='ltr'><strong>regionem</strong></span> 
     </span>
     <span class='ocr_line' id='line_1_11' title="bbox 320 804 1399 861; baseline 0.002 -15"><span class='ocrx_word' id='word_1_77' title='bbox 320 807 569 860; x_wconf 82' lang='lat' dir='ltr'>adscliptum</span> <span class='ocrx_word' id='word_1_78' title='bbox 597 815 683 846; x_wconf 85' lang='lat' dir='ltr'>erat</span> <span class='ocrx_word' id='word_1_79' title='bbox 709 809 752 846; x_wconf 88' lang='lat' dir='ltr'>in</span> <span class='ocrx_word' id='word_1_80' title='bbox 777 807 914 847; x_wconf 86' lang='lat' dir='ltr'>codice</span> <span class='ocrx_word' id='word_1_81' title='bbox 948 804 1056 861; x_wconf 80' lang='grc' dir='ltr'><em>ὁοχη</em></span> <span class='ocrx_word' id='word_1_82' title='bbox 1091 806 1142 861; x_wconf 81' lang='grc' dir='ltr'>α’,</span> <span class='ocrx_word' id='word_1_83' title='bbox 1171 809 1258 848; x_wconf 86' lang='lat' dir='ltr'>vid.</span> <span class='ocrx_word' id='word_1_84' title='bbox 1285 810 1333 848; x_wconf 91' lang='lat' dir='ltr'>B.</span> <span class='ocrx_word' id='word_1_85' title='bbox 1356 807 1399 848; x_wconf 85' lang='lat'>8.</span> 
     </span>
     <span class='ocr_line' id='line_1_12' title="bbox 431 865 1773 969; baseline 0.002 -22"><span class='ocrx_word' id='word_1_86' title='bbox 431 909 479 947; x_wconf 92' lang='grc' dir='ltr'>Β.</span> <span class='ocrx_word' id='word_1_87' title='bbox 507 923 542 947; x_wconf 89' lang='grc'>1.</span> <span class='ocrx_word' id='word_1_88' title='bbox 565 908 661 969; x_wconf 83' lang='lat'>[39,</span> <span class='ocrx_word' id='word_1_89' title='bbox 684 907 750 963; x_wconf 89' lang='lat'>7.]</span> <span class='ocrx_word' id='word_1_90' title='bbox 787 909 923 958; x_wconf 77' lang='grc' dir='ltr'><em>καλῶς</em></span> <span class='ocrx_word' id='word_1_91' title='bbox 951 902 1069 963; x_wconf 78' lang='grc' dir='ltr'><strong>ηλθε.</strong></span> <span class='ocrx_word' id='word_1_92' title='bbox 1124 911 1185 950; x_wconf 89' lang='grc' dir='ltr'>Μ.</span> <span class='ocrx_word' id='word_1_93' title='bbox 1216 908 1354 958; x_wconf 77' lang='grc' dir='ltr'><em>καλῶς</em></span> <span class='ocrx_word' id='word_1_94' title='bbox 1380 865 1446 962; x_wconf 44' lang='lat' dir='ltr'>gx,</span> <span class='ocrx_word' id='word_1_95' title='bbox 1476 907 1517 949; x_wconf 90' lang='lat' dir='ltr'>id</span> <span class='ocrx_word' id='word_1_96' title='bbox 1529 913 1587 949; x_wconf 88' lang='lat' dir='ltr'>est</span> <span class='ocrx_word' id='word_1_97' title='bbox 1607 899 1773 962; x_wconf 66' lang='grc' dir='ltr'><strong>ἤλθετε.</strong></span> 
     </span>
    </p>
   </div>
   <div class='ocr_carea' id='block_1_7' title="bbox 319 967 1832 2802">
    <p class='ocr_par' dir='ltr' id='par_1_7' title="bbox 319 967 1832 2191">
     <span class='ocr_line' id='line_1_13' title="bbox 433 967 1774 1040; baseline 0.001 -27"><span class='ocrx_word' id='word_1_98' title='bbox 433 975 544 1013; x_wconf 78' lang='lat' dir='ltr'><strong>llud.</strong></span> <span class='ocrx_word' id='word_1_99' title='bbox 575 967 748 1029; x_wconf 48' lang='lat' dir='ltr'>[Ihzsscl]</span> <span class='ocrx_word' id='word_1_100' title='bbox 794 971 1018 1029; x_wconf 82' lang='grc' dir='ltr'><em>πρόβλημα</em></span> <span class='ocrx_word' id='word_1_101' title='bbox 1054 975 1128 1029; x_wconf 82' lang='grc' dir='ltr'>τῆς</span> <span class='ocrx_word' id='word_1_102' title='bbox 1155 971 1340 1029; x_wconf 80' lang='grc' dir='ltr'>τριάδος.</span> <span class='ocrx_word' id='word_1_103' title='bbox 1395 975 1598 1016; x_wconf 88' lang='lat' dir='ltr'>Volebant</span> <span class='ocrx_word' id='word_1_104' title='bbox 1628 990 1774 1040; x_wconf 88' lang='lat' dir='ltr'><strong>nempe</strong></span> 
     </span>
     <span class='ocr_line' id='line_1_14' title="bbox 321 1030 1773 1100; baseline 0.001 -31"><span class='ocrx_word' id='word_1_105' title='bbox 321 1044 346 1070; x_wconf 82' lang='lat' dir='ltr'>a</span> <span class='ocrx_word' id='word_1_106' title='bbox 373 1031 459 1070; x_wconf 84' lang='lat' dir='ltr'>Deo</span> <span class='ocrx_word' id='word_1_107' title='bbox 490 1030 631 1080; x_wconf 85' lang='lat' dir='ltr'>electi,</span> <span class='ocrx_word' id='word_1_108' title='bbox 676 1032 909 1081; x_wconf 85' lang='lat' dir='ltr'>constituti,</span> <span class='ocrx_word' id='word_1_109' title='bbox 956 1032 1078 1071; x_wconf 86' lang='lat' dir='ltr'>rebus</span> <span class='ocrx_word' id='word_1_110' title='bbox 1110 1033 1300 1100; x_wconf 79' lang='lat' dir='ltr'>plaefecti</span> <span class='ocrx_word' id='word_1_111' title='bbox 1328 1030 1474 1071; x_wconf 90' lang='lat' dir='ltr'>videri.</span> <span class='ocrx_word' id='word_1_112' title='bbox 1531 1032 1597 1071; x_wconf 89' lang='lat' dir='ltr'>Sic</span> <span class='ocrx_word' id='word_1_113' title='bbox 1625 1032 1773 1098; x_wconf 84' lang='lat' dir='ltr'>passim</span> 
     </span>
     <span class='ocr_line' id='line_1_15' title="bbox 322 1061 1771 1140; baseline 0.001 -15"><span class='ocrx_word' id='word_1_114' title='bbox 322 1087 498 1125; x_wconf 84' lang='lat' dir='ltr'>occurrit</span> <span class='ocrx_word' id='word_1_115' title='bbox 539 1081 560 1124; x_wconf 87' lang='grc' dir='ltr'>ὁ</span> <span class='ocrx_word' id='word_1_116' title='bbox 589 1085 634 1124; x_wconf 81' lang='grc' dir='ltr'>ἐκ</span> <span class='ocrx_word' id='word_1_117' title='bbox 671 1087 774 1125; x_wconf 74' lang='grc' dir='ltr'><em>θεοῦ</em></span> <span class='ocrx_word' id='word_1_118' title='bbox 813 1061 948 1139; x_wconf 61' lang='grc' dir='ltr'><em>προβλ</em></span> <span class='ocrx_word' id='word_1_119' title='bbox 952 1087 1093 1140; x_wconf 75' lang='grc' dir='ltr'><em>ηθεις,</em></span> <span class='ocrx_word' id='word_1_120' title='bbox 1134 1086 1159 1139; x_wconf 83' lang='grc' dir='ltr'><em>ἦ</em></span> <span class='ocrx_word' id='word_1_121' title='bbox 1189 1086 1234 1126; x_wconf 81' lang='grc' dir='ltr'>ἐκ</span> <span class='ocrx_word' id='word_1_122' title='bbox 1269 1086 1375 1127; x_wconf 73' lang='grc' dir='ltr'><em>θεοῦ</em></span> <span class='ocrx_word' id='word_1_123' title='bbox 1402 1087 1597 1137; x_wconf 80' lang='grc' dir='ltr'><em>βασιλεία</em></span> <span class='ocrx_word' id='word_1_124' title='bbox 1625 1081 1771 1136; x_wconf 74' lang='grc' dir='ltr'><em>υμῶν,</em></span> 
     </span>
     <span class='ocr_line' id='line_1_16' title="bbox 324 1138 1773 1192; baseline 0 -12"><span class='ocrx_word' id='word_1_125' title='bbox 324 1138 345 1180; x_wconf 80' lang='grc' dir='ltr'><em>ὃ</em></span> <span class='ocrx_word' id='word_1_126' title='bbox 375 1138 623 1187; x_wconf 81' lang='grc' dir='ltr'><em>θεόστεπτος</em></span> <span class='ocrx_word' id='word_1_127' title='bbox 654 1149 750 1192; x_wconf 60' lang='lat' dir='ltr'>etc„</span> <span class='ocrx_word' id='word_1_128' title='bbox 787 1143 929 1181; x_wconf 88' lang='lat' dir='ltr'>tritum</span> <span class='ocrx_word' id='word_1_129' title='bbox 966 1142 1066 1181; x_wconf 92' lang='lat' dir='ltr'>illud</span> <span class='ocrx_word' id='word_1_130' title='bbox 1094 1144 1136 1181; x_wconf 89' lang='lat' dir='ltr'>in</span> <span class='ocrx_word' id='word_1_131' title='bbox 1176 1142 1556 1182; x_wconf 83' lang='lat' dir='ltr'>acclamationibus:</span> <span class='ocrx_word' id='word_1_132' title='bbox 1598 1141 1677 1181; x_wconf 79' lang='lat' dir='ltr'>Dii</span> <span class='ocrx_word' id='word_1_133' title='bbox 1701 1156 1773 1181; x_wconf 78' lang='lat' dir='ltr'>vos</span> 
     </span>
     <span class='ocr_line' id='line_1_17' title="bbox 321 1197 1774 1262; baseline -0.001 -26"><span class='ocrx_word' id='word_1_134' title='bbox 321 1206 502 1246; x_wconf 74' lang='lat' dir='ltr'>servent,</span> <span class='ocrx_word' id='word_1_135' title='bbox 548 1197 611 1236; x_wconf 73' lang='lat' dir='ltr'>dn·</span> <span class='ocrx_word' id='word_1_136' title='bbox 642 1212 712 1236; x_wconf 83' lang='lat' dir='ltr'>vos</span> <span class='ocrx_word' id='word_1_137' title='bbox 728 1199 939 1262; x_wconf 76' lang='lat' dir='ltr'>fecerunt,</span> <span class='ocrx_word' id='word_1_138' title='bbox 991 1199 1055 1237; x_wconf 77' lang='lat' dir='ltr'>dn·</span> <span class='ocrx_word' id='word_1_139' title='bbox 1077 1213 1147 1237; x_wconf 75' lang='lat'>208</span> <span class='ocrx_word' id='word_1_140' title='bbox 1177 1207 1349 1262; x_wconf 37' lang='lat' dir='ltr'>set-verva.</span> <span class='ocrx_word' id='word_1_141' title='bbox 1406 1198 1481 1237; x_wconf 90' lang='lat' dir='ltr'>Est</span> <span class='ocrx_word' id='word_1_142' title='bbox 1503 1205 1635 1236; x_wconf 82' lang='lat' dir='ltr'>autem</span> <span class='ocrx_word' id='word_1_143' title='bbox 1670 1210 1774 1250; x_wconf 73' lang='grc' dir='ltr'><em>πρυ·</em></span> 
     </span>
     <span class='ocr_line' id='line_1_18' title="bbox 319 1248 1774 1318; baseline 0 -27"><span class='ocrx_word' id='word_1_144' title='bbox 319 1253 466 1304; x_wconf 82' lang='grc' dir='ltr'><em>βλημα</em></span> <span class='ocrx_word' id='word_1_145' title='bbox 511 1251 578 1290; x_wconf 88' lang='lat' dir='ltr'>ille</span> <span class='ocrx_word' id='word_1_146' title='bbox 597 1283 607 1302; x_wconf 91' lang='lat'>,</span> <span class='ocrx_word' id='word_1_147' title='bbox 652 1254 722 1305; x_wconf 88' lang='lat' dir='ltr'>qui</span> <span class='ocrx_word' id='word_1_148' title='bbox 766 1249 1044 1307; x_wconf 80' lang='grc' dir='ltr'><em>προβάλλεται</em></span> <span class='ocrx_word' id='word_1_149' title='bbox 1088 1257 1175 1299; x_wconf 82' lang='grc' dir='ltr'><em>τοῖς</em></span> <span class='ocrx_word' id='word_1_150' title='bbox 1220 1248 1466 1305; x_wconf 80' lang='grc' dir='ltr'><em>πράγμασι,</em></span> <span class='ocrx_word' id='word_1_151' title='bbox 1513 1251 1774 1318; x_wconf 74' lang='lat' dir='ltr'>praeficitur,</span> 
     </span>
     <span class='ocr_line' id='line_1_19' title="bbox 322 1307 1774 1374; baseline 0.001 -28"><span class='ocrx_word' id='word_1_152' title='bbox 322 1308 585 1374; x_wconf 83' lang='lat' dir='ltr'>praeponitur</span> <span class='ocrx_word' id='word_1_153' title='bbox 604 1308 724 1347; x_wconf 86' lang='lat' dir='ltr'>rebus</span> <span class='ocrx_word' id='word_1_154' title='bbox 749 1308 1091 1347; x_wconf 81' lang='lat' dir='ltr'>administrandis.</span> <span class='ocrx_word' id='word_1_155' title='bbox 1149 1308 1222 1347; x_wconf 84' lang='lat' dir='ltr'>Est</span> <span class='ocrx_word' id='word_1_156' title='bbox 1249 1310 1356 1347; x_wconf 90' lang='lat' dir='ltr'>enim</span> <span class='ocrx_word' id='word_1_157' title='bbox 1384 1307 1638 1360; x_wconf 79' lang='grc' dir='ltr'><em>προβάλλειν</em></span> <span class='ocrx_word' id='word_1_158' title='bbox 1665 1307 1774 1347; x_wconf 87' lang='lat' dir='ltr'>idem</span> 
     </span>
     <span class='ocr_line' id='line_1_20' title="bbox 323 1359 1771 1427; baseline 0.001 -26"><span class='ocrx_word' id='word_1_159' title='bbox 323 1364 435 1427; x_wconf 87' lang='lat' dir='ltr'>quod</span> <span class='ocrx_word' id='word_1_160' title='bbox 466 1360 705 1415; x_wconf 78' lang='grc' dir='ltr'><em>ἐφιστάναι.</em></span> <span class='ocrx_word' id='word_1_161' title='bbox 762 1365 826 1402; x_wconf 84' lang='lat' dir='ltr'>Ita</span> <span class='ocrx_word' id='word_1_162' title='bbox 849 1378 898 1416; x_wconf 91' lang='lat' dir='ltr'>ap</span> <span class='ocrx_word' id='word_1_163' title='bbox 904 1364 957 1403; x_wconf 93' lang='lat' dir='ltr'>ud</span> <span class='ocrx_word' id='word_1_164' title='bbox 985 1365 1190 1403; x_wconf 89' lang='lat' dir='ltr'>Zosimum</span> <span class='ocrx_word' id='word_1_165' title='bbox 1221 1379 1262 1417; x_wconf 93' lang='lat' dir='ltr'>p.</span> <span class='ocrx_word' id='word_1_166' title='bbox 1283 1359 1379 1415; x_wconf 67' lang='grc'><strong>542.</strong></span> <span class='ocrx_word' id='word_1_167' title='bbox 1402 1362 1445 1402; x_wconf 89' lang='lat'>8.</span> <span class='ocrx_word' id='word_1_168' title='bbox 1503 1376 1525 1401; x_wconf 92' lang='grc' dir='ltr'><em>ο</em></span> <span class='ocrx_word' id='word_1_169' title='bbox 1557 1362 1640 1402; x_wconf 80' lang='grc' dir='ltr'>τῶν</span> <span class='ocrx_word' id='word_1_170' title='bbox 1668 1361 1771 1415; x_wconf 84' lang='grc' dir='ltr'><em>α’νη-</em></span> 
     </span>
     <span class='ocr_line' id='line_1_21' title="bbox 323 1414 1778 1486; baseline -0.001 -28"><span class='ocrx_word' id='word_1_171' title='bbox 323 1414 479 1458; x_wconf 77' lang='grc' dir='ltr'><em>κόνεων</em></span> <span class='ocrx_word' id='word_1_172' title='bbox 510 1416 598 1457; x_wconf 75' lang='grc' dir='ltr'>ἰδία</span> <span class='ocrx_word' id='word_1_173' title='bbox 633 1432 689 1473; x_wconf 80' lang='grc' dir='ltr'>τω</span> <span class='ocrx_word' id='word_1_174' title='bbox 727 1419 901 1470; x_wconf 84' lang='grc' dir='ltr'><em>βασιλει</em></span> <span class='ocrx_word' id='word_1_175' title='bbox 935 1433 1117 1469; x_wconf 77' lang='grc' dir='ltr'><em>ταμειων</em></span> <span class='ocrx_word' id='word_1_176' title='bbox 1152 1417 1512 1486; x_wconf 74' lang='grc' dir='ltr'><em>προβεβλημένος,</em></span> <span class='ocrx_word' id='word_1_177' title='bbox 1553 1418 1778 1482; x_wconf 76' lang='lat' dir='ltr'>praefectus</span> 
     </span>
     <span class='ocr_line' id='line_1_22' title="bbox 326 1472 1832 1537; baseline 0.001 -25"><span class='ocrx_word' id='word_1_178' title='bbox 326 1474 422 1526; x_wconf 90' lang='lat' dir='ltr'>(seu</span> <span class='ocrx_word' id='word_1_179' title='bbox 454 1475 608 1537; x_wconf 89' lang='lat' dir='ltr'>comes)</span> <span class='ocrx_word' id='word_1_180' title='bbox 653 1487 783 1513; x_wconf 77' lang='lat' dir='ltr'>rerum</span> <span class='ocrx_word' id='word_1_181' title='bbox 812 1473 1065 1528; x_wconf 78' lang='lat' dir='ltr'>privatarum</span> <span class='ocrx_word' id='word_1_182' title='bbox 1103 1489 1176 1527; x_wconf 90' lang='lat' dir='ltr'>pro</span> <span class='ocrx_word' id='word_1_183' title='bbox 1217 1472 1548 1525; x_wconf 81' lang='grc' dir='ltr'><em>επιτεταγμένος.</em></span> <span class='ocrx_word' id='word_1_184' title='bbox 1603 1473 1776 1526; x_wconf 79' lang='lat' dir='ltr'>Proprie</span> <span class='ocrx_word' id='word_1_185' title='bbox 1824 1487 1832 1503; x_wconf 79' lang='lat'><strong><em>⁴</em></strong></span> 
     </span>
     <span class='ocr_line' id='line_1_23' title="bbox 326 1524 1774 1581; baseline -0.001 -13"><span class='ocrx_word' id='word_1_186' title='bbox 326 1535 387 1568; x_wconf 89' lang='lat' dir='ltr'>est</span> <span class='ocrx_word' id='word_1_187' title='bbox 418 1524 669 1581; x_wconf 78' lang='grc' dir='ltr'><em>προβάλλειν</em></span> <span class='ocrx_word' id='word_1_188' title='bbox 699 1530 740 1568; x_wconf 86' lang='grc' dir='ltr'>ἰ11</span> <span class='ocrx_word' id='word_1_189' title='bbox 776 1529 936 1580; x_wconf 67' lang='lat' dir='ltr'>fronte,</span> <span class='ocrx_word' id='word_1_190' title='bbox 982 1531 1026 1568; x_wconf 91' lang='lat' dir='ltr'>in</span> <span class='ocrx_word' id='word_1_191' title='bbox 1055 1531 1204 1569; x_wconf 87' lang='lat' dir='ltr'>vertice</span> <span class='ocrx_word' id='word_1_192' title='bbox 1235 1530 1317 1576; x_wconf 85' lang='lat' dir='ltr'>rei,</span> <span class='ocrx_word' id='word_1_193' title='bbox 1361 1530 1404 1567; x_wconf 84' lang='lat' dir='ltr'>in</span> <span class='ocrx_word' id='word_1_194' title='bbox 1440 1529 1526 1568; x_wconf 80' lang='lat' dir='ltr'>acie</span> <span class='ocrx_word' id='word_1_195' title='bbox 1552 1527 1774 1580; x_wconf 86' lang='lat' dir='ltr'>collocare,</span> 
     </span>
     <span class='ocr_line' id='line_1_24' title="bbox 327 1578 1775 1652; baseline 0 -30"><span class='ocrx_word' id='word_1_196' title='bbox 327 1585 556 1637; x_wconf 86' lang='lat' dir='ltr'><strong>Imperator</strong></span> <span class='ocrx_word' id='word_1_197' title='bbox 593 1583 951 1648; x_wconf 78' lang='grc' dir='ltr'><em>προβεβλημένος,</em></span> <span class='ocrx_word' id='word_1_198' title='bbox 994 1586 1063 1640; x_wconf 90' lang='lat' dir='ltr'>qui</span> <span class='ocrx_word' id='word_1_199' title='bbox 1100 1586 1142 1624; x_wconf 90' lang='lat' dir='ltr'>in</span> <span class='ocrx_word' id='word_1_200' title='bbox 1175 1578 1338 1652; x_wconf 90' lang='lat' dir='ltr'>cuspide</span> <span class='ocrx_word' id='word_1_201' title='bbox 1367 1583 1507 1638; x_wconf 88' lang='lat' dir='ltr'>populi</span> <span class='ocrx_word' id='word_1_202' title='bbox 1533 1585 1775 1626; x_wconf 83' lang='lat' dir='ltr'>constitutus</span> 
     </span>
     <span class='ocr_line' id='line_1_25' title="bbox 327 1637 1776 1704; baseline -0.001 -25"><span class='ocrx_word' id='word_1_203' title='bbox 327 1646 368 1679; x_wconf 86' lang='lat' dir='ltr'>et</span> <span class='ocrx_word' id='word_1_204' title='bbox 399 1639 434 1678; x_wconf 91' lang='lat' dir='ltr'>ei</span> <span class='ocrx_word' id='word_1_205' title='bbox 468 1639 690 1692; x_wconf 85' lang='lat' dir='ltr'>praefectus</span> <span class='ocrx_word' id='word_1_206' title='bbox 721 1647 806 1691; x_wconf 87' lang='lat' dir='ltr'>est,</span> <span class='ocrx_word' id='word_1_207' title='bbox 854 1654 999 1704; x_wconf 40' lang='grc' dir='ltr'><em>αρχιων</em></span> <span class='ocrx_word' id='word_1_208' title='bbox 1038 1638 1400 1694; x_wconf 78' lang='grc' dir='ltr'><em>προβεβλημένος,</em></span> <span class='ocrx_word' id='word_1_209' title='bbox 1445 1640 1516 1692; x_wconf 90' lang='lat' dir='ltr'>qui</span> <span class='ocrx_word' id='word_1_210' title='bbox 1543 1639 1586 1677; x_wconf 88' lang='lat' dir='ltr'>in</span> <span class='ocrx_word' id='word_1_211' title='bbox 1619 1637 1756 1678; x_wconf 87' lang='lat' dir='ltr'>colle·</span> <span class='ocrx_word' id='word_1_212' title='bbox 1761 1640 1776 1678; x_wconf 82' lang='lat' dir='ltr'>i</span> 
     </span>
     <span class='ocr_line' id='line_1_26' title="bbox 326 1693 1777 1761; baseline -0.001 -26"><span class='ocrx_word' id='word_1_213' title='bbox 326 1695 392 1735; x_wconf 79' lang='lat' dir='ltr'>sui</span> <span class='ocrx_word' id='word_1_214' title='bbox 414 1695 575 1748; x_wconf 83' lang='lat' dir='ltr'>cuspide</span> <span class='ocrx_word' id='word_1_215' title='bbox 603 1695 845 1744; x_wconf 83' lang='lat' dir='ltr'>collocatur,</span> <span class='ocrx_word' id='word_1_216' title='bbox 877 1697 947 1761; x_wconf 87' lang='lat' dir='ltr'>qui</span> <span class='ocrx_word' id='word_1_217' title='bbox 976 1696 1104 1735; x_wconf 90' lang='lat' dir='ltr'>honos</span> <span class='ocrx_word' id='word_1_218' title='bbox 1132 1710 1270 1735; x_wconf 89' lang='lat' dir='ltr'>recens</span> <span class='ocrx_word' id='word_1_219' title='bbox 1298 1694 1433 1734; x_wconf 85' lang='lat' dir='ltr'>electis</span> <span class='ocrx_word' id='word_1_220' title='bbox 1462 1693 1704 1740; x_wconf 84' lang='lat' dir='ltr'>habebatur.</span> <span class='ocrx_word' id='word_1_221' title='bbox 1741 1693 1777 1734; x_wconf 92' lang='grc' dir='ltr'>Ο</span> 
     </span>
     <span class='ocr_line' id='line_1_27' title="bbox 327 1745 1777 1804; baseline 0.001 -16"><span class='ocrx_word' id='word_1_222' title='bbox 327 1749 484 1803; x_wconf 82' lang='grc' dir='ltr'><em>ταῦρος</em></span> <span class='ocrx_word' id='word_1_223' title='bbox 512 1748 738 1802; x_wconf 78' lang='grc' dir='ltr'><em>προβάλλει</em></span> <span class='ocrx_word' id='word_1_224' title='bbox 766 1746 916 1791; x_wconf 74' lang='grc' dir='ltr'><em>ἑαυτὸν</em></span> <span class='ocrx_word' id='word_1_225' title='bbox 952 1752 1027 1803; x_wconf 77' lang='grc' dir='ltr'>τῆς</span> <span class='ocrx_word' id='word_1_226' title='bbox 1055 1745 1203 1804; x_wconf 73' lang='grc' dir='ltr'><em>ἀγέλης</em></span> <span class='ocrx_word' id='word_1_227' title='bbox 1230 1752 1286 1789; x_wconf 88' lang='lat' dir='ltr'>ait</span> <span class='ocrx_word' id='word_1_228' title='bbox 1321 1751 1527 1804; x_wconf 84' lang='lat' dir='ltr'>Epictetus</span> <span class='ocrx_word' id='word_1_229' title='bbox 1561 1749 1668 1802; x_wconf 84' lang='lat' dir='ltr'>apud</span> <span class='ocrx_word' id='word_1_230' title='bbox 1692 1748 1777 1789; x_wconf 84' lang='lat' dir='ltr'>Ar-</span> 
     </span>
     <span class='ocr_line' id='line_1_28' title="bbox 327 1803 1776 1869; baseline -0.001 -24"><span class='ocrx_word' id='word_1_231' title='bbox 327 1808 432 1845; x_wconf 81' lang='lat' dir='ltr'>lian.</span> <span class='ocrx_word' id='word_1_232' title='bbox 465 1821 508 1858; x_wconf 88' lang='lat' dir='ltr'>p.</span> <span class='ocrx_word' id='word_1_233' title='bbox 531 1805 600 1869; x_wconf 75' lang='grc'>89.</span> <span class='ocrx_word' id='word_1_234' title='bbox 622 1806 717 1857; x_wconf 90' lang='lat' dir='ltr'>ult.,</span> <span class='ocrx_word' id='word_1_235' title='bbox 747 1808 811 1846; x_wconf 88' lang='lat' dir='ltr'>cui</span> <span class='ocrx_word' id='word_1_236' title='bbox 833 1808 1030 1846; x_wconf 88' lang='lat' dir='ltr'>consentit</span> <span class='ocrx_word' id='word_1_237' title='bbox 1050 1807 1172 1846; x_wconf 84' lang='lat' dir='ltr'>dictio</span> <span class='ocrx_word' id='word_1_238' title='bbox 1199 1805 1370 1845; x_wconf 85' lang='lat' dir='ltr'>Malalae</span> <span class='ocrx_word' id='word_1_239' title='bbox 1389 1806 1442 1844; x_wconf 88' lang='grc' dir='ltr'><strong>Τ.</strong></span> <span class='ocrx_word' id='word_1_240' title='bbox 1465 1805 1523 1844; x_wconf 88' lang='lat' dir='ltr'>II.</span> <span class='ocrx_word' id='word_1_241' title='bbox 1553 1818 1596 1857; x_wconf 97' lang='grc' dir='ltr'>Ρ.</span> <span class='ocrx_word' id='word_1_242' title='bbox 1616 1803 1686 1859; x_wconf 75' lang='grc'>67.</span> <span class='ocrx_word' id='word_1_243' title='bbox 1705 1803 1776 1844; x_wconf 91' lang='grc'><strong>8.·</strong></span> 
     </span>
     <span class='ocr_line' id='line_1_29' title="bbox 327 1837 1782 1927; baseline 0 -28"><span class='ocrx_word' id='word_1_244' title='bbox 327 1860 370 1900; x_wconf 84' lang='grc' dir='ltr'>εἰ</span> <span class='ocrx_word' id='word_1_245' title='bbox 396 1857 485 1912; x_wconf 81' lang='grc' dir='ltr'><em>ἔχει</em></span> <span class='ocrx_word' id='word_1_246' title='bbox 513 1858 557 1900; x_wconf 81' lang='grc' dir='ltr'>τὸ</span> <span class='ocrx_word' id='word_1_247' title='bbox 590 1837 798 1910; x_wconf 54' lang='grc' dir='ltr'><em>ἐξπεάίτον</em></span> <span class='ocrx_word' id='word_1_248' title='bbox 822 1877 897 1902; x_wconf 91' lang='grc' dir='ltr'><em>σου</em></span> <span class='ocrx_word' id='word_1_249' title='bbox 931 1857 1027 1901; x_wconf 76' lang='grc' dir='ltr'><em>ὅλον</em></span> <span class='ocrx_word' id='word_1_250' title='bbox 1056 1855 1193 1927; x_wconf 76' lang='grc' dir='ltr'><em>άνὸρα</em></span> <span class='ocrx_word' id='word_1_251' title='bbox 1224 1855 1453 1911; x_wconf 78' lang='grc' dir='ltr'><em>δυνάμενον</em></span> <span class='ocrx_word' id='word_1_252' title='bbox 1477 1859 1782 1912; x_wconf 74' lang='grc' dir='ltr'><em>μονομαχῆσαι</em></span> 
     </span>
     <span class='ocr_line' id='line_1_30' title="bbox 328 1913 1777 1980; baseline 0 -26"><span class='ocrx_word' id='word_1_253' title='bbox 328 1915 402 1955; x_wconf 80' lang='grc' dir='ltr'><em>καί</em></span> <span class='ocrx_word' id='word_1_254' title='bbox 438 1916 605 1980; x_wconf 69' lang='grc' dir='ltr'><em>νικῆσαι</em></span> <span class='ocrx_word' id='word_1_255' title='bbox 645 1913 717 1957; x_wconf 76' lang='grc' dir='ltr'>ἕνα</span> <span class='ocrx_word' id='word_1_256' title='bbox 746 1917 920 1971; x_wconf 83' lang='grc' dir='ltr'><em>Πέρσην</em></span> <span class='ocrx_word' id='word_1_257' title='bbox 947 1913 1284 1969; x_wconf 85' lang='grc' dir='ltr'><em>προβαλλόμενον</em></span> <span class='ocrx_word' id='word_1_258' title='bbox 1323 1915 1423 1968; x_wconf 80' lang='grc' dir='ltr'><em>παρ’</em></span> <span class='ocrx_word' id='word_1_259' title='bbox 1465 1913 1586 1965; x_wconf 75' lang='grc' dir='ltr'><em>ἐμοῦ,</em></span> <span class='ocrx_word' id='word_1_260' title='bbox 1609 1914 1777 1970; x_wconf 78' lang='lat' dir='ltr'>prodire</span> 
     </span>
     <span class='ocr_line' id='line_1_31' title="bbox 329 1970 1779 2012; baseline 0 -3"><span class='ocrx_word' id='word_1_261' title='bbox 329 1980 422 2010; x_wconf 84' lang='lat' dir='ltr'>ante</span> <span class='ocrx_word' id='word_1_262' title='bbox 450 1973 574 2010; x_wconf 78' lang='lat' dir='ltr'>aciem</span> <span class='ocrx_word' id='word_1_263' title='bbox 609 1981 648 2011; x_wconf 83' lang='lat' dir='ltr'>et</span> <span class='ocrx_word' id='word_1_264' title='bbox 679 1973 787 2012; x_wconf 82' lang='lat' dir='ltr'>velut</span> <span class='ocrx_word' id='word_1_265' title='bbox 817 1974 1093 2012; x_wconf 79' lang='lat' dir='ltr'>mzmzmentum</span> <span class='ocrx_word' id='word_1_266' title='bbox 1130 1971 1325 2011; x_wconf 73' lang='lat' dir='ltr'>exercitat</span> <span class='ocrx_word' id='word_1_267' title='bbox 1354 1985 1434 2010; x_wconf 78' lang='lat' dir='ltr'>sese</span> <span class='ocrx_word' id='word_1_268' title='bbox 1469 1970 1635 2010; x_wconf 83' lang='lat' dir='ltr'>obiicere</span> <span class='ocrx_word' id='word_1_269' title='bbox 1659 1984 1687 2008; x_wconf 83' lang='lat' dir='ltr'><em>a</em></span> <span class='ocrx_word' id='word_1_270' title='bbox 1715 1983 1779 2009; x_wconf 86' lang='lat' dir='ltr'>me</span> 
     </span>
     <span class='ocr_line' id='line_1_32' title="bbox 331 2024 1777 2080; baseline 0 -16"><span class='ocrx_word' id='word_1_271' title='bbox 331 2028 489 2066; x_wconf 77' lang='lat' dir='ltr'>imsnm.</span> <span class='ocrx_word' id='word_1_272' title='bbox 549 2027 654 2066; x_wconf 84' lang='lat' dir='ltr'>Hinc</span> <span class='ocrx_word' id='word_1_273' title='bbox 683 2025 968 2080; x_wconf 78' lang='grc' dir='ltr'><em>παραβάλλειν</em></span> <span class='ocrx_word' id='word_1_274' title='bbox 995 2026 1079 2067; x_wconf 84' lang='grc' dir='ltr'>τινί</span> <span class='ocrx_word' id='word_1_275' title='bbox 1105 2027 1156 2065; x_wconf 86' lang='lat' dir='ltr'>ad</span> <span class='ocrx_word' id='word_1_276' title='bbox 1186 2026 1290 2066; x_wconf 86' lang='lat' dir='ltr'>latus</span> <span class='ocrx_word' id='word_1_277' title='bbox 1309 2025 1476 2064; x_wconf 80' lang='lat' dir='ltr'>alicuius</span> <span class='ocrx_word' id='word_1_278' title='bbox 1498 2039 1540 2064; x_wconf 90' lang='lat' dir='ltr'>se</span> <span class='ocrx_word' id='word_1_279' title='bbox 1563 2024 1777 2075; x_wconf 82' lang='lat' dir='ltr'>collocare,</span> 
     </span>
     <span class='ocr_line' id='line_1_33' title="bbox 333 2079 1779 2135; baseline -0.001 -15"><span class='ocrx_word' id='word_1_280' title='bbox 333 2081 453 2120; x_wconf 89' lang='lat' dir='ltr'>alicui</span> <span class='ocrx_word' id='word_1_281' title='bbox 491 2096 532 2121; x_wconf 88' lang='lat' dir='ltr'>se</span> <span class='ocrx_word' id='word_1_282' title='bbox 563 2083 806 2135; x_wconf 81' lang='lat' dir='ltr'>adiungere,</span> <span class='ocrx_word' id='word_1_283' title='bbox 854 2082 1086 2135; x_wconf 84' lang='lat' dir='ltr'>disciplinae</span> <span class='ocrx_word' id='word_1_284' title='bbox 1127 2084 1212 2121; x_wconf 89' lang='lat' dir='ltr'>eius</span> <span class='ocrx_word' id='word_1_285' title='bbox 1243 2096 1284 2121; x_wconf 88' lang='lat' dir='ltr'>se</span> <span class='ocrx_word' id='word_1_286' title='bbox 1321 2081 1504 2134; x_wconf 82' lang='lat' dir='ltr'>tradere,</span> <span class='ocrx_word' id='word_1_287' title='bbox 1549 2079 1779 2134; x_wconf 82' lang='lat' dir='ltr'>frequenter</span> 
     </span>
     <span class='ocr_line' id='line_1_34' title="bbox 330 2138 1095 2191; baseline 0 -16"><span class='ocrx_word' id='word_1_288' title='bbox 330 2138 508 2176; x_wconf 87' lang='lat' dir='ltr'>occurrit</span> <span class='ocrx_word' id='word_1_289' title='bbox 539 2139 646 2191; x_wconf 88' lang='lat' dir='ltr'>apud</span> <span class='ocrx_word' id='word_1_290' title='bbox 671 2139 843 2191; x_wconf 82' lang='lat' dir='ltr'>Diogen.</span> <span class='ocrx_word' id='word_1_291' title='bbox 874 2138 1095 2178; x_wconf 87' lang='lat' dir='ltr'>Lae&#39;rtium.</span> 
     </span>
    </p>

    <p class='ocr_par' dir='ltr' id='par_1_8' title="bbox 334 2184 1779 2299">
     <span class='ocr_line' id='line_1_35' title="bbox 443 2184 1779 2249; baseline -0.002 -16"><span class='ocrx_word' id='word_1_292' title='bbox 443 2192 490 2231; x_wconf 93' lang='lat' dir='ltr'>C</span> <span class='ocrx_word' id='word_1_293' title='bbox 510 2194 772 2249; x_wconf 85' lang='lat'>2.[39,19.]</span> <span class='ocrx_word' id='word_1_294' title='bbox 813 2207 886 2247; x_wconf 83' lang='grc' dir='ltr'>την</span> <span class='ocrx_word' id='word_1_295' title='bbox 924 2191 1055 2245; x_wconf 79' lang='grc' dir='ltr'><strong>ὗμων.</strong></span> <span class='ocrx_word' id='word_1_296' title='bbox 1109 2193 1221 2232; x_wconf 85' lang='lat' dir='ltr'>Est</span> <span class='ocrx_word' id='word_1_297' title='bbox 1210 2207 1253 2231; x_wconf 87' lang='lat' dir='ltr'>ln</span> <span class='ocrx_word' id='word_1_298' title='bbox 1289 2190 1463 2232; x_wconf 78' lang='lat' dir='ltr'>membr.</span> <span class='ocrx_word' id='word_1_299' title='bbox 1508 2197 1548 2231; x_wconf 86' lang='lat' dir='ltr'>et</span> <span class='ocrx_word' id='word_1_300' title='bbox 1575 2190 1625 2230; x_wconf 88' lang='lat' dir='ltr'>C.</span> <span class='ocrx_word' id='word_1_301' title='bbox 1651 2190 1694 2230; x_wconf 87' lang='lat'>3.</span> <span class='ocrx_word' id='word_1_302' title='bbox 1722 2184 1779 2230; x_wconf 80' lang='grc' dir='ltr'>τοὶ</span> 
     </span>
     <span class='ocr_line' id='line_1_36' title="bbox 334 2245 498 2299; baseline 0 -13"><span class='ocrx_word' id='word_1_303' title='bbox 334 2245 381 2287; x_wconf 73' lang='grc' dir='ltr'>δὲ</span> <span class='ocrx_word' id='word_1_304' title='bbox 410 2248 498 2299; x_wconf 81' lang='grc' dir='ltr'><strong>τῆς.</strong></span> 
     </span>
    </p>

    <p class='ocr_par' dir='ltr' id='par_1_9' title="bbox 333 2280 1778 2411">
     <span class='ocr_line' id='line_1_37' title="bbox 447 2280 1778 2358; baseline -0.002 -16"><span class='ocrx_word' id='word_1_305' title='bbox 447 2304 495 2342; x_wconf 92' lang='lat' dir='ltr'>C.</span> <span class='ocrx_word' id='word_1_306' title='bbox 516 2318 560 2356; x_wconf 90' lang='grc'>9.</span> <span class='ocrx_word' id='word_1_307' title='bbox 584 2301 674 2358; x_wconf 74' lang='grc' dir='ltr'>[4ο,</span> <span class='ocrx_word' id='word_1_308' title='bbox 697 2302 762 2358; x_wconf 84' lang='grc'>2.]</span> <span class='ocrx_word' id='word_1_309' title='bbox 791 2300 863 2343; x_wconf 82' lang='grc' dir='ltr'>τὸν</span> <span class='ocrx_word' id='word_1_310' title='bbox 891 2299 1155 2343; x_wconf 84' lang='grc' dir='ltr'><em>απελατικόν.</em></span> <span class='ocrx_word' id='word_1_311' title='bbox 1211 2303 1327 2353; x_wconf 88' lang='lat' dir='ltr'>Quae</span> <span class='ocrx_word' id='word_1_312' title='bbox 1353 2315 1444 2342; x_wconf 88' lang='lat' dir='ltr'>mea</span> <span class='ocrx_word' id='word_1_313' title='bbox 1467 2303 1519 2342; x_wconf 89' lang='lat' dir='ltr'>sit</span> <span class='ocrx_word' id='word_1_314' title='bbox 1543 2300 1599 2340; x_wconf 89' lang='lat' dir='ltr'>de</span> <span class='ocrx_word' id='word_1_315' title='bbox 1621 2280 1778 2354; x_wconf 80' lang='lat' dir='ltr'>signifi-</span> 
     </span>
     <span class='ocr_line' id='line_1_38' title="bbox 333 2354 1678 2411; baseline 0 -17"><span class='ocrx_word' id='word_1_316' title='bbox 333 2358 490 2397; x_wconf 84' lang='lat' dir='ltr'>catione</span> <span class='ocrx_word' id='word_1_317' title='bbox 519 2359 638 2398; x_wconf 89' lang='lat' dir='ltr'>huius</span> <span class='ocrx_word' id='word_1_318' title='bbox 671 2359 856 2399; x_wconf 87' lang='lat' dir='ltr'>vocabuli</span> <span class='ocrx_word' id='word_1_319' title='bbox 896 2360 1149 2410; x_wconf 83' lang='lat' dir='ltr'>coniectura,</span> <span class='ocrx_word' id='word_1_320' title='bbox 1183 2358 1263 2397; x_wconf 83' lang='lat' dir='ltr'>dixi</span> <span class='ocrx_word' id='word_1_321' title='bbox 1292 2357 1344 2397; x_wconf 88' lang='lat' dir='ltr'>ad</span> <span class='ocrx_word' id='word_1_322' title='bbox 1363 2373 1406 2411; x_wconf 92' lang='lat' dir='ltr'><strong>p.</strong></span> <span class='ocrx_word' id='word_1_323' title='bbox 1431 2355 1542 2399; x_wconf 91' lang='grc'><strong>218.</strong></span> <span class='ocrx_word' id='word_1_324' title='bbox 1557 2356 1612 2395; x_wconf 85' lang='lat' dir='ltr'>A.</span> <span class='ocrx_word' id='word_1_325' title='bbox 1633 2354 1678 2394; x_wconf 88' lang='grc'>8.</span> 
     </span>
    </p>

    <p class='ocr_par' dir='ltr' id='par_1_10' title="bbox 393 2389 1778 2471">
     <span class='ocr_line' id='line_1_39' title="bbox 393 2389 1778 2471; baseline -0.001 -21"><span class='ocrx_word' id='word_1_326' title='bbox 393 2412 460 2451; x_wconf 82' lang='grc'>25.</span> <span class='ocrx_word' id='word_1_327' title='bbox 476 2413 529 2452; x_wconf 87' lang='lat' dir='ltr'><strong>A.</strong></span> <span class='ocrx_word' id='word_1_328' title='bbox 547 2416 587 2454; x_wconf 89' lang='lat'>3.</span> <span class='ocrx_word' id='word_1_329' title='bbox 611 2413 705 2469; x_wconf 64' lang='lat'>[4⁰⁷</span> <span class='ocrx_word' id='word_1_330' title='bbox 731 2430 794 2471; x_wconf 86' lang='lat'>17·</span> <span class='ocrx_word' id='word_1_331' title='bbox 784 2414 823 2470; x_wconf 93' lang='lat'>.]</span> <span class='ocrx_word' id='word_1_332' title='bbox 852 2410 1007 2461; x_wconf 74' lang='grc' dir='ltr'><strong>καθως.</strong></span> <span class='ocrx_word' id='word_1_333' title='bbox 1061 2415 1122 2454; x_wconf 93' lang='grc' dir='ltr'>Μ.</span> <span class='ocrx_word' id='word_1_334' title='bbox 1138 2389 1299 2460; x_wconf 71' lang='grc' dir='ltr'><em>καθώς</em></span> <span class='ocrx_word' id='word_1_335' title='bbox 1333 2427 1407 2453; x_wconf 84' lang='grc' dir='ltr'>και</span> <span class='ocrx_word' id='word_1_336' title='bbox 1444 2410 1489 2452; x_wconf 80' lang='grc' dir='ltr'>ἐν</span> <span class='ocrx_word' id='word_1_337' title='bbox 1524 2411 1574 2467; x_wconf 82' lang='grc' dir='ltr'>τῇ</span> <span class='ocrx_word' id='word_1_338' title='bbox 1603 2409 1778 2466; x_wconf 61' lang='grc' dir='ltr'><em>δευτέρᾳ</em></span> 
     </span>
    </p>

    <p class='ocr_par' dir='ltr' id='par_1_11' title="bbox 335 2464 643 2521">
     <span class='ocr_line' id='line_1_40' title="bbox 335 2464 643 2521; baseline 0.017 -18"><span class='ocrx_word' id='word_1_339' title='bbox 335 2464 440 2521; x_wconf 76' lang='grc' dir='ltr'><em>δοχῇ</em></span> <span class='ocrx_word' id='word_1_340' title='bbox 468 2465 643 2521; x_wconf 85' lang='grc' dir='ltr'><em>εἱρηται.</em></span> 
     </span>
    </p>

    <p class='ocr_par' dir='ltr' id='par_1_12' title="bbox 447 2515 1694 2591">
     <span class='ocr_line' id='line_1_41' title="bbox 447 2515 1694 2591; baseline 0.001 -31"><span class='ocrx_word' id='word_1_341' title='bbox 447 2522 502 2561; x_wconf 89' lang='lat' dir='ltr'><strong>A.</strong></span> <span class='ocrx_word' id='word_1_342' title='bbox 526 2524 564 2562; x_wconf 97' lang='lat'>5.</span> <span class='ocrx_word' id='word_1_343' title='bbox 589 2524 684 2578; x_wconf 73' lang='grc' dir='ltr'><strong>[4ο,</strong></span> <span class='ocrx_word' id='word_1_344' title='bbox 711 2523 773 2564; x_wconf 90' lang='grc'>18.</span> <span class='ocrx_word' id='word_1_345' title='bbox 783 2521 798 2576; x_wconf 93' lang='grc'><strong>]</strong></span> <span class='ocrx_word' id='word_1_346' title='bbox 828 2537 969 2591; x_wconf 80' lang='grc' dir='ltr'><em>ηγουν.</em></span> <span class='ocrx_word' id='word_1_347' title='bbox 1023 2524 1084 2563; x_wconf 94' lang='grc' dir='ltr'><strong>Μ</strong></span> <span class='ocrx_word' id='word_1_348' title='bbox 1110 2515 1249 2574; x_wconf 77' lang='grc' dir='ltr'><em>η’τουν,</em></span> <span class='ocrx_word' id='word_1_349' title='bbox 1278 2532 1318 2563; x_wconf 85' lang='lat' dir='ltr'>et</span> <span class='ocrx_word' id='word_1_350' title='bbox 1342 2525 1397 2563; x_wconf 88' lang='lat' dir='ltr'>sic</span> <span class='ocrx_word' id='word_1_351' title='bbox 1420 2521 1511 2562; x_wconf 84' lang='lat' dir='ltr'>illae</span> <span class='ocrx_word' id='word_1_352' title='bbox 1531 2521 1694 2576; x_wconf 83' lang='lat' dir='ltr'>passim.</span> 
     </span>
    </p>

    <p class='ocr_par' dir='ltr' id='par_1_13' title="bbox 337 2574 1776 2688">
     <span class='ocr_line' id='line_1_42' title="bbox 449 2574 1776 2661; baseline -0.001 -45"><span class='ocrx_word' id='word_1_353' title='bbox 449 2576 500 2615; x_wconf 94' lang='lat' dir='ltr'><strong>A.</strong></span> <span class='ocrx_word' id='word_1_354' title='bbox 520 2579 560 2618; x_wconf 88' lang='grc'>8.</span> <span class='ocrx_word' id='word_1_355' title='bbox 585 2579 672 2634; x_wconf 74' lang='grc'><strong>[40,</strong></span> <span class='ocrx_word' id='word_1_356' title='bbox 693 2578 784 2633; x_wconf 84' lang='grc'><strong>21.]</strong></span> <span class='ocrx_word' id='word_1_357' title='bbox 815 2576 1047 2621; x_wconf 80' lang='grc' dir='ltr'><em>οἷπελάτιον.</em></span> <span class='ocrx_word' id='word_1_358' title='bbox 1103 2579 1163 2618; x_wconf 88' lang='grc' dir='ltr'>Μ.</span> <span class='ocrx_word' id='word_1_359' title='bbox 1199 2574 1475 2628; x_wconf 78' lang='grc' dir='ltr'><em>ἀπελατικὸν,</em></span> <span class='ocrx_word' id='word_1_360' title='bbox 1515 2585 1557 2619; x_wconf 88' lang='lat' dir='ltr'>et</span> <span class='ocrx_word' id='word_1_361' title='bbox 1593 2578 1649 2617; x_wconf 85' lang='lat' dir='ltr'>sic</span> <span class='ocrx_word' id='word_1_362' title='bbox 1672 2588 1776 2661; x_wconf 68' lang='lat' dir='ltr'>quo-⁶</span> 
     </span>
     <span class='ocr_line' id='line_1_43' title="bbox 337 2634 1148 2688; baseline 0.004 -18"><span class='ocrx_word' id='word_1_363' title='bbox 337 2644 416 2686; x_wconf 88' lang='lat' dir='ltr'>que</span> <span class='ocrx_word' id='word_1_364' title='bbox 442 2646 582 2672; x_wconf 90' lang='lat' dir='ltr'>rursus</span> <span class='ocrx_word' id='word_1_365' title='bbox 613 2635 746 2686; x_wconf 84' lang='lat' dir='ltr'><strong>p.26.</strong></span> <span class='ocrx_word' id='word_1_366' title='bbox 769 2634 823 2673; x_wconf 92' lang='lat' dir='ltr'>A.</span> <span class='ocrx_word' id='word_1_367' title='bbox 847 2634 890 2674; x_wconf 85' lang='lat'>6.</span> <span class='ocrx_word' id='word_1_368' title='bbox 919 2642 958 2674; x_wconf 87' lang='lat' dir='ltr'>et</span> <span class='ocrx_word' id='word_1_369' title='bbox 983 2635 1148 2688; x_wconf 86' lang='lat' dir='ltr'>ubique</span> 
     </span>
    </p>

    <p class='ocr_par' dir='ltr' id='par_1_14' title="bbox 448 2650 1284 2743">
     <span class='ocr_line' id='line_1_44' title="bbox 448 2650 1284 2743; baseline 0.002 -18"><span class='ocrx_word' id='word_1_370' title='bbox 448 2686 502 2726; x_wconf 92' lang='lat' dir='ltr'>A.</span> <span class='ocrx_word' id='word_1_371' title='bbox 529 2702 591 2727; x_wconf 84' lang='lat'><strong>12.</strong></span> <span class='ocrx_word' id='word_1_372' title='bbox 611 2650 699 2743; x_wconf 40' lang='grc'><strong>[4,1,</strong></span> <span class='ocrx_word' id='word_1_373' title='bbox 721 2689 784 2743; x_wconf 87' lang='lat'>2.]</span> <span class='ocrx_word' id='word_1_374' title='bbox 813 2690 887 2741; x_wconf 81' lang='grc' dir='ltr'>τῆς</span> <span class='ocrx_word' id='word_1_375' title='bbox 917 2688 975 2729; x_wconf 78' lang='grc' dir='ltr'>δὲ.</span> <span class='ocrx_word' id='word_1_376' title='bbox 1031 2691 1092 2728; x_wconf 92' lang='grc' dir='ltr'>Μ.</span> <span class='ocrx_word' id='word_1_377' title='bbox 1124 2702 1199 2739; x_wconf 75' lang='grc' dir='ltr'>της</span> <span class='ocrx_word' id='word_1_378' title='bbox 1227 2702 1284 2728; x_wconf 85' lang='grc' dir='ltr'>τε.</span> 
     </span>
    </p>

    <p class='ocr_par' dir='ltr' id='par_1_15' title="bbox 451 2742 1520 2802">
     <span class='ocr_line' id='line_1_45' title="bbox 451 2742 1520 2802; baseline -0.001 -19"><span class='ocrx_word' id='word_1_379' title='bbox 451 2742 498 2784; x_wconf 88' lang='grc' dir='ltr'>Β.</span> <span class='ocrx_word' id='word_1_380' title='bbox 530 2756 569 2783; x_wconf 85' lang='grc'>2.</span> <span class='ocrx_word' id='word_1_381' title='bbox 607 2744 699 2802; x_wconf 73' lang='grc'><strong>[41,</strong></span> <span class='ocrx_word' id='word_1_382' title='bbox 719 2745 783 2801; x_wconf 80' lang='grc'>5.]</span> <span class='ocrx_word' id='word_1_383' title='bbox 812 2744 1092 2799; x_wconf 78' lang='grc' dir='ltr'><em>πεντεκοστῆς.</em></span> <span class='ocrx_word' id='word_1_384' title='bbox 1145 2745 1204 2784; x_wconf 92' lang='grc' dir='ltr'>Μ.</span> <span class='ocrx_word' id='word_1_385' title='bbox 1237 2742 1520 2798; x_wconf 61' lang='lat' dir='ltr'>namma-rije.</span> 
     </span>
    </p>
   </div>
  </div>
 </body>
</html>
