1884 3132
237 151 312 194 An
350 150 645 194 CONSTANT.
684 149 878 191 ponpa.
915 149 988 190 DE
1034 148 1214 190 cmm.
1238 147 1336 188 Lm.
1368 148 1420 188 11.
1481 126 1589 182 601

161 263 296 308 tmm,
323 254 436 295 velut
476 254 638 294 Christo
654 284 666 304 ‚
701 254 922 292 reverentia
951 253 1028 292 diei
1063 253 1224 292 Christo
1259 252 1388 300 sacri,
1425 265 1598 291 vacuum

161 310 403 364 relinquere.
466 310 522 349 Et
555 309 605 348 de
639 309 714 348 hoc
752 306 931 362 intelligo
968 308 1099 346 locum
1127 308 1257 347 Nostri
1301 307 1406 346 infra
1432 321 1474 360 p.
1499 307 1595 345 311.

162 367 219 406 D.
258 373 455 418 ‘antepem
528 364 622 403 Pari
654 363 772 402 modo
807 363 901 401 item
939 363 1213 416 praesentibus
1264 361 1402 414 legatis
1457 362 1598 400 exteris

164 420 422 460 ostentandae
456 433 574 458 causa
614 419 835 457 devotionis
881 432 973 470 erga
1003 431 1097 456 suae
1137 417 1338 470 religionis
1367 423 1596 464 auctorem,

166 475 209 515 in
229 474 416 514 Conciliis
454 473 583 512 stabat
598 475 639 511 in
668 486 823 512 summo
860 472 1030 510 thronus
1053 486 1201 511 vacuus
1227 486 1319 510 cum
1346 472 1529 524 imposito
1558 478 1600 510 et

162 529 324 584 publice
353 529 528 582 exposito
565 527 874 581 Evangeliorum
901 527 1036 565 codice
1053 557 1064 574 ‚
1106 527 1216 566 velut
1254 526 1414 565 Christo
1440 540 1598 564 summo

163 585 327 624 doctore
350 583 618 637 praesidente,
649 589 688 621 et
721 595 743 620 a
779 583 936 620 sinistra
974 581 1178 634 aliquanto
1223 581 1389 619 inferior
1430 581 1600 619 thronus

165 639 444 693 Imperatoris,
474 645 520 676 ut
548 637 684 676 videre
711 643 770 675 est
810 636 850 674 in
876 638 1046 689 imagine
1071 636 1179 689 apud
1214 635 1483 683 Bandurium‚
1519 650 1598 674 un-

161 693 213 733 de
240 694 396 747 repetiit
438 692 647 731 Fabricius
678 698 770 730 ante
802 690 1005 730 Volumen
1039 691 1116 730 Xl.
1158 689 1427 729 Bibliothecae
1470 691 1598 729 Grae-

162 762 244 788 cae.
300 748 468 801 Insignis
489 754 546 786 est
564 747 698 786 Nostri
729 746 837 784 locus
856 745 956 784 infra
978 761 1015 798 p.
1029 746 1122 799 339.
1146 747 1212 794 Β.,
1232 745 1465 783 ubidicitur
1483 745 1600 784 thro-

158 817 239 851 no,
277 803 436 842 Arcadii
469 802 606 851 dicto,
649 801 836 840 insedisse
869 799 1074 839 Romanus
1103 801 1240 838 Iunior
1277 800 1398 852 Imp„
1429 800 1481 838 ad
1512 802 1599 839 eius

160 859 359 897 sinistram
395 869 487 896 vero
529 858 677 895 stetisse
713 855 905 895 thronum
933 855 1181 894 Constantini
1203 869 1390 894 vacuum.
1450 855 1600 908 Imagi-

159 926 231 952 nes
258 919 392 951 tamen
434 925 605 951 vacuum
646 911 751 950 hunc
795 910 986 950 thronum
1030 909 1277 964 imperialem
1304 923 1502 963 nusquam
1530 923 1598 949 ex-

161 965 316 1006 hibent.

237 1021 330 1061 301.
347 1021 394 1060 C.
417 1034 459 1074 9.
489 1019 604 1075 [522,
631 1019 716 1074 ¹5.]
746 1018 1150 1073 ἐσωφοροκολοβιὼν.
1207 1019 1261 1058 In
1288 1019 1464 1059 inter-ulis
1483 1028 1599 1075 atque

158 1076 330 1116 colobiis.
386 1075 518 1114 Velim
538 1077 593 1114 sic
624 1077 667 1114 in
694 1077 846 1114 Latinis
874 1075 1028 1128 reponi.

266 1131 312 1169 C.
346 1129 496 1184 penult.
538 1130 632 1184 [522
649 1161 660 1177 ‚
698 1128 774 1184 17.]
815 1128 1216 1179 α’ποσυνοψίζεσθαι.
1279 1129 1421 1168 Denuo
1444 1129 1594 1169 videre.

157 1184 255 1238 Egit
279 1186 329 1224 de
354 1185 485 1224 verbis
511 1184 752 1234 συνοψίζειν
783 1192 822 1224 et
868 1181 1196 1234 ἅποσυνοψίζειν
1224 1191 1264 1223 et
1292 1182 1597 1234 α’ποσυνοψίζε-

158 1240 263 1279 σθαι
290 1241 357 1278 Du
390 1240 525 1292 Gange
551 1240 592 1277 in
625 1239 687 1279 Gl.
716 1240 789 1278 Gr.
862 1239 938 1277 Hic
975 1246 1131 1277 tantum
1164 1239 1359 1289 monebo,
1399 1239 1440 1277 id
1482 1239 1610 1278 verbi,

156 1299 241 1332 tam
263 1294 437 1333 insolens
458 1301 527 1332 aut
542 1308 692 1332 novum
712 1309 794 1333 non
821 1307 906 1332 esse
923 1323 934 1342 ‚
958 1308 1080 1346 quam
1109 1294 1304 1332 videatur.
1359 1293 1464 1332 Sane
1490 1287 1597 1332 ἄπο-

159 1357 252 1399 ψις,
286 1356 516 1402 conspectus
559 1350 701 1394 amici,
741 1355 958 1387 conventus
986 1363 1077 1386 cum
1112 1349 1239 1387 amico
1266 1355 1355 1400 post
1383 1347 1597 1401 aliqualem

158 1401 379 1442 absentiam
404 1433 416 1454 ‚
455 1404 616 1448 revisio,
669 1399 765 1453 (α’πὸ
813 1404 920 1441 enim
960 1404 1003 1440 in
1053 1402 1126 1441 hac
1160 1404 1446 1455 compositione
1488 1403 1595 1442 idem

160 1457 270 1510 quod
295 1473 339 1496 re
361 1457 468 1497 valet
478 1457 514 1510 ,)
543 1457 740 1509 reperitur
766 1458 810 1494 in
836 1456 1079 1509 Anthologia
1124 1471 1167 1510 p.
1190 1458 1253 1498 53.
1271 1471 1312 1497 n.
1343 1457 1434 1508 275.
1451 1471 1464 1496 :

322 1520 443 1575 ἡμεῖς
473 1521 510 1560 δ’
541 1513 625 1560 οὔτ’
656 1519 780 1574 ἀκτῆς
809 1521 1095 1572 ἕπιβαίνομεν,
1124 1515 1212 1560 οὔτ’
1239 1520 1283 1560 ἐν
1311 1519 1470 1572 α’πόψει

376 1574 583 1629 γιγνόμεθ’
611 1573 667 1622 ὥς
695 1575 801 1626 αἰεί,
829 1572 1016 1626 Edonas,
1046 1576 1118 1616 καί
1143 1570 1356 1629 πρότερον.

158 1643 261 1683 Vult
296 1643 455 1682 dicere:
482 1656 564 1681 non
585 1642 864 1695 congredimur
895 1649 940 1680 ut
963 1641 1073 1680 olim.
1142 1641 1332 1681 Solebant
1360 1649 1494 1681 autem
1522 1658 1595 1697 po-

156 1699 354 1738 tissimum
380 1700 423 1736 in
451 1698 595 1736 Piraeo
635 1705 673 1736 et
713 1699 756 1735 in
780 1696 980 1735 littoribus
1004 1697 1166 1735 urbium
1184 1698 1479 1736 ‘maritimarum
1499 1712 1596 1738 con-

159 1755 297 1792 venire
328 1761 368 1792 et
402 1753 452 1792 de
491 1753 607 1791 novis
643 1752 761 1790 rebus
796 1753 986 1790 sciscitari
1028 1759 1146 1804 atque
1177 1752 1339 1800 audire,
1381 1759 1426 1790 ut
1464 1753 1529 1791 vel
1573 1769 1596 1794 e

157 1807 243 1847 solo
273 1808 419 1847 Plauto
438 1813 603 1846 constat.
662 1807 710 1845 In
726 1806 865 1845 eadem
887 1806 1133 1859 Anthologia
1156 1821 1197 1859 p.
1225 1807 1321 1860 47¹·
1353 1807 1457 1845 circa
1475 1807 1596 1848 finem

160 1869 221 1901 est
247 1858 532 1910 α’πόπτεσθαι,
565 1876 694 1900 mrsus
719 1862 877 1906 videre,
909 1857 937 1913 ἢ
963 1859 1063 1899 πάλι
1081 1858 1153 1913 τὴν
1168 1856 1381 1913 τρυφερήν
1407 1860 1596 1901 Σκύλλαν

159 1913 430 1966 ἅποψόμεθα.
484 1916 558 1954 Est
586 1930 746 1968 prorsus
773 1916 877 1954 idem
903 1911 1028 1954 πάλιν
1053 1911 1307 1965 ἐποψόμεθα
1338 1922 1455 1968 atque
1476 1917 1509 1955 si
1531 1917 1595 1955 di-

159 1971 277 2009 xisset
303 1967 428 2009 πάλιν
471 1964 527 2008 αὖ
567 1966 778 2021 ὀψόμεθα.
836 1971 940 2009 Nam
975 1963 1034 2008 αὖ
1077 1971 1142 2008 vix
1175 1969 1227 2008 ab
1257 1968 1327 2008 ἀπ’
1356 1969 1475 2019 (unde
1507 1964 1593 2010 ἇπό

160 2024 338 2074 ductum)
364 2026 688 2076 pronuntiatione
726 2024 873 2064 differt.
941 2025 1001 2063 Ita
1026 2020 1365 2076 α’ποσυνάγεσθαι
1388 2039 1432 2078 p.
1459 2024 1591 2077 14.A.

158 2078 221 2131 8.‚
253 2093 380 2117 rursus
411 2081 529 2117 coit-e.

242 2133 333 2176 302.
353 2132 405 2174 A.
432 2147 464 2174 1.
493 2133 607 2187 [523,
630 2132 689 2186 2.]
735 2135 794 2189 τῷ
819 2129 925 2173 κατά
954 2129 1029 2185 τὴν
1059 2130 1220 2184 ἡμέραν
1248 2130 1595 2185 παραδυναστεύ-

159 2199 265 2226 ont.
322 2186 504 2227 Difficilis
527 2187 592 2226 hic
623 2188 733 2227 loeus
760 2204 851 2228 cum
882 2195 1046 2242 propter
1075 2189 1202 2239 ipsam
1237 2201 1375 2226 vocem
1401 2187 1595 2239 παραδυ-

158 2237 393 2292 ναστεὺωγ,
422 2249 511 2279 tum
533 2250 697 2294 propter
723 2244 901 2282 additum
920 2239 1022 2280 κατὰ
1052 2240 1126 2294 τήν
1151 2239 1327 2293 ἡμέραν.
1384 2242 1595 2296 Colligitur

159 2297 267 2334 enim
287 2297 342 2334 sic
365 2297 457 2334 satis
483 2310 505 2334 e
533 2296 629 2335 lociS
662 2306 870 2336 auctorum
890 2306 949 2337 sat
992 2298 1212 2336 numerosis
1227 2325 1238 2346 ,
1288 2297 1330 2334 in
1353 2297 1497 2349 quibus
1517 2297 1596 2336 τοῦ

158 2347 600 2402 παραδυναστεύοντος
638 2351 683 2389 fit
710 2356 859 2391 mentio
876 2383 886 2399 ,
916 2352 1047 2406 plures
1084 2352 1202 2390 fuisse
1240 2351 1379 2389 eodem
1414 2358 1593 2404 tempore

159 2405 200 2442 in
255 2404 347 2443 aula
386 2405 789 2457 paradynasteuontas
836 2422 905 2445 seu
950 2406 1096 2444 amicos
1138 2406 1325 2458 priucipis
1373 2404 1594 2458 plurimum

160 2458 264 2510 apud
302 2459 431 2511 ipsum
461 2462 587 2512 gratia
622 2467 661 2497 et
698 2462 930 2500 auctoritate
959 2459 1134 2499 valentes
1151 2489 1164 2508 ‚
1186 2473 1315 2512 neque
1351 2459 1592 2513 peculiarem

159 2513 279 2551 inisse
306 2514 536 2566 dignitatem
559 2514 952 2567 paradynasteuontis
972 2514 1237 2566 peculiaribus
1264 2515 1494 2554 ceremoniis
1509 2515 1592 2554 col-

162 2564 306 2617 latam,
334 2569 400 2607 sed
419 2569 489 2620 qui
513 2568 695 2607 felicitate
729 2571 899 2626 principi
920 2568 1099 2622 placendi
1125 2569 1369 2622 gauderent,
1393 2584 1590 2623 quascun-

164 2633 242 2671 que
261 2621 357 2661 alias
393 2630 574 2675 gererent
615 2623 825 2676 dignitates
851 2631 920 2663 aut
953 2622 1077 2662 officia
1093 2655 1105 2674 ‚
1133 2623 1208 2662 hoc
1232 2625 1393 2662 nomine
1421 2624 1538 2663 fuisse
1566 2639 1591 2663 a

167 2673 287 2726 vul-go
314 2684 353 2714 et
385 2676 582 2716 historicis
615 2677 848 2731 appeilatos.
916 2678 971 2716 At
1006 2692 1129 2730 quum
1162 2679 1330 2731 dignitas
1369 2679 1590 2733 paradyna-

166 2732 353 2769 steuontis
380 2731 491 2770 nulla
519 2733 658 2780 fuerit,
707 2730 980 2773 nihilominus*
997 2733 1074 2772 dici
1101 2729 1172 2773 τὸν
1201 2732 1306 2772 κατὰ
1333 2732 1406 2785 τήν
1435 2729 1589 2786 ἡμέραν
