1884 3132
300 94 413 150 608
583 114 655 156 10.
700 114 803 156 mc.
847 115 1040 157 mnsxn
1079 116 1454 160 COMMENTARn

299 213 540 267 ἱκέτευσαν,
570 232 652 257 non
687 218 827 272 liquet
883 219 985 258 Erat
1015 227 1148 259 tamen
1177 221 1378 261 veteribus
1405 224 1446 261 in
1479 235 1591 262 more
1613 224 1742 277 potis-

299 273 446 309 simum
471 274 673 324 positum,
702 275 735 312 si
765 274 1071 314 submissionem
1112 289 1248 327 suam,
1277 278 1533 325 servitutem,
1563 277 1744 319 imbecil-

298 324 452 365 litatem
481 341 618 378 suam,
649 328 763 368 alteri
792 330 932 368 testari
973 330 1152 382 vellent,
1179 338 1249 370 aut
1277 333 1351 384 ipsi
1378 332 1592 386 supplicari
1613 363 1626 384 ‚
1655 347 1743 373 ma-

298 395 375 420 nus
403 389 472 420 aut
501 397 619 436 super
645 392 818 437 pect01e‚
854 387 977 424 autin
1006 385 1124 424 dorso
1141 361 1384 426 decussatim
1406 400 1667 452 componere,
1696 393 1744 427 ut

297 435 347 475 de
385 436 577 477 alterutro
620 439 739 478 modo
776 440 1048 493 accipiendum
1093 455 1176 479 esse
1215 441 1358 481 Dionis
1406 442 1630 482 συνάπτειν
1667 437 1745 489 τάς

294 494 446 544 χεῖοας
473 494 515 531 in
542 493 610 533 illo
639 495 760 533 modo
788 494 909 535 allato
936 495 1024 534 loco
1060 496 1259 535 videatur.
1318 497 1434 536 Facit
1464 504 1599 536 tamen
1628 497 1743 536 addi-

296 553 384 585 tum
411 546 457 586 ἐν
485 545 764 599 αἰχμαλώτων
803 546 988 601 σχήματι
1017 557 1056 589 et
1094 551 1369 591 testimonium
1397 553 1508 592 Petii
1537 553 1740 606 Magistri,

298 609 346 640 ut
373 602 481 642 hunc
518 604 679 657 quidem
710 604 843 644 locum
875 605 923 644 de
949 607 1103 644 ieiectis
1142 607 1182 644 in
1210 607 1374 646 dorsum
1406 607 1589 646 manibus
1616 609 1743 646 inter-

294 665 513 710 pretemur.
572 659 711 699 Solent
753 662 859 699 enim
886 662 1052 714 captivis
1095 675 1237 700 manus
1271 670 1361 714 post
1387 669 1544 716 tergum
1571 663 1745 702 revinci-

294 714 344 752 ri.
400 713 510 752 Petri
538 713 644 754 locus
668 715 733 754 hic
769 723 829 754 est
855 730 896 768 p.
928 716 989 756 15
1020 716 1149 754 Excei
1151 724 1208 769 pt
1238 718 1376 766 Legat.
1411 716 1652 760 Hoeschel.:

292 768 447 807 nientes
476 768 532 807 illi
561 770 614 808 ad
641 771 861 809 Traianum
913 766 1097 823 ε’(ἷριψάν
1124 785 1168 809 τε
1209 767 1260 810 τά
1303 768 1412 811 σ’πλα
1453 772 1526 812 καί
1552 767 1626 819 τάς
1653 774 1743 824 χεῖ-

297 836 375 873 ρας
404 816 578 863 ὄπισθεν
607 822 818 876 δήσαντες.
892 826 965 864 Est
993 825 1057 864 hic
1088 825 1164 864 loci
1193 821 1392 877 δήσαντες
1419 841 1501 866 non
1532 828 1742 866 vi'nczentes

292 878 415 928 l01·‚is
446 879 513 918 sed
553 888 835 932 componentes
877 882 918 920 in
951 881 1120 918 solmam
1154 883 1283 920 eineis
1313 883 1553 921 decussatae.
1628 882 1743 922 Idem

294 946 336 985 p.
360 947 423 971 20.
493 948 562 972 και
595 934 670 973 νῦν
709 935 748 973 εἰ
787 932 983 984 βούλεται
1022 934 1306 988 ἐλαφοοτέρας
1333 932 1542 981 κολάσεως
1567 939 1738 987 τυχεῖν,

296 985 432 1027 ὀπίσω
459 984 531 1034 τὰς
558 993 706 1042 χεΐοας
735 987 866 1042 δήσας
896 990 1177 1042 προσπεσέτω.
1236 991 1313 1030 Sed
1330 991 1391 1030 foi
1393 999 1431 1030 te
1459 1006 1544 1030 mos
1571 990 1637 1029 hic
1653 1005 1740 1044 sup-

293 1042 470 1096 plicandi
498 1044 702 1082 Dacorum
736 1059 859 1098 propi
862 1059 920 1083 ius
959 1052 1070 1092 erat,
1103 1043 1244 1083 Panthi
1273 1053 1312 1085 et
1357 1046 1569 1085 orientales
1606 1044 1738 1086 aliter.

294 1097 412 1136 Certe
439 1105 576 1136 utrum
603 1099 782 1164 designet
810 1100 889 1137 Dio
919 1099 1076 1138 Cassius
1105 1107 1144 1138 et
1175 1102 1215 1138 in
1254 1100 1331 1140 hoc
1359 1116 1399 1168 p.
1425 1101 1536 1140 1028.
1557 1101 1647 1140 30.:
1680 1101 1740 1147 εἰς

292 1153 370 1204 γῆν
398 1148 444 1191 τὸ
472 1149 572 1204 γόνυ
621 1151 767 1201 καθεις
812 1153 1057 1208 [Thidates]
1103 1169 1171 1193 και
1202 1151 1279 1201 τάς
1303 1160 1450 1208 χεῖρας
1476 1153 1738 1207 ἐπαλλάξας,

291 1202 491 1261 δεσπότην
519 1221 563 1246 τε
607 1204 738 1248 αὐτὸν
778 1208 1011 1275 [Neronem]
1047 1205 1243 1259 ὀνομάζει
1281 1209 1354 1248 καί
1383 1213 1617 1262 προσκυνεῖ,
1653 1224 1737 1250 non

290 1260 432 1315 liquet.
491 1263 672 1302 Dubium
702 1278 863 1317 quoque
906 1261 1174 1303 ἐπαλλάττειν
1218 1261 1290 1311 τὰς
1332 1269 1482 1316 χεῖρας
1526 1264 1738 1304 Plutarchi

291 1317 344 1356 de
373 1317 558 1356 manibus
603 1319 758 1358 reiectis
800 1322 842 1358 in
871 1318 1059 1368 d01·‚sum
1090 1333 1139 1356 an
1171 1332 1305 1358 coxam
1333 1327 1494 1372 pectore
1522 1319 1737 1360 decussatis

290 1374 415 1426 accipi
443 1373 614 1423 debeat,
644 1375 686 1413 in
717 1374 786 1413 illo
812 1389 854 1428 p.
876 1374 971 1428 923.
1021 1387 1080 1427 ¹9
1112 1374 1327 1424 Vita1um‚
1373 1375 1443 1414 ubi
1472 1376 1528 1414 ait
1566 1375 1736 1441 Tigrani

289 1427 513 1482 καθημένω
541 1428 616 1466 καί
639 1429 940 1493 χρηματίζοντι
983 1430 1285 1468 ci1cumstetisse
1318 1430 1519 1469 ministros
1559 1427 1737 1481 ἐπηλλα-

288 1482 461 1534 γμέναις
487 1467 540 1522 δι’
570 1477 761 1536 ἀλλήλων
788 1487 882 1532 ταῖς
909 1497 1078 1536 χερσιν,
1111 1483 1223 1537 [puto
1254 1480 1471 1530 δακτύλοις
1500 1484 1674 1535 dixisset,
1702 1485 1738 1524 si

289 1546 493 1578 conseltos
534 1538 679 1602 digitos
716 1539 906 1579 voluisset
945 1538 1212 1593 significare]
1261 1533 1362 1591 ὅπερ
1392 1534 1528 1580 ἐδόκει
1553 1536 1735 1590 μάλιστα

290 1593 372 1632 τῶν
409 1588 636 1645 σχημάτων
674 1590 967 1646 ἐξομολόγησις
1007 1594 1113 1632 εἰναι
1153 1593 1357 1640 δουλείας.
1435 1595 1573 1644 Quum
1599 1601 1735 1634 tamen

290 1656 462 1699 constet,
494 1649 668 1688 GlaecOS
706 1650 974 1703 Imperatmes
1013 1650 1167 1687 rituum
1204 1648 1350 1687 multos
1380 1663 1424 1687 ex
1454 1651 1616 1702 antiqua
1643 1649 1735 1688 aula

287 1703 449 1742 Persica
489 1703 702 1743 adscivisse
719 1734 731 1755 ‚
779 1711 818 1743 et
843 1705 984 1744 Graeci
1014 1718 1198 1757 proceres
1230 1704 1392 1743 domino
1421 1718 1493 1742 suo
1522 1717 1604 1742 non
1631 1705 1733 1742 reie-

288 1761 362 1798 ctis
391 1760 431 1797 in
460 1759 624 1798 dorsum
664 1759 877 1807 manibus,
921 1759 989 1798 sed
1019 1773 1152 1798 eoram
1180 1766 1338 1812 pectore
1365 1759 1582 1798 decussatis
1609 1758 1734 1797 adsti-

287 1816 410 1853 terint
434 1843 445 1864 ,
486 1821 531 1852 ut
559 1817 694 1852 statim
734 1814 1097 1860 demonstrabitur,
1134 1820 1172 1853 et
1201 1829 1224 1853 a
1254 1815 1415 1853 Graecis
1443 1829 1596 1853 morem
1623 1812 1733 1853 hune

286 1870 465 1922 primum
493 1869 777 1923 Longobardi‚
819 1869 964 1909 deinde
990 1883 1150 1922 quoque
1193 1870 1350 1909 Turcae
1377 1871 1602 1923 acceperint
1621 1899 1632 1916 ‚
1661 1870 1733 1922 qui

288 1938 335 1962 eo
364 1924 594 1963 adhucdum
620 1932 790 1964 utuntur
810 1955 821 1975 ,
851 1924 1041 1964 credibile
1070 1931 1151 1972 est,
1177 1926 1341 1963 vetustis
1369 1938 1531 1978 quoque
1557 1923 1733 1966 Partho-,-

286 1993 378 2017 rum
408 1987 446 2019 et
474 1981 686 2019 Persarum
726 1980 828 2018 aulis
863 1994 955 2018 eum
996 1978 1217 2018 obtinuisse
1261 1994 1442 2029 morem,
1486 1986 1532 2018 ut
1560 1978 1734 2018 ministri

284 2048 423 2073 coram
454 2035 614 2088 regibus
645 2035 848 2074 adstarent
878 2034 1064 2073 manibus
1092 2034 1131 2071 in
1166 2042 1324 2086 pectore
1353 2034 1590 2084 decussatis3
1621 2033 1730 2074 unde

286 2092 493 2142 sequitur,
543 2090 757 2128 dictionem
787 2088 1027 2138 δεδεμέναις
1050 2088 1179 2140 χερσὶ
1205 2103 1289 2128 esse
1319 2089 1504 2128 manibus
1532 2089 1573 2128 in
1602 2089 1731 2127 crucis

283 2144 523 2183 Andieanae
551 2145 722 2183 foimam
769 2145 998 2206 compositis
1040 2158 1161 2195 super
1189 2152 1348 2196 pectore
1377 2151 1496 2183 stare.
1556 2144 1730 2182 Graecos

285 2207 419 2238 autem
447 2213 630 2263 plocen-es
674 2213 808 2238 coram
836 2200 916 2237 suis
945 2199 1257 2252 Imperatoribus
1292 2198 1369 2238 hoc
1398 2199 1519 2237 modo
1546 2200 1725 2245 stetisse,

283 2253 410 2307 liquet
437 2269 482 2292 ex
511 2255 681 2306 imagine
710 2253 973 2293 Ceremoniali
1002 2261 1138 2292 nostro
1170 2254 1354 2306 praefixa,
1383 2254 1491 2292 unde
1518 2251 1725 2304 intelligaS‚

283 2311 381 2363 quid
418 2310 493 2348 sibi
535 2309 631 2348 velit
668 2309 805 2348 fictum
845 2323 869 2347 a
906 2309 1046 2347 Niceta
1087 2308 1328 2348 adiectivum
1359 2304 1575 2372 δεσμὸχειρ
1602 2307 1726 2346 Isaaci

282 2364 430 2427 Angeli
472 2365 519 2407 L
541 2365 576 2403 Ι.
607 2379 647 2426 p.
670 2378 765 2403 201.
808 2365 853 2406 B.
887 2371 1073 2427 antepen.
1125 2364 1186 2402 ed.
1226 2365 1404 2402 Venet..
1456 2358 1500 2401 ὃν
1534 2359 1640 2423 χθὲς
1667 2373 1727 2406 ως

283 2417 490 2471 δεσπότην
517 2415 786 2471 ὁεσμόχειρες
814 2414 1070 2469 ἐθεράπευον
1091 2447 1103 2468 ‚
1132 2417 1278 2458 τοῦτον
1307 2415 1505 2456 ἄθετοῦσι
1530 2410 1724 2466 σήμεοον,

283 2489 396 2527 quem
422 2476 509 2512 lteri
543 2482 584 2512 ut
606 2475 738 2512 lterum
768 2474 944 2511 manibus
973 2474 1181 2511 decussatis
1214 2473 1414 2519 colebant,
1451 2472 1549 2508 lamo
1565 2469 1725 2523 repudi-

283 2538 355 2566 ant
382 2529 511 2567 hodie.
567 2529 714 2580 Liquet
744 2530 861 2566 etiam
892 2542 938 2566 ex
974 2527 1043 2566 illa
1071 2527 1178 2579 apud
1208 2528 1421 2566 Horatium
1459 2523 1691 2562 Blancum·
1680 2539 1727 2570 m

283 2583 388 2621 notis
428 2583 478 2622 ad
506 2582 679 2622 Paulum
707 2582 1016 2622 Wamefiidum
1065 2583 1128 2633 (T.
1162 2583 1197 2620 I.
1240 2582 1385 2632 Script.
1417 2580 1512 2617 Rer.
1543 2577 1718 2633 Italic.)‚

284 2650 386 2687 quae
414 2639 714 2676 coronationem
743 2652 882 2690 regum
913 2637 1304 2689 Longobardicorum
1334 2634 1428 2672 dare
1456 2633 1602 2672 dicitur
1629 2640 1723 2673 eta·

282 2690 377 2728 bula
405 2705 628 2731 marmmea
654 2691 845 2732 Basilicae
872 2692 1154 2731 Modoetiensis
1171 2719 1183 2742 ‚
1214 2689 1333 2728 modo
1361 2702 1408 2727 ea
1435 2689 1529 2727 satis
1559 2690 1723 2742 antiqua
