1884 3132
136 182 139 184 ·
173 170 248 212 ΔΙ)
289 168 585 211 CONSTANT.
626 167 822 211 PORPn.
853 170 924 209 DE
962 169 1143 211 CERIM.
1182 171 1282 211 Lm.
1313 174 1366 211 11.
1416 171 1518 228 771

94 283 156 321 μα
195 269 366 324 appellat
394 277 615 309 monstrum
642 269 814 308 hominis
835 270 889 308 ob
909 269 1055 309 scelera
1073 278 1113 310 et
1133 271 1254 311 animi
1272 274 1526 325 pravitatem.

93 321 337 377 Ἠτυχηκώς
363 339 437 377 pro
468 319 623 376 ἆσεβῆς
649 332 708 363 est
734 324 840 377 apud
860 325 1028 378 Diogen.
1052 327 1186 365 Laert.
1210 341 1250 379 p.
1274 327 1368 378 481.
1392 343 1431 381 7.
1457 329 1520 368 ed.

96 379 290 418 Meibom.
345 379 408 418 De
436 393 533 417 voce
559 377 838 429 ἀτυχέστατος
864 393 936 431 pro
965 381 1254 433 εεεΙει-αιιὶςείιῃο
1282 396 1321 420 v.
1352 382 1521 423 Habert.

96 433 283 472 Pontific.
315 447 360 486 p.
382 432 475 473 563.
534 433 596 471 Ita
625 440 841 484 usurpatur
870 426 1017 479 ἅθλιος
1044 436 1086 472 111
1119 435 1359 488 Anthologia
1387 451 1426 489 p.
1457 438 1522 477 30.

97 489 156 537 (n.
184 486 273 538 164.
303 490 504 540 antepen.)
534 493 574 525 et
601 487 863 535 ταλαίπωρος
890 502 930 540 p.
961 487 1026 528 65.
1058 502 1118 535 2.‚
1150 491 1243 528 item
1271 505 1313 543 p.
1351 505 1440 530 101.
1469 494 1525 541 (n.

98 541 277 595 5054.)
304 539 485 593 τλήμων.
542 540 602 579 1111
633 542 739 580 enim
783 538 806 579 ὅ
849 539 1017 594 τλήμων
1059 541 1248 594 Ἀθάμας
1287 545 1523 586 tantundem

96 603 296 650 estatque
332 597 510 649 sequenti
549 596 725 635 carmine
765 610 805 635 v.
840 595 881 634 6.
927 593 949 634 ὁ
990 595 1155 650 α’σεβης.
1216 600 1276 637 Ita
1312 600 1523 651 Euripides

98 651 218 690 Herc.
250 651 330 689 fur.
359 665 399 690 v.
426 649 542 689 1586.
572 644 721 688 ἄθλιον
748 647 879 701 κύνα,
927 653 1131 699 miserum,
1163 653 1204 691 id
1234 661 1291 691 cst
1324 654 1487 694 infelicis
1509 686 1521 707 ‚

94 719 176 744 non
209 705 471 755 invidendae‚
517 704 585 742 sed
622 703 844 743 horrendae
874 707 1003 757 potius
1037 707 1171 758 sortis,
1210 722 1344 747 canem
1361 738 1372 756 ,
1411 709 1522 749 dete-

95 759 306 808 standum,
336 759 617 798 exsecrandum
645 773 783 797 canem
812 759 985 812 appellat
1014 761 1244 809 (lv-herum,
1278 777 1358 802 non
1384 765 1522 803 absur-

95 814 144 853 de
165 815 287 868 plane
329 823 367 852 et
399 814 564 852 ridicule
584 843 596 863 ‚
627 820 671 851 ut
714 817 910 866 persuasit
935 815 1010 853 sibi
1047 823 1087 853 et
1125 817 1240 855 nobis
1284 820 1522 870 persuadere

94 869 223 908 voluit
249 869 462 907 Piersonus
490 868 532 906 in
558 868 861 907 verosimilibus
889 883 928 921 p.
968 884 1088 922 229„
1116 871 1185 909 sed
1225 879 1317 924 apte
1346 880 1384 911 et
1411 887 1522 913 more

95 924 155 962 sui
208 924 295 962 aevi
343 930 382 961 et
424 921 557 960 indole
585 921 742 975 linguae
767 937 874 962 suae.
934 922 1046 962 Idem
1080 928 1197 977 poi²ta
1227 927 1266 964 in
1290 927 1449 967 Electra
1477 943 1518 967 v.

100 977 216 1017 1161.
274 977 630 1030 Clytaemnestram
667 979 874 1030 coniugem
911 975 1108 1017 ’τάλαιναν
1133 981 1326 1032 appellat,
1356 983 1523 1021 scelera-

92 1040 186 1080 tam,
206 1032 274 1084 qui
290 1031 400 1070 locus
415 1033 470 1070 sic
488 1031 674 1083 legendus
692 1039 770 1070 est:
798 1027 858 1071 ὅτι
875 1029 1062 1083 γαμετὰν
1077 1028 1278 1074 τάλαιναν
1295 1032 1385 1087 ἔσχ’
1401 1031 1522 1088 dyam-

95 1086 192 1132 λῶν,
213 1086 320 1141 quod
342 1088 384 1124 in
407 1087 508 1124 ulnis
525 1086 658 1124 habuit
675 1087 902 1125 sceleratam
916 1089 1139 1139 coniuge‘m3
1166 1091 1260 1128 item
1271 1089 1521 1144 Polymestor

93 1142 137 1178 in
169 1140 332 1179 Hecuba
370 1141 564 1179 Troianas
613 1140 830 1188 foeminas,
877 1155 979 1194 quae
1015 1144 1090 1194 ipsi
1130 1143 1266 1183 oculos
1305 1154 1519 1197 eruerant,

93 1192 290 1240 ταλαίνας
316 1190 443 1247 κόρας
467 1194 641 1247 appellat
668 1210 709 1236 v.
742 1196 858 1235 1063.
892 1203 931 1234 et
970 1210 1086 1235 versu
1123 1198 1306 1253 deinceps
1343 1202 1519 1252 proximo

94 1246 361 1301 καταράτους.
421 1246 589 1301 Οἶκτρὸς
618 1264 691 1301 pro
715 1252 896 1289 scelerato
925 1259 984 1289 est
1009 1252 1051 1289 in
1089 1254 1263 1292 carmine
1289 1254 1519 1306 Ammiani,

96 1302 361 1356 Anthologiae
388 1317 430 1355 p.
471 1303 559 1357 167.
588 1304 652 1342 ed.
703 1305 756 1343 H.
799 1305 860 1343 St.
932 1305 1183 1345 Adverbium
1226 1307 1412 1356 ἐλεεινῶς
1446 1325 1520 1363 pro

95 1358 296 1403 scelerate,
338 1357 506 1410 impure,
519 1357 725 1411 jlagitz'ose
750 1359 870 1398 habet
897 1359 1162 1398 Canonarium
1190 1362 1348 1400 loannis
1377 1365 1520 1402 Mona-

96 1411 161 1449 chi
188 1411 308 1463 (apud
335 1411 403 1449 Du
422 1411 615 1464 Cangium
642 1411 710 1451 Gl.
730 1414 806 1452 Gr.
834 1428 876 1466 p.
898 1413 993 1466 890.
1019 1417 1075 1463 2.)
1098 1417 1138 1452 111
1159 1415 1220 1453 his
1244 1417 1398 1455 verbis:
1431 1414 1522 1456 ἔστι

97 1464 143 1504 δὲ
170 1464 243 1504 καί
264 1459 386 1517 ἑτέρα
417 1460 626 1518 ἁμαρτία,
656 1460 748 1518 ἥτις
783 1466 934 1516 μείζων
966 1465 1055 1506 ἐστι’
1080 1469 1310 1518 μαλακίας,
1339 1467 1523 1511 ἐλάττων

98 1517 144 1557 δὲ
173 1516 507 1571 ἄρ’ῥενοκοιτιάς,
553 1514 640 1572 ἥτις
678 1516 757 1558 ὖπὸ
798 1520 909 1560 δυῶν
939 1520 1100 1571 ἀνδρῶν
1135 1516 1234 1560 ἄνευ
1276 1521 1451 1575 θηλείας
1477 1525 1524 1564 ἐν

95 1575 178 1619 τοῖς
213 1577 361 1625 μηροῖς
401 1567 431 1625 ἢ
457 1573 529 1612 καί
568 1575 667 1625 παρ’
703 1574 842 1614 αὐτῶν
878 1576 962 1614 τῶν
1000 1576 1179 1627 θηλειῶν
1234 1569 1333 1615 ἄνευ
1377 1576 1524 1630 ἀνδρὸς

97 1627 283 1673 ἐλεειναῖς
310 1626 657 1679 ἀποπληροῦσθαι
695 1627 892 1681 πέφυκεν.
965 1630 1073 1680 Quid
1110 1630 1285 1682 denique
1322 1631 1522 1685 vulgatius

98 1681 138 1720 in
167 1695 347 1721 sermone
374 1689 509 1721 nostro
527 1712 538 1733 ,
580 1697 700 1735 quam
729 1683 899 1722 formula
924 1686 987 1722 ein
1015 1698 1148 1722 armet·
1175 1685 1352 1734 Siinder,
1394 1688 1435 1726 id
1463 1696 1523 1727 est

97 1737 216 1775 miser
237 1745 443 1790 peccator,
484 1751 558 1789 pro
585 1738 763 1776 malefico
785 1768 795 1788 ‚
824 1740 887 1776 cui
915 1745 1131 1776 extremum
1159 1740 1394 1792 supplicium
1425 1743 1524 1781 sub-

97 1790 273 1841 eundum
300 1798 373 1830 est.
431 1792 540 1830 Haec
567 1794 702 1830 omnia
732 1807 776 1830 ex
806 1807 851 1832 eo
883 1799 1110 1839 manarunt,
1140 1795 1247 1845 quod
1276 1797 1396 1833 animi
1425 1812 1521 1849 pra-

97 1845 198 1883 vitas
227 1859 319 1883 vere
348 1845 523 1884 infelices
550 1846 730 1885 homines
766 1853 805 1885 et
845 1849 1182 1886 commiseratione
1223 1849 1362 1900 dignos
1399 1851 1519 1901 facit,

98 1905 144 1936 ut
171 1901 239 1951 qui
266 1906 306 1937 et
333 1899 372 1937 in
398 1900 473 1938 hae
502 1902 582 1938 vita
611 1901 800 1940 scelerum
829 1915 975 1953 poenas
1006 1904 1181 1954 corporis
1209 1905 1408 1956 animique
1435 1912 1520 1943 tor—

99 1953 265 2002 mentis,
295 1968 396 2006 quae
423 1954 627 2006 patiuntur
647 1984 659 2004 ‚
686 1956 856 2008 odioque
882 1955 1043 2008 publico
1070 1955 1187 1995 luunt
1204 1987 1216 2007 ,
1262 1965 1301 1999 et
1327 1959 1369 1997 in
1397 1959 1521 1999 altera

98 2009 182 2046 vita
209 2015 354 2046 sortem
381 2010 640 2047 miserrimam
669 2012 932 2062 experientur.

208 2062 255 2100 C.
298 2062 337 2101 5.
385 2063 498 2113 [646‚
534 2063 619 2116 10.]
646 2061 885 2102 Ἰουλιανοῦ.
959 2063 1053 2102 vid.
1097 2063 1265 2105 Cedren.
1306 2065 1394 2106 loco
1431 2067 1521 2107 lau-

99 2113 192 2155 dato
237 2124 276 2155 et
313 2117 582 2170 Lindenbrog.
618 2118 670 2156 ad
707 2119 845 2157 Amm.
886 2118 1064 2156 Marcell.
1104 2134 1143 2171 p.
1180 2119 1275 2173 478.
1347 2121 1394 2159 111
1432 2121 1521 2162 1000

98 2171 266 2211 Cedreni
308 2169 506 2210 tollendus
541 2173 774 2222 asteriscus3
819 2171 919 2211 nihil
953 2174 1059 2210 enim
1086 2173 1218 2221 deest,
1263 2182 1420 2215 tantum
1457 2191 1523 2223 τις

101 2225 472 2277 subintelligendum
489 2256 500 2278 ,
544 2222 653 2280 quod
691 2227 831 2266 Graeci
865 2227 992 2266 solent
1035 2228 1237 2279 omittere,
1278 2230 1342 2270 vel
1385 2227 1407 2269 ὁ
1451 2231 1522 2284 ἐγ.

98 2277 278 2334 γράψας.

211 2335 258 2374 C.
274 2347 315 2387 9.
348 2333 457 2387 [646,
483 2335 564 2386 15.]
592 2332 644 2372 τὰ
667 2332 914 2374 Ἰουστινου.
967 2334 1041 2374 Est
1069 2336 1171 2375 idem
1200 2344 1317 2390 atque
1341 2341 1521 2392 superius

101 2396 363 2428 memoratum
417 2390 698 2428 monasterium
744 2389 1005 2429 foemininum
1053 2387 1106 2429 τὰ
1149 2391 1222 2443 τῆς
1256 2391 1517 2448 Αὕγούστης.

101 2441 199 2482 vid.
255 2445 308 2483 ‚3
345 2443 443 2481 1.Β.
473 2456 509 2480 1.

211 2458 266 2536 Β.
287 2457 333 2535 2?
351 2495 468 2550 [646,
494 2494 568 2550 17.]
584 2490 870 2548 χαμοσωρῖου.
915 2497 1099 2537 Notanda
1117 2499 1183 2537 hic
1203 2499 1299 2548 duo,
1329 2503 1518 2554 primum,

104 2551 212 2601 quod
242 2551 426 2590 librarius
455 2565 564 2589 more
592 2564 663 2589 suo
692 2564 725 2588 ω
753 2564 825 2602 pro
852 2563 873 2588 ο
899 2555 1043 2603 posuit.
1100 2553 1223 2592 Venit
1258 2557 1365 2594 enim
1399 2570 1519 2596 voca-

103 2602 243 2643 bulum
270 2606 320 2643 ab
340 2607 502 2658 antiquo
519 2600 636 2655 χαμὴ
659 2602 786 2658 (unde
805 2605 968 2657 antiqua
988 2607 1146 2660 scriptio
1163 2607 1287 2647 dativi
1307 2609 1525 2651 XAMAI

102 2670 177 2708 pro
193 2661 312 2713 χαμᾷ
333 2659 461 2698 adhuc
480 2667 537 2698 est
558 2659 596 2696 in
629 2672 732 2708 usu3
762 2659 946 2702 scribitur
972 2663 1078 2700 enim
1102 2659 1243 2712 χαμαί
1251 2663 1284 2715 3)
1313 2670 1352 2701 et
1378 2661 1519 2718 σορὸς,

105 2724 201 2750 arca
229 2716 446 2753 mortuaria
458 2744 470 2764 ‚
510 2713 784 2754 conditorium.
852 2714 1005 2755 Deinde
1042 2715 1087 2756 ἐν
1126 2723 1393 2758 constructum
1429 2731 1522 2759 cnm
