1884 3132
267 137 342 179 An
382 136 725 179 APPENnmm
764 139 863 180 Lm.
906 141 937 179 1.
975 140 1048 179 DE
1089 137 1346 181 cmmoN.
1441 115 1558 174 523

114 236 269 292 insigne
293 240 520 293 exemplum
564 255 659 280 suae
694 242 877 294 pietatis,
908 241 1038 296 quod,
1082 235 1200 280 ὄπότε
1226 240 1308 280 τῶν
1329 235 1565 302 ‘Pmpcaae'qv

115 288 163 331 αἱ
193 288 404 349 φάλαγγες
428 292 625 347 ἔκαμνον,
668 293 745 349 τήν
771 297 843 344 τῆς
869 291 1122 350 θεομὴτορος
1158 291 1295 334 εἰκόνα
1341 307 1559 358 nuperum-

116 359 198 386 σαν
232 343 370 398 ἔχων,
411 350 496 400 μετ’
535 350 715 403 οἰμωγῆς
754 350 996 402 ἐμβλέπων,
1035 350 1227 396 ἐλεεινοῖς
1253 353 1339 396 τοῖς
1368 362 1559 402 σχημασι

115 397 351 452 θερμότερα
381 404 465 443 τῶν
508 401 741 457 ἐναγωνίων
779 402 970 457 ἱδρώτων
997 404 1207 455 zaream&
1235 400 1414 456 δάκρυα.
1470 403 1561 443 Non

117 458 271 508 optima
298 457 385 498 laus
411 462 536 499 nostri
557 461 703 500 iudicio
730 462 832 500 aevi.
889 461 1040 499 Hcroes
1052 461 1213 514 quidem
1234 460 1417 499 hodierni
1445 473 1555 506 eum,

116 513 187 563 qui
234 512 381 552 dicitur
425 515 476 554 ad
514 517 728 569 imaginem
770 516 917 569 pictam
953 516 1160 554 calidiores
1188 515 1385 569 lacrymas
1412 515 1560 554 sudore

117 564 263 606 bellico
291 567 460 618 fudisse,
493 571 634 624 procul
661 571 786 610 dubio
823 585 897 625 pro
926 571 1072 623 pavido
1102 570 1265 609 habent.

228 622 283 660 D.
304 623 344 663 5.
377 623 495 679 [467,
516 625 579 679 4.]
619 625 778 676 βιβλία.
853 626 894 664 Si
939 628 1028 679 quis
1064 626 1114 664 de
1151 627 1313 679 proprie
1356 627 1412 664 sic
1440 625 1557 666 dictis

116 674 258 716 Bibliis
284 691 354 717 seu
381 693 493 718 sacro
513 682 649 720 codice
675 681 773 720 velit
801 680 1044 733 intelligere,
1076 695 1158 719 non
1186 680 1441 720 intercedam.
1477 681 1559 720 Sed

117 731 184 769 vix
212 731 394 772 solebant
423 734 512 774 laici
540 736 681 774 Graeci
708 735 834 775 biblia
867 737 1021 789 integra
1047 736 1202 787 legere,
1235 738 1411 775 contenti
1438 738 1563 775 ritua-

118 784 226 825 libus
244 785 374 839 ‘suis‚
412 790 453 828 in
494 791 641 850 quibus
681 793 890 844 pericopae
925 791 1175 844 evangelicae
1205 791 1472 830 habebantur.
1501 789 1564 829 ‘H

118 837 347 882 ἀκολουθία
373 844 516 884 rituale
543 845 609 885 hic
638 846 715 886 loci
744 855 882 896 notat,
909 861 990 900 quo
1022 849 1142 886 series
1171 847 1299 886 divini
1327 846 1445 886 officii
1488 846 1560 886 de-

118 897 267 949 scripta
294 905 367 937 est.
399 899 452 937 V.
483 901 549 938 Du
579 902 712 954 Gange
739 902 957 944 Gloss.Gr.
987 902 1029 940 h.
1057 917 1100 941 v.

228 951 282 991 D.
303 952 344 992 8.
369 953 802 1009 [467,8.]Πολύαινον.
834 957 1067 996 Admodum
1084 957 1225 996 tritum
1244 964 1283 996 et
1293 971 1430 996 carum
1442 958 1563 996 novis

122 1005 285 1046 Graecis
312 1008 563 1062 Polyaenum
604 1011 740 1061 fuisse,
785 1014 879 1051 satis
907 1026 951 1051 ex
981 1013 1066 1065 ipso
1098 1013 1181 1052 eius
1206 1014 1416 1066 superstite
1444 1026 1567 1066 opere

119 1068 290 1100 constat.
369 1065 448 1103 Tot
476 1068 583 1104 enim
612 1068 739 1106 modis
768 1070 895 1120 ipsum
926 1068 1164 1107 mutilarunt
1191 1076 1230 1107 et
1258 1069 1525 1121 deturparunt
1544 1099 1561 1115 ‚

119 1119 181 1153 tot
207 1119 324 1170 nugis
351 1123 675 1161 contaminarunt
706 1121 748 1160 hi
778 1125 1018 1177 ineptiarum
1048 1126 1229 1162 omnium
1256 1124 1368 1162 sedes
1396 1131 1434 1162 et
1461 1124 1559 1162 arti-

119 1169 226 1219 fices,
258 1180 303 1211 ut
330 1176 465 1223 mirer,
493 1178 563 1229 qui
591 1185 674 1216 tam
703 1178 936 1217 invidendas
972 1178 1110 1218 laudes
1138 1180 1216 1218 viri
1244 1179 1352 1217 docti
1378 1178 1474 1218 huic
1488 1193 1560 1217 au-

121 1226 223 1264 ctori
251 1228 455 1277 tribuant,
508 1246 628 1284 quem
657 1234 689 1271 si
716 1241 934 1286 potuerunt
964 1234 1264 1273 Antoninorum
1289 1242 1471 1287 tempora
1496 1241 1560 1272 ta-

120 1278 202 1318 lem
230 1281 359 1328 ferre,
389 1294 555 1337 possunt
582 1302 742 1340 quoque
764 1290 864 1328 vites
893 1290 1026 1342 spinas
1055 1290 1167 1328 dare.
1224 1290 1417 1342 Syrianus
1444 1291 1477 1328 si
1505 1291 1560 1328 si-

120 1334 228 1375 milis
254 1338 400 1378 sodalis
428 1340 503 1379 fuit
523 1371 534 1387 .,
566 1356 639 1395 ego
667 1344 828 1395 quidem
859 1346 944 1382 eius
972 1346 1170 1383 iacturam
1198 1344 1312 1383 facile
1340 1344 1484 1383 feram.

231 1391 286 1430 D.
308 1392 350 1431 8.
382 1393 498 1448 [467³
528 1395 592 1450 8.]
635 1395 705 1436 τὸν
733 1396 956 1447 Συριανὸν.
1040 1400 1142 1449 Quis
1171 1400 1290 1438 filerit
1329 1406 1369 1438 et
1394 1399 1559 1452 quando

121 1445 265 1484 vixerit
290 1446 358 1486 ille
376 1450 584 1501 Syn-ianus,
614 1466 693 1490 non
722 1454 831 1492 novi.
891 1453 979 1492 Non
1002 1454 1164 1493 videtur
1192 1455 1298 1493 enim
1329 1455 1436 1493 idem
1468 1469 1560 1493 cum

124 1498 364 1554 philosopho
407 1504 600 1556 Symiano,
637 1507 772 1546 Procli
802 1509 1014 1561 magistro,
1055 1509 1196 1558 fuisse,
1225 1509 1276 1547 de
1306 1523 1387 1562 quo
1412 1510 1561 1548 Fabri-

123 1554 208 1594 cius
235 1555 331 1595 Vol.
349 1559 462 1597 VIII.
493 1560 598 1599 Bibl.
643 1564 819 1601 Graecae
865 1565 960 1616 egit.
1016 1563 1186 1616 Reperio
1213 1564 1372 1617 Syriani
1399 1565 1562 1603 mecha-

122 1610 204 1648 nIci
231 1618 301 1650 aut
335 1613 576 1665 poliorcetici
618 1624 688 1655 aut
715 1618 945 1671 disciplinae
992 1618 1174 1658 militaris
1211 1621 1386 1672 magistri
1415 1634 1563 1659 nomen

123 1664 166 1702 in
193 1665 267 1716 iis,
294 1681 319 1705 a
356 1669 501 1721 quibus
539 1671 753 1724 profecisse
790 1681 830 1712 et
855 1674 1094 1712 desumsisse
1120 1675 1283 1713 Tactica
1312 1689 1384 1718 sua
1410 1677 1492 1714 Leo
1520 1677 1563 1714 in

122 1720 259 1759 codiee
286 1722 589 1765 vindobonensi
623 1734 806 1767 testatur.
860 1729 955 1769 Vid.
987 1729 1022 1767 F
1025 1729 1150 1769 abric.
1179 1729 1284 1769 Bibl.
1314 1731 1388 1768 Gr.
1411 1731 1466 1770 T.
1485 1731 1562 1771 VI.

153 1803 165 1813 .
185 1788 206 1814 ο
243 1790 276 1816 1.

121 1788 150 1828 P
212 1789 288 1870 7D.
323 1846 417 1884 pen.
448 1833 563 1889 [ᾄδῃ
587 1837 647 1891 8.]
688 1834 761 1878 τὸν
790 1835 1082 1891 ὄιέιροκρίτην.
1109 1839 1260 1879 Procul
1287 1840 1411 1882 dubio
1440 1839 1563 1879 Arte-

124 1885 326 1924 midorum
366 1889 575 1944 intelligit,
613 1894 680 1946 qui
710 1894 841 1941 solus,
872 1895 979 1934 bona
1014 1895 1201 1943 fortuna,
1242 1896 1358 1934 nohis
1385 1903 1564 1947 superest

125 1952 172 1978 ex
210 1942 576 1984 oneirocriticorum
614 1955 796 1987 veterum
837 1964 1021 1989 numero.
1101 1951 1155 1989 Ut
1180 1953 1255 1990 toti
1283 1951 1399 2004 nugis
1424 1958 1463 1989 et
1490 1965 1565 1990 va-

126 1994 292 2046 poribus
333 1997 479 2038 differti
522 2011 636 2041 erant
664 2005 784 2043 medii
813 2006 900 2044 aevi
930 2006 1111 2044 homines
1130 2037 1141 2054 ,
1176 2007 1317 2045 crassis
1362 2006 1564 2046 barbariei.

125 2049 300 2088 tenebris
341 2053 486 2106 sepulti
540 2071 614 2108 pro
662 2058 770 2098 fatali
820 2061 994 2112 quadam
1023 2063 1190 2100 istorum
1217 2061 1467 2100 saeculorum
1497 2062 1565 2099 in-

127 2102 359 2154 clementia,
404 2109 460 2147 sic
489 2113 610 2150 etiam
637 2113 784 2152 relictis
812 2116 1041 2154 utilioribus
1074 2116 1238 2164 studiis,
1269 2118 1311 2154 in
1340 2117 1471 2154 varias
1498 2131 1565 2155 ar-

127 2165 188 2198 tes
207 2187 220 2207 ,
250 2160 596 2213 interpretationes
626 2171 896 2217 somniorum,
927 2170 1277 2210 constellationum
1304 2171 1565 2211 iudicationes

128 2219 168 2252 et
192 2214 340 2254 similes
369 2220 600 2270 quisquilias
627 2229 712 2261 toto
739 2232 898 2276 pectore
916 2226 1216 2265 incumbebant.

238 2269 292 2307 D.
332 2286 425 2323 pen.
457 2272 581 2327 [467‚
615 2276 680 2330 9.]
725 2276 796 2317 τὸν
840 2276 1200 2330 συναντιματικὸν.
1281 2281 1346 2319 Sic
1368 2283 1563 2334 scriptum

129 2336 241 2362 more
268 2324 380 2364 istius
423 2329 569 2368 saeculi
611 2345 686 2382 pro
713 2331 1100 2386 συναντηματικὸν,
1130 2335 1294 2381 librum,
1324 2337 1365 2374 in
1391 2349 1473 2389 quo
1501 2337 1566 2374 in·-

129 2382 362 2430 terpretatio
407 2382 491 2419 τῶν
534 2384 828 2425 συναντώντων
846 2418 859 2437 ,
921 2403 1057 2428 rerum
1091 2392 1415 2440 occurrentium,
1464 2391 1564 2443 quid

129 2445 270 2471 earum
296 2449 479 2489 quaeque
515 2436 609 2476 boni
635 2439 780 2479 malive
807 2443 1040 2494 portendat,
1068 2446 1307 2482 continetur.
1362 2445 1567 2485 Amabant

130 2494 284 2527 veteres
312 2504 355 2528 ex
386 2491 506 2531 rebus
533 2495 833 2534 occurrentibus
860 2511 976 2535 omen
993 2504 1166 2549 captare.
1224 2499 1338 2540 Conf.
1364 2501 1563 2553 Spartian.

131 2541 173 2578 in
198 2541 345 2583 Severo
381 2546 429 2586 T.
451 2547 485 2584 Ι.
531 2547 617 2586 Ser.
664 2549 719 2587 H.
751 2549 858 2604 Aug.
895 2565 937 2602 p.
956 2551 1049 2604 637.
1095 2552 1199 2602 fine,
1242 2561 1283 2592 et
1312 2554 1560 2596 Artemidor.

130 2593 205 2633 IV.
235 2611 275 2650 7.
351 2600 505 2640 Referri
542 2602 621 2641 huc
649 2618 809 2656 quoque
852 2613 1017 2657 possunt
1045 2606 1152 2646 dicta
1188 2608 1230 2647 in
1261 2609 1373 2649 libris
1404 2612 1561 2664 scriptis

131 2650 304 2699 primum
332 2654 374 2692 in
400 2656 537 2696 oculos
564 2659 827 2709 incurrentia,
858 2675 880 2699 e
906 2661 1052 2713 quibus
1080 2669 1233 2702 veteres
1262 2665 1394 2704 omina
1423 2673 1560 2719 capta-

129 2702 241 2743 bant·
299 2707 512 2751 Plebecula
548 2720 687 2753 nostra
715 2720 752 2753 et
791 2714 1046 2756 mulierculae
1086 2720 1297 2772 praecipue
1329 2734 1447 2761 mane
1474 2736 1562 2762 sur·-
