1884 3132
282 123 388 178 282
484 149 486 151 ·
571 140 646 183 10.
687 141 794 183 mc,
835 143 1035 184 nmsmr
1078 141 1452 188 COMMENTAnn

389 256 436 294 B.
459 257 501 296 5.
524 255 651 310 [256‚
684 255 773 312 25.]
810 255 1039 312 καταλάβῃ.
1095 259 1185 298 Non
1205 257 1305 298 solet
1335 257 1476 299 Noster
1501 254 1713 311 καταλαμ-

276 309 419 362 βάνειν
473 310 552 350 hoc
586 326 731 362 sensti,
772 327 916 366 nempe
949 328 1024 367 pro
1049 315 1243 379 adipisci,
1286 329 1511 368 usurpare,
1552 315 1621 355 sed
1640 330 1728 370 pro·

275 367 479 405 advenire.
539 367 641 405 Num
665 368 783 421 igitur
806 365 930 421 λάβῃ,
953 377 1024 407 aut
1051 383 1118 408 και
1148 366 1255 423 λάβῃ
1286 369 1529 422 legendum?

388 420 436 459 C.
467 420 542 460 ult.
574 422 686 476 [²57⁹
723 422 807 477 ιὰ]
836 422 940 474 πρὸς
968 420 1043 475 τὴν
1060 422 1246 476 χώρησιν
1273 425 1347 476 τῆς
1375 421 1602 477 ἐκκλησίας.
1629 425 1714 464 Pro

276 477 492 529 capacitate
512 479 693 516 eeclesiae
708 508 718 526 ‚
762 493 905 531 nempe
948 479 1070 517 Phari
1119 478 1183 518 vel
1237 480 1432 531 Deiparae
1471 479 1624 531 Phari,
1652 486 1714 519 tot

278 544 446 586 numero
474 561 486 582 ‚
516 540 614 586 quot
639 537 816 585 χωρεῖν,
861 549 1001 586 capere
1030 534 1239 573 commode
1266 542 1395 587 potest
1422 535 1599 575 ecclesia.

389 587 443 624 D.
475 602 515 641 7.
549 588 666 642 [257,
697 588 787 642 21.]
820 586 1071 628 ιῖντίπεπτοι.
1131 591 1188 627 Μ.
1221 587 1488 640 (ἰντιπεπτοί,
1517 589 1628 643 gravi
1650 602 1716 627 ac-

277 643 531 681 centu.Puto
562 652 695 682 tamen
724 645 872 682 editam
901 646 1242 683 accentuationem
1269 647 1415 684 rectius
1442 644 1606 684 habere.
1638 643 1716 682 Sed

277 695 437 736 difficile
473 706 551 746 est,
583 706 736 738 certum
775 700 825 738 de
853 699 1092 754 etymologia
1131 707 1170 738 et
1198 700 1483 752 significatione
1509 701 1619 739 vocis
1645 698 1723 738 ob-

277 765 416 791 scurae
443 760 482 792 et
508 754 602 792 alibi
653 768 733 792 non
766 754 890 794 lectae
927 762 966 794 et
1005 754 1217 793 difficulter
1246 769 1338 792 cum
1366 754 1548 809 analogia
1577 754 1720 793 Graeci

273 808 467 846 sermonis
495 809 766 848 conciliandae
794 811 1068 863 pronuntiare.
1141 809 1294 849 Videor
1322 810 1420 848 mihi
1447 810 1609 864 quidem
1628 823 1722 862 per-

275 862 407 915 cipere
434 865 777 917 significationem,
808 880 911 918 quae
937 872 1019 914 est,
1046 879 1134 904 mea
1166 866 1361 904 sententia
1380 894 1392 912 ‚
1421 865 1582 915 valvae,
1611 877 1718 917 quae

86 925 152 964 Ed·
176 926 215 962 1,.
228 927 274 974 89
287 918 362 956 sibi
388 919 560 958 invicem
582 921 851 959 obvertuntur
869 950 880 969 ‚
918 934 1090 973 quarum
1126 934 1206 958 una
1233 935 1278 958 su
1309 934 1352 959 er
1388 920 1553 959 aiteram
1581 926 1622 958 et
1647 917 1721 957 ad-

276 986 415 1013 versus
441 973 606 1013 aiteram
637 975 867 1014 inclinatur.
925 977 1036 1014 Sitne
1063 975 1115 1014 ab
1145 973 1403 1022 ἅντιπιπτω,
1432 982 1502 1015 aut
1529 975 1580 1013 ab
1612 971 1720 1012 ἄντι-

275 1027 431 1075 πετάω,
463 1043 543 1068 non
566 1031 746 1068 dixerim.
809 1031 946 1070 Neutri
985 1031 1224 1069 derivationi
1254 1030 1360 1068 favet
1387 1030 1584 1083 analogia.
1642 1027 1723 1067 Sed

277 1084 422 1123 Graeci
446 1086 543 1123 novi
572 1086 646 1124 sibi
670 1085 841 1124 multum
875 1087 917 1124 in
951 1085 1241 1138 corrumpenda
1270 1087 1393 1125 veteri
1426 1085 1562 1139 lingua
1586 1081 1723 1123 indul-

276 1145 386 1191 gent.
445 1139 555 1178 Num
585 1141 755 1193 denique
781 1138 1068 1192 ἅντίστρεπτοι
1098 1140 1343 1193 legendum?

364 1206 454 1245 150.
484 1207 536 1244 D.
569 1205 610 1245 8.
645 1205 762 1261 [238,
799 1204 852 1258 1.]
884 1202 985 1258 πρὸς
1028 1202 1129 1252 τούς
1159 1203 1304 1252 πόδας.
1361 1196 1613 1244 Cuiusnain?
1641 1218 1723 1243 non

277 1260 537 1312 Imperatoris
580 1268 702 1300 certe.
771 1261 875 1300 Num
914 1261 1037 1314 igitur
1077 1257 1182 1314 πρὸς
1213 1256 1260 1299 τὸ
1294 1251 1446 1310 οὖδας,
1479 1259 1656 1315 procidit
1681 1261 1725 1298 in

280 1316 405 1358 solum
423 1319 444 1353 Ρ

367 1369 457 1410 151.
489 1370 534 1408 B.
562 1370 636 1410 ult.
666 1369 780 1426 [259‚
801 1369 866 1425 2.]
897 1368 1114 1425 πληρωθῇ.
1141 1369 1218 1409 Vel
1238 1367 1504 1422 πληρωθῶσι.
1535 1369 1593 1407 Μ.
1619 1367 1727 1408 enim

397 1437 426 1467 ,ᾳ

281 1484 427 1535 πληρω
457 1481 570 1521 dant.

392 1538 438 1575 C.
468 1552 505 1577 2.
539 1534 659 1591 [259‚
694 1536 753 1592 3.]
795 1533 866 1577 διὰ
893 1536 966 1589 τῆς
1007 1533 1273 1590 πληρώσεως.
1329 1536 1411 1575 Per·
1427 1535 1551 1588 finem
1578 1534 1732 1574 ordinis

275 1593 536 1647 patriciorum
553 1623 564 1639 ,
595 1592 730 1642 illinc,
772 1593 842 1632 ubi
870 1593 1058 1631 desinunt
1095 1600 1244 1631 stantes
1269 1591 1308 1630 in
1337 1593 1437 1630 serie
1462 1590 1633 1644 patricii.
1669 1586 1727 1628 Τὸ

280 1645 422 1700 μέρος,
450 1663 607 1694 versus,
638 1663 713 1701 pro
742 1643 799 1694 ὥς
826 1648 891 1687 vel
920 1643 1026 1699 πρὸς
1067 1644 1110 1686 td
1142 1646 1284 1699 μέρος,
1313 1647 1370 1686 ad
1389 1647 1555 1702 plagam
1581 1644 1732 1700 templi.

394 1703 443 1741 C.
473 1718 512 1757 9.
543 1702 655 1757 [259‚
692 1701 748 1756 8.]
779 1699 826 1742 τὸ
856 1702 1005 1755 λῶρον.
1062 1703 1122 1741 Μ.
1148 1698 1221 1741 τὸν
1250 1703 1290 1741 λ.

374 1770 441 1808 ’(3.
483 1784 544 1807 11.
575 1768 695 1823 [259‚
733 1768 818 1822 10.]
850 1764 919 1807 ὁίἀ
948 1765 1019 1807 τὸν
1050 1767 1196 1820 λῶρον.
1251 1767 1424 1806 Videtur
1451 1780 1544 1819 ergo
1570 1779 1652 1804 non
1681 1763 1732 1804 li-

284 1825 412 1864 cuisse
438 1824 515 1863 illis
533 1854 544 1874 ‚
577 1826 646 1876 qui
675 1825 780 1862 loros
810 1837 977 1876 corpore
1005 1830 1212 1875 gererent,
1243 1829 1393 1861 vestem
1410 1821 1639 1874 principum
1666 1820 1730 1858 vi-

284 1895 424 1919 rorum
476 1887 514 1918 et
556 1881 750 1918 maiestati
794 1893 919 1932 paene
950 1885 1107 1916 tantum
1145 1885 1265 1930 atque
1292 1878 1466 1929 patriciis
1494 1877 1726 1930 propriam,

285 1950 417 1987 genua
447 1933 629 1982 flectere,
663 1941 733 1972 aut
762 1934 875 1973 humi
902 1933 1122 1986 procidere.
1181 1933 1256 1970 Vir
1285 1932 1427 1970 doetus
1450 1960 1462 1980 ‚
1491 1932 1560 1983 qui
1590 1932 1631 1969 iu
1659 1931 1735 1968 Re·

286 1989 503 2028 lationibus
536 1990 863 2043 Gottingcnsibus
887 1989 937 2027 de
965 1991 1094 2040 primo
1125 1989 1247 2026 nostri
1279 1987 1410 2039 operis
1436 1985 1641 2025 volumine
1668 1985 1733 2022 iu-

287 2045 437 2083 dicium
467 2052 506 2084 et
534 2046 725 2083 indicium
754 2044 891 2095 dedit,
922 2043 1117 2096 producto
1146 2045 1186 2081 in
1216 2041 1302 2080 aliis
1330 2041 1407 2080 hoc
1437 2054 1599 2094 quoque
1625 2039 1731 2089 loeo,

289 2114 452 2139 causam
499 2100 539 2138 in
567 2100 700 2138 addita
734 2098 873 2138 notula
919 2099 1065 2148 edidit,
1094 2112 1196 2150 quae
1225 2096 1389 2149 quidem
1417 2096 1492 2134 sibi
1512 2095 1732 2143 videatur,

291 2169 417 2208 quare
446 2156 621 2194 Patricia
649 2156 765 2193 Zoste
797 2168 877 2192 non
906 2153 1122 2206 prociderit
1139 2182 1149 2202 ‚
1180 2152 1313 2191 lorum
1343 2159 1381 2190 et
1399 2150 1733 2204 propolomarge-

288 2223 396 2249 rens.
454 2211 563 2260 Quid
589 2212 626 2248 si
643 2240 653 2256 ‚
686 2211 742 2248 ait
758 2239 768 2259 ‚
800 2209 847 2248 ob
877 2209 923 2246 id
946 2210 1075 2262 ipsum
1095 2208 1212 2246 datae
1244 2216 1364 2246 vestes
1399 2207 1553 2259 rigidae
1578 2205 1735 2259 prima-

290 2265 361 2302 riis
390 2261 561 2316 finiim’s
577 2296 587 2313 ‚
629 2274 671 2303 uc
700 2280 748 2303 ne
771 2265 922 2319 possint
946 2264 1102 2317 quidem
1122 2294 1131 2311 ‚
1169 2264 1240 2300 etsi
1267 2263 1410 2301 oblitae
1431 2260 1633 2314 dignitatis
1650 2258 1737 2296 vel-

292 2319 390 2365 lenc,
433 2336 472 2358 se
507 2321 708 2358 abiicere?
774 2321 958 2372 ignoscat
994 2318 1108 2356 nobis
1139 2319 1215 2356 Vir
1255 2318 1395 2356 doctus
1413 2345 1424 2365 ‚
1463 2313 1643 2368 quisquis
1669 2311 1736 2351 isse

292 2372 438 2423 suerit,
469 2377 581 2414 euius
609 2389 754 2414 nomen
796 2376 1024 2428 ignoramus
1041 2403 1051 2423 ‚
1091 2373 1123 2411 si
1152 2373 1204 2411 ab
1231 2373 1315 2410 eius
1341 2370 1534 2410 sententia
1564 2367 1736 2407 discedi-

295 2441 385 2466 mus
426 2430 741 2482 profltemurque
758 2459 769 2478 ‚
821 2428 1029 2468 subtiliora
1070 2435 1109 2466 et
1135 2429 1375 2480 quaesitiora
1404 2439 1450 2463 ea
1477 2437 1583 2470 esse,
1614 2436 1737 2475 quam

295 2484 468 2520 veriora.
528 2485 588 2523 Ut
617 2486 756 2523 diebus
802 2484 910 2523 festis
941 2491 981 2522 et
1008 2483 1218 2521 dominicis
1236 2513 1246 2530 ,
1275 2481 1332 2519 ob
1358 2481 1548 2532 temporis
1575 2476 1738 2530 religio-

294 2550 385 2574 nem
409 2566 420 2586 ,
451 2538 625 2577 codicem
658 2554 814 2578 sacrum
843 2547 912 2577 aut
940 2550 1099 2577 crucem
1122 2569 1133 2584 ‚
1166 2545 1237 2576 aut
1263 2534 1489 2589 symbolum
1515 2532 1637 2582 fidei,
1668 2538 1739 2570 aut

298 2602 367 2628 vas
406 2591 567 2644 aliquod
613 2609 769 2633 sacrum
815 2608 937 2632 mauu
965 2593 1210 2646 gestantibus
1238 2589 1506 2643 ingeniculare
1533 2601 1613 2626 non
1644 2587 1737 2625 lice-

296 2643 366 2685 hat
403 2645 455 2683 ob
504 2649 751 2688 maiestatem
780 2657 819 2687 et
849 2650 1113 2688 reverentiam
1155 2646 1317 2685 habitus
1344 2643 1618 2696 gestaminisve
1646 2642 1737 2690 sni,

299 2701 353 2738 sic
378 2706 526 2740 ·tantae
564 2705 836 2744 venerationis
884 2711 921 2743 et
961 2701 1206 2742 auctoritatis
1242 2698 1510 2750 oratiorum,
1558 2704 1738 2737 veterum
