1832 3126
147 202 222 266 An
264 219 559 265 coiss'rmr.
598 195 797 260 ponpa.
841 217 912 258 m:
951 215 1132 258 cmm.
1174 214 1272 256 Lm.
1311 217 1344 255 1.
1400 195 1506 270 ¹47

67 325 157 365 viee
186 323 416 378 gestabant,
446 335 516 362 seu
544 320 810 375 deponebant.
867 317 1096 357 Methodius
1123 315 1345 356 Patriarch.
1376 316 1500 355 CPta-

67 393 146 419 nus
169 379 224 418 de
248 380 297 419 iis
314 407 327 431 ‚
363 378 434 431 qui
460 377 734 429 abnegarunt:
792 371 1027 414 Βαλλέσθω
1055 369 1202 422 ἱμάτια
1235 367 1361 410 καινὰ
1391 368 1498 410 κατὰ

66 429 136 472 τὸν
161 430 295 474 τύπον
329 435 413 472 τῶν
438 429 760 483 βαπτιζομένων.
813 430 953 467 Vestes
990 427 1081 466 illae
1107 441 1131 465 a
1158 427 1309 465 Latinis
1336 426 1501 479 quidem

64 489 204 536 albae,
233 488 444 528 aoandore
460 516 472 535 ‚
503 486 664 525 Graecis
690 497 788 524 vero
814 481 859 521 αἱ
886 479 1031 522 καιναὶ
1056 481 1375 535 appellabantur.
1406 482 1501 521 Ter-

62 543 233 582 minatio
274 555 370 593 ιμον
412 542 527 581 novis
556 540 716 579 Graecis
755 537 872 577 valde
906 537 1208 590 frequentatur,
1238 550 1313 590 pro
1340 537 1503 576 nomine

65 598 316 637 substantivo
340 597 554 636 terminato
581 597 624 633 in
652 607 715 643 ις,
743 601 789 632 ut
816 591 862 632 τὸ
893 588 1212 642 διακαινήσιμον
1242 605 1317 644 pro
1346 590 1503 630 διακαί-

64 665 206 704 νησις,
228 653 426 708 processio
452 652 496 689 in
525 651 638 690 novis
660 649 853 697 vestibus5
881 643 926 686 τὸ
958 640 1223 699 ἅναλήψιμον
1250 661 1325 699 pro
1355 642 1378 698 ἦ
1408 643 1503 686 α’νά-

66 708 220 759 ληψιςς
251 700 470 759 αἰτήσιμον
489 712 529 744 et
548 701 732 756 αἰτήσων
762 716 837 755 pro
871 698 1046 753 αἴτησις.
1102 702 1164 739 Ita
1184 715 1346 756 quoque
1373 694 1504 739 a’ona-

64 756 210 800 στικόν
245 774 322 814 pro
358 759 497 800 osculo
515 791 527 812 ‚
564 754 776 812 ἀσπασμῷ
816 757 882 797 vel
910 764 1003 796 actu
1031 755 1252 795 osculandi.
1312 755 1501 796 Glossae=

26 833 30 836 ·
68 815 311 865 Lab-atum,
369 814 534 869 φίλημα
561 808 803 864 βασιλικὸν,
833 807 1089 851 ἅσπαστικὸν
1117 809 1337 862 βασιλέως.

174 869 228 909 A.
250 869 291 922 4.
310 869 401 924 [47‚
422 869 485 923 5.]
515 866 815 918 ἅκουμβίσωσι.
847 866 1100 906 Accumbunt.
1156 866 1249 904 Non
1275 873 1412 919 putem
1438 880 1503 906 ne·

66 924 237 978 gandam
264 925 511 978 Luitprando
539 924 660 962 fidem
676 951 687 972 ‚
717 922 785 975 qui
814 922 856 960 in
880 921 1076 975 legatione
1100 921 1181 969 ait,
1217 922 1391 960 Graecos
1419 923 1502 961 Im-

67 987 270 1032 peratores
296 982 337 1018 in
373 973 600 1019 solennibus
625 978 819 1017 conviviis
846 990 920 1030 per
945 976 1029 1015 dies
1057 977 1176 1015 festos
1203 990 1285 1015 non
1312 977 1572 1025 assedisse13d‚
1587 991 1623 1025 ι,
1641 991 1685 1036 47

65 1035 236 1083 mensis,
265 1035 335 1074 sed
361 1034 590 1074 accubuisse
607 1039 765 1072 vetusto
785 1046 911 1071 more.
967 1031 1113 1071 Putem
1141 1033 1276 1084 itaque
1289 1061 1302 1082 ‚
1330 1031 1501 1072 verbum

67 1085 356 1140 σῖκουμβιζειν,
393 1089 463 1128 ubi
503 1088 679 1128 occurrit
718 1088 762 1126 in
803 1086 882 1125 hoc
922 1086 1087 1136 codice,
1135 1087 1334 1136 (occurrit
1366 1094 1502 1128 autem

67 1144 223 1198 saepius
256 1145 299 1183 in
328 1143 632 1197 Cletorologio‚)
658 1155 732 1195 per
756 1141 977 1180 accumbere
1003 1141 1118 1180 reddi
1144 1141 1304 1181 debere.

86 1226 89 1227 γ
177 1198 234 1237 Α.
255 1198 296 1238 6.
317 1198 406 1253 [47‚
428 1198 492 1254 5.]
522 1195 714 1251 ἁγιαχάς.
771 1197 882 1247 Quid
919 1194 1021 1235 illud
1049 1208 1134 1248 χας
1161 1196 1239 1235 sihi
1263 1195 1385 1246 velit,
1426 1210 1502 1237 ne-

67 1253 166 1292 scio.
220 1254 393 1292 Videtur
415 1254 469 1293 ad
496 1253 565 1294 illa
594 1252 774 1307 vulgaria
795 1252 998 1305 pertinere
1012 1281 1023 1300 ‚
1049 1249 1184 1305 qualia
1203 1251 1246 1290 in
1265 1250 1341 1292 hoc
1364 1252 1502 1292 codice

69 1307 113 1346 in
145 1308 350 1348 Laudibus
385 1311 532 1362 passim
569 1315 812 1356 occurrunt,
857 1314 903 1346 ut
925 1305 1060 1359 paullo
1081 1313 1174 1359 post
1201 1303 1265 1355 ἒς,
1297 1314 1337 1345 et
1367 1303 1406 1346 οἱ
1433 1306 1502 1359 ἐς,

66 1358 172 1402 md
204 1370 297 1414 etc„
326 1378 498 1416 quorum
532 1366 634 1403 ratio
656 1364 742 1403 dari
769 1362 880 1401 nulla
906 1368 1038 1415 potest
1055 1390 1067 1412 ‚
1097 1374 1227 1414 neque
1257 1361 1389 1401 debet.

175 1417 223 1455 B.
245 1431 259 1456 ι
273 1432 308 1456 ι.
327 1417 417 1472 [47‚
443 1418 527 1473 ¹8.]
556 1415 612 1465 ἒς.
666 1419 850 1458 Recurrit
881 1417 1036 1469 saepius
1054 1418 1099 1455 in
1122 1416 1199 1455 hoc
1222 1416 1372 1456 codice.
1428 1415 1504 1456 Est

67 1470 210 1523 procul
227 1471 351 1512 dubio
373 1473 479 1512 idem
493 1503 504 1523 ‚
526 1473 635 1526 quod
661 1473 750 1523 ἑὲς,
777 1474 892 1520 heus,
923 1470 1183 1522 exclamatio3
1212 1484 1255 1510 v.
1281 1472 1348 1509 Du
1370 1472 1503 1525 Cange

70 1539 113 1563 v.
137 1524 225 1575 ἐὲς,
261 1541 337 1579 pro
369 1541 450 1579 quo
479 1527 598 1567 et'iam
625 1523 684 1574 εἷς
711 1527 932 1576 habemus3
978 1528 1074 1564 item
1107 1539 1157 1571 ας
1178 1525 1287 1576 apud
1310 1526 1498 1578 Symeon.

72 1581 181 1633 Mag.
198 1594 242 1632 p.
258 1582 354 1635 493.
378 1583 425 1620 B.
448 1581 494 1630 ᾖ,
516 1584 610 1621 item
627 1578 665 1620 οἱ
684 1581 749 1631 ἐς,
778 1581 889 1634 quod
907 1580 1017 1618 aliud
1034 1579 1136 1618 nihil
1152 1594 1273 1632 quam
1289 1581 1381 1629 Ιιιιέ,
1413 1582 1499 1619 ohe.

185 1635 233 1673 C.
260 1649 294 1673 1.
318 1635 406 1689 [47‚
434 1636 519 1690 19.]
549 1633 624 1682 τάς
649 1635 904 1686 Αὔγούστας
930 1634 1145 1672 σκέπασον.
1177 1635 1248 1672 Est
1270 1642 1410 1673 votum
1424 1636 1504 1674 Au-

73 1688 266 1742 gustabus
292 1693 527 1744 proprium,
560 1705 681 1744 quas,
713 1697 852 1742 optant
882 1688 1043 1742 populi,
1082 1694 1129 1726 ut
1165 1689 1335 1740 Spiritus
1361 1690 1403 1728 S.
1431 1690 1505 1728 ob-

74 1744 260 1791 umbret,
290 1752 415 1798 tegat,
446 1745 642 1784 obnubat.
699 1746 807 1794 Quia
829 1758 972 1796 nempe
992 1743 1083 1782 velo
1102 1751 1250 1796 nuptae
1273 1744 1503 1796 prodibant.

71 1797 211 1837 Simile
235 1798 334 1838 illud
364 1801 570 1840 Hincmari
598 1802 641 1839 in
671 1800 928 1838 coronatione
959 1797 1143 1836 Iudithae
1157 1828 1168 1845 ‚
1213 1812 1305 1837 cum
1335 1799 1506 1839 nuberet

30 1880 33 1882 -
74 1852 292 1892 Edelsredo
306 1884 316 1901 ‚
349 1856 432 1908 regi
457 1856 710 1910 Anglorum:
767 1854 903 1893 Nubas
932 1856 975 1892 in
1004 1854 1179 1902 Clzrzls‘to,
1209 1853 1378 1908 obnupta
1406 1856 1504 1894 nube

70 1909 227 1947 coelesti
252 1917 290 1947 et
315 1911 546 1963 rifi-igeraca
571 1911 701 1963 gracia
724 1910 937 1963 spirituali.

185 1963 236 2001 C.
254 1963 295 2003 6.
317 1963 408 2016 [48‚
429 1964 491 2018 5.]
521 1966 566 2014 ἐξ
592 1961 742 2019 τάφου.
796 1965 855 2002 Μ.
887 1963 933 2003 ἐκ
960 1958 1113 2016 τάφου.

77 2069 102 2119 ζ
146 2069 167 2080 ⁹
184 2017 295 2110 C.a7r.
317 2018 407 2072 [48,
429 2019 494 2074 4.]
525 2019 647 2073 ζωῆς.
700 2019 932 2073 ltaquoque
948 2017 1214 2058 membranae.
1271 2016 1417 2068 Erunt,
1433 2019 1503 2073 qui

58 2089 61 2091 ·
103 2085 137 2109 ω
198 2085 239 2109 m
282 2080 354 2111 mt.

139 2086 164 2125 ῃ
186 2125 242 2164 D.
261 2127 300 2165 3.
325 2126 418 2181 [48‚
437 2127 508 2182 9.]
537 2124 619 2168 ἀπὸ
649 2127 806 2182 φωνῆς.
860 2128 963 2167 Assa
990 2140 1100 2175 voce,
1139 2126 1211 2165 sed
1232 2127 1358 2166 clara.
1414 2128 1504 2181 op-

76 2179 241 2233 ponitur
265 2195 357 2219 cum
383 2183 441 2236 τῷ
468 2180 548 2221 ἀπὸ
580 2184 782 2235 φθογγῆς,
813 2184 921 2237 quod
940 2192 998 2223 est
1024 2181 1224 2220 modulata
1250 2196 1344 2220 voce
1371 2184 1435 2233 (v.
1456 2197 1501 2236 p.

82 2235 174 2285 }47.
197 2235 251 2273 D.
276 2236 430 2288 penult.
462 2244 503 2276 et
530 2237 620 2277 185.
646 2238 698 2277 A.
723 2238 798 2289 6.)‚
827 2246 914 2277 tum
941 2237 1030 2278 voci
1051 2250 1232 2289 pressae,
1272 2243 1342 2275 aut
1359 2239 1504 2277 tacitae

77 2289 329 2340 recitationi,
370 2291 421 2345 τῇ
459 2290 651 2347 ἦσυχαίῳ
679 2289 755 2331 καὶ
787 2294 886 2332 καθ’
912 2288 1072 2332 ἑαυτόν.
1125 2292 1295 2330 Prorsus
1319 2292 1425 2330 idem
1446 2300 1506 2332 est

77 2349 199 2396 atque
227 2345 317 2394 μετ’
357 2341 649 2399 ἐκφωνήσεως,
676 2355 745 2386 aut
772 2343 980 2401 ἐκφαὶνως,
1012 2348 1062 2386 de
1081 2360 1160 2398 quo
1186 2359 1306 2398 supra
1333 2347 1505 2387 diximus

77 2397 132 2436 ad
156 2411 198 2450 p.
230 2412 292 2452 ¹7·
317 2397 364 2438 C.
422 2401 598 2453 Liquete
619 2402 777 2441 novella
799 2403 940 2441 lustin.
971 2417 1076 2455 ¹27·²
1107 2414 1209 2453 quae
1235 2408 1343 2439 vetat
1365 2416 1504 2441 conse·

77 2454 295 2491 emtionem
321 2464 524 2493 sacrorum
549 2455 747 2495 donorum
761 2487 773 2503 ‚
803 2464 872 2495 aut
899 2458 939 2495 in
970 2457 1166 2509 baptismo
1191 2469 1325 2507 preces
1339 2485 1350 2504 ‚
1386 2458 1506 2496 tacite

78 2508 326 2569 atsacerdote
353 2510 537 2557 recitari,
576 2510 821 2564 deprehenso
846 2511 949 2550 forte
977 2525 1059 2549 uno
1086 2517 1126 2549 et
1151 2509 1276 2548 altero
1290 2539 1302 2560 ‚
1343 2513 1413 2564 qui
1442 2519 1506 2550 ta-

80 2567 158 2599 cite
180 2575 223 2601 se
247 2576 294 2602 ea
312 2562 443 2603 dicere
461 2566 610 2604 iactans
624 2595 636 2616 ‚
663 2573 797 2605 tamen
818 2566 919 2604 nihil
941 2566 1121 2615 dixisset,
1154 2572 1193 2604 et
1218 2579 1270 2603 ne
1290 2565 1504 2605 formulam

80 2614 240 2666 quidem
273 2624 450 2669 teneret3
499 2620 568 2658 sed
602 2617 707 2670 μετὰ
740 2621 881 2673 φωνῆς
909 2620 1018 2659 clara
1044 2634 1167 2670 voce,
1208 2633 1327 2672 quam
1366 2635 1504 2660 omnes

82 2668 246 2708 audiant
262 2701 273 2718 ‚
318 2674 475 2711 recitari
511 2675 635 2713 iubet.
695 2672 935 2723 Κελεύομεν
978 2671 1131 2721 πάντας
1170 2672 1419 2721 ἐπισκόπους
1455 2689 1506 2722 ,τε

82 2723 156 2760 καὶ
196 2726 503 2780 πρεσβυτέρους
538 2725 597 2780 μὴ
640 2725 746 2768 κατὰ
786 2725 832 2767 τὸ
876 2727 1208 2781 σεσιωπημὲνον,
1251 2726 1359 2768 ἀλλὰ
1396 2726 1502 2778 μετὰ

83 2777 226 2830 φωνῆς
242 2779 300 2834 τῷ
319 2777 547 2837 πιστοτάτῳ
565 2783 651 2838 λαῷ
668 2783 967 2836 ἐξακουομένης
986 2780 1062 2835 τήν
1078 2781 1199 2824 θείαν
1220 2780 1503 2836 προσκομιδήν
