1884 3132
289 98 404 170 696
558 113 633 155 ιο.
685 112 791 155 me.
829 112 1025 155 nmsxu
1068 109 1445 158 commum

292 237 350 269 set
378 229 540 283 quidem
569 228 621 267 ab
638 227 816 268 Arabico
845 225 924 288 θ’θ’
950 231 1103 284 punxit
1137 238 1249 270 acuto
1276 230 1399 281 firro
1414 260 1426 279 ,
1466 231 1605 285 repeti.
1662 232 1742 272 sed

296 293 385 334 est,
415 286 448 323 si
481 298 626 323 verum
668 284 884 336 volumus,
925 299 949 325 a
979 288 1151 334 καμεῖον
1169 316 1180 333 ,
1207 286 1392 336 fabrica.
1449 286 1516 325 Sic
1541 286 1743 340 appellant

294 341 391 379 novi
422 340 567 378 Graeci
595 347 636 378 et
663 339 863 378 officinam
883 370 893 386 ‚
925 342 965 378 in
991 355 1071 392 qua
1110 342 1356 393 pretiosum,
1384 341 1657 391 artificiosum,
1677 356 1745 381 ra-

294 409 387 434 rum
418 395 598 448 quidque
626 395 670 434 fit
687 424 699 446 ,
729 403 769 434 et
797 394 999 435 subtiliter
1027 395 1180 449 aliquid
1211 395 1368 435 efficere
1393 391 1563 447 κάμνειν
1592 397 1746 436 dieunt.

295 451 370 490 Ex
401 451 611 501 Addeml]

409 506 462 544 D.
487 506 527 545 3.
562 505 679 559 [586‚
702 504 762 559 5.]
791 499 1035 557 μυριπνόων
1061 513 1138 544 etc.
1195 506 1257 546 De
1284 519 1396 545 more
1423 512 1605 545 veterum
1623 506 1755 544 Grae-

297 575 438 600 corum
467 562 681 613 unguentis
714 561 981 613 fragrantibus
1008 568 1099 613 post
1135 561 1272 614 epulas
1300 576 1384 601 sese
1411 561 1571 601 lavandi
1601 568 1642 600 et
1669 561 1746 599 im-

300 616 448 655 buendi
497 616 581 654 vid.
615 616 765 654 Athen.
793 630 833 667 p.
856 614 950 668 409.
993 631 1025 656 e.
1046 616 1118 654 fin.

389 672 483 725 539.
509 673 562 710 A.
592 685 648 710 lo.
706 670 822 724 [586Ἶ
855 670 934 722 18.]
981 671 1193 724 γραμμῆς,
1262 667 1447 722 Γραμμὴ
1478 678 1537 711 est
1558 671 1716 726 pictura
1736 702 1753 719 ‚

302 728 522 776 lineatum,
554 733 598 766 ut
636 726 823 765 dicebant
850 726 983 764 medio
1024 740 1123 766 aevo
1140 755 1150 774 ,
1174 733 1220 765 ut
1247 724 1497 778 γραμμίζειν
1517 756 1530 774 ,
1553 727 1716 781 pingere
1737 755 1750 777 ,

303 779 571 834 γραμμιστὴς
590 811 601 832 ,
639 783 797 837 pictor,
854 782 891 819 in
923 780 1069 819 celebri
1109 781 1199 821 loco
1228 779 1487 833 Theophanis
1513 795 1557 834 p.
1580 780 1673 835 ‘247-
1697 782 1752 820 A.

310 837 363 877 Hi
396 836 495 876 tales
535 845 643 885 sunt,
674 851 776 890 quos
803 836 1049 877 Themistius
1092 851 1133 888 p.
1160 836 1254 875 223.
1288 835 1339 874 A.
1367 849 1428 874 10.
1470 834 1756 882 ποικίλλοντας

305 891 480 944 appellat
497 922 508 943 ,
535 895 603 945 qui
633 892 802 945 parietes
830 891 989 929 aedium
1016 892 1070 930 ab
1095 898 1206 930 extus
1233 890 1423 929 dealbant
1467 898 1538 930 aut
1584 890 1761 930 calcario

308 949 532 987 incrustant
575 961 721 1000 opere,
767 948 875 985 intus
903 954 1035 984 autem
1066 948 1236 1000 pingunt
1279 945 1481 984 coloribus
1523 953 1563 984 et
1590 946 1755 998 figuris,

312 1005 409 1042 item
441 1003 509 1054 qui
538 1016 656 1055 opere
683 1001 868 1040 tesselato
899 1001 960 1039 vel
993 1003 1148 1040 musivo
1176 995 1318 1052 ἐδάφη,
1343 992 1494 1039 «hama
1523 1000 1763 1053 efficiebant„

310 1058 360 1097 de
386 1059 533 1111 quibus
561 1072 603 1096 v.
637 1056 806 1095 Salmas.
839 1056 888 1094 ad
920 1057 1065 1108 Script.
1098 1056 1205 1094 Hist.
1235 1055 1341 1107 Aug·
1369 1055 1420 1093 T.
1445 1055 1498 1095 ll.
1527 1070 1568 1108 p.
1592 1055 1686 1108 559.
1718 1064 1759 1094 et

311 1127 424 1166 '1¹⁰¹'
453 1112 523 1153 ubi
571 1113 641 1157 ait,
681 1125 748 1150 eos
788 1110 1064 1162 dealbatores,
1100 1110 1340 1150 coloratores
1369 1117 1408 1148 et
1435 1107 1757 1156 ἶνὸικοπλάστας

310 1168 465 1214 dictos,
497 1167 607 1220 quod
636 1167 773 1219 indigo
803 1165 867 1205 vel
915 1165 1041 1219 glasto
1070 1167 1240 1219 parietes
1257 1165 1480 1204 inficerent.
1533 1165 1762 1217 Pingebant

313 1236 475 1275 quoque
504 1225 544 1262 iu
586 1222 697 1261 luctu
741 1223 913 1273 parietes
959 1222 1077 1274 nigro
1121 1221 1286 1271 colore3
1323 1219 1405 1262 vid.
1433 1219 1502 1258 Du
1529 1220 1664 1273 Gange
1691 1220 1758 1259 Gl.

313 1279 405 1319 Lat.
438 1292 479 1316 v.
508 1277 638 1316 Lim-a.
727 1277 832 1315 Sunt
859 1289 1020 1328 quoque
1060 1274 1323 1328 γραμμισταί
1338 1305 1349 1323 ,
1394 1276 1464 1327 qui
1493 1288 1575 1313 non
1604 1282 1766 1314 tantum-

315 1335 355 1371 in
385 1332 629 1385 parietibus,
658 1329 788 1384 ligno,
822 1330 953 1370 linteis
987 1330 1188 1370 coloribus
1217 1338 1256 1369 et
1281 1329 1468 1382 penicillo
1494 1343 1631 1368 rerum
1662 1331 1769 1369 ima-

315 1390 454 1440 gines,
487 1388 554 1426 scd
584 1389 704 1426 etiam
745 1387 787 1429 in
833 1386 1045 1425 arboribus
1088 1386 1240 1439 forcipe
1277 1386 1438 1424 resectis
1476 1385 1764 1438 exprimebant.

316 1445 380 1483 Sic
409 1457 529 1495 supra
558 1457 600 1495 p.
624 1443 718 1481 331.
738 1441 787 1482 C.
815 1455 878 1480 12.
909 1441 1160 1483 habebamus.
1183 1437 1439 1492 γραμμίζειν
1480 1436 1561 1478 ἀπὸ
1590 1439 1772 1494 δαφνῶν

318 1498 500 1549 σταυριά
547 1494 619 1536 καί
659 1495 867 1550 στεφὰνια
884 1526 896 1544 ,
942 1495 1066 1536 lauris
1111 1497 1155 1536 in
1206 1496 1386 1535 crucium
1434 1494 1622 1534 formam
1651 1495 1767 1534 sectis

319 1561 358 1594 ct
410 1553 450 1591 iu
477 1560 581 1593 serta
613 1553 809 1592 contortis
834 1553 1003 1607 pingere,
1025 1559 1064 1592 et
1092 1565 1282 1592 exornare
1310 1548 1508 1601 triclinia,
1537 1549 1770 1590 deambula-

319 1623 387 1648 cra
417 1615 494 1647 etc.
1749 1637 1760 1646 .

429 1664 475 1702 Β.
497 1662 534 1701 5.
569 1662 684 1717 [587‚
710 1661 774 1717 2.]
807 1659 1061 1715 περιστεραὶ.
1121 1661 1250 1701 Paulo
1277 1661 1455 1715 superius
1481 1667 1656 1699 mentem
1682 1673 1772 1698 me-

322 1733 390 1758 am
419 1718 469 1757 de
497 1717 693 1757 columbis
721 1717 1137 1772 insularum'exposui
1157 1747 1169 1768 ,
1200 1718 1322 1756 fuisse
1357 1729 1499 1769 nempe
1527 1715 1675 1768 figuras
1703 1728 1772 1754 co-

323 1773 556 1815 lumbarum
598 1774 813 1824 crucibus,
855 1773 1002 1826 quibus
1030 1774 1163 1812 ornati
1191 1779 1307 1810 erant
1333 1771 1550 1810 infularum
1577 1771 1775 1820 vertices,

327 1830 545 1881 impositas.
592 1829 791 1869 Infixaene
819 1828 968 1868 fuerint
997 1836 1036 1867 et
1065 1827 1320 1867 immobiliter
1350 1828 1398 1865 iis
1425 1826 1684 1874 inhaeserint,
1714 1824 1773 1863 ibi

329 1884 578 1922 dubitabam.
640 1884 726 1922 Hoc
756 1899 778 1922 e
805 1883 896 1922 loco
915 1891 1102 1937 apparet,
1133 1882 1337 1921 columbas
1363 1881 1435 1920 has
1458 1881 1564 1921 demi
1589 1880 1641 1919 ab
1667 1879 1778 1918 infu-

330 1939 380 1978 lis
410 1942 596 1991 potuisse.
654 1939 889 1978 Fueruntne
932 1953 1026 1991 ergo
1054 1938 1239 1979 crucibus
1266 1951 1342 1990 ope
1381 1935 1635 1976 cochlearum
1679 1934 1780 1973 ada-

331 1997 497 2048 ptatae?
555 1994 622 2032 An
657 1996 790 2046 potius
818 1995 982 2033 suerunt
1011 1992 1229 2034 infularum
1257 1990 1468 2044 capsulae?
1526 1991 1644 2029 Certe
1674 1989 1778 2028 sole-

332 2051 433 2088 bant
461 2049 593 2087 medio
631 2063 729 2088 aevo
757 2049 935 2102 capsulas
959 2063 1035 2102 pro.
1067 2048 1188 2087 rebus
1215 2049 1358 2096 sacris,
1386 2060 1490 2099 pane
1517 2052 1747 2085 conse-erato
1765 2074 1778 2092 ,

336 2105 516 2158 reliquiis
547 2104 765 2143 condendis
792 2104 841 2143 ad
872 2104 995 2142 instar
1023 2103 1301 2143 columbarum
1330 2101 1580 2140 consormare
1600 2130 1612 2151 ,
1640 2099 1781 2139 volen-

337 2168 397 2198 tes
427 2174 473 2198 co
502 2160 748 2213 significare,
788 2161 871 2198 vim
899 2160 1070 2212 Spiritus
1095 2159 1230 2197 Sancti
1259 2156 1428 2196 conditis
1455 2157 1563 2194 intus
1604 2154 1782 2207 reliquiis

340 2214 532 2253 incubare
567 2228 712 2266 easque
740 2228 975 2253 conservare
994 2221 1033 2252 et
1061 2213 1332 2262 sanctificare3
1374 2211 1454 2254 vid.
1475 2211 1542 2249 Du
1570 2210 1704 2264 Gange
1730 2207 1782 2247 ad

340 2269 474 2308 Paulli
506 2269 722 2307 Silentiarii
750 2269 970 2322 Ecpln·asin
990 2269 1032 2307 S.
1061 2268 1233 2322 Sophiae
1260 2282 1302 2320 p.
1324 2266 1419 2321 575.
1460 2273 1499 2304 et
1528 2264 1658 2304 Gloss.
1688 2264 1778 2302 Lat.

342 2338 382 2364 v.
415 2325 601 2364 Columba
631 2325 758 2362 etGr.
788 2338 827 2366 v.
855 2320 1114 2375 Περιστεροί,
1171 2323 1350 2375 Apparet
1380 2336 1401 2360 e
1426 2321 1523 2359 loeis
1554 2320 1608 2358 ibi
1636 2319 1783 2367 citatis,

345 2378 556 2417 columbae
598 2380 813 2432 imaginem
863 2381 903 2417 in
948 2379 1108 2417 ciboriis
1136 2392 1256 2431 super
1283 2376 1474 2416 altaribus
1506 2381 1545 2413 et
1570 2386 1686 2425 super
1711 2372 1785 2410 ba-

345 2435 535 2486 ptisteriis
564 2434 824 2487 pependisse,
856 2447 877 2474 e
903 2447 1076 2487 quorum
1107 2433 1274 2487 pedibus
1311 2446 1355 2471 ex
1385 2444 1489 2471 unco
1514 2427 1580 2468 vel
1605 2426 1787 2471 catenula

347 2489 626 2541 dependebant
664 2503 816 2527 cruces.

434 2542 527 2593 540·
552 2544 604 2582 D·
626 2542 666 2582 5·
697 2543 807 2598 [589‚
834 2541 912 2595 18]
955 2541 1119 2595 φεγγία.
1179 2543 1282 2581 Puto
1322 2539 1491 2594 phengia
1519 2537 1636 2575 fuisse
1664 2535 1789 2574 bacu-

350 2594 410 2633 los
438 2613 529 2636 eum
557 2598 769 2639 manubrio
788 2612 854 2637 seu
885 2596 1015 2635 fulcro
1034 2611 1225 2638 manuum
1253 2597 1440 2647 utrinque
1454 2605 1621 2631 recurvo
1649 2591 1700 2630 ad
1729 2592 1792 2629 in-

350 2657 431 2687 star
462 2651 615 2692 litterae
631 2653 807 2694 Graecae
833 2652 893 2699 Ψ,
919 2654 975 2690 ita
1004 2659 1047 2690 ut
1075 2651 1332 2692 manubrium
1360 2647 1545 2687 dimidiae
1573 2645 1692 2684 lunae
1710 2646 1795 2684 duo

351 2718 500 2745 cornua
529 2707 709 2746 referret.
776 2706 955 2749 Similem
995 2707 1125 2748 adhuc
1165 2705 1285 2750 hodie
1312 2704 1412 2757 gerit
1452 2700 1640 2741 baculum
1669 2701 1794 2754 patri-
