1832 3126
159 188 234 232 An
270 186 570 232 consum.
607 182 807 228 ponpa.
836 184 908 225 DE
947 182 1130 225 cmm.
1168 182 1267 223 Lm.
1309 182 1344 221 1.
1406 177 1507 235 191

74 292 435 348 (Quademteinen)
454 298 632 330 emunt.
689 284 862 335 Πλάκες
889 287 997 326 enim
1023 293 1118 325 sunt
1146 283 1308 324 tabulae
1340 282 1444 323 latae
1474 291 1515 322 et

74 356 209 388 vastae
227 360 380 387 saxeae.
438 346 501 386 Ita
527 360 572 399 p.
601 344 671 385 63.
690 343 737 383 C.
766 355 830 382 ιι.
885 336 1197 395 μαρμαρωτὸν,
1228 341 1356 389 loaas,
1390 339 1515 379 solum

77 416 272 443 marmore
294 410 469 441 stmtum.

185 459 234 498 C.
253 472 294 512 9.
318 455 409 511 [84,
427 453 494 509 8.]
521 449 781 502 πεζεύουσιν.
836 451 942 490 Ante
971 451 1147 491 Chalcen
1175 465 1270 505 ergo
1301 449 1517 490 descende-

77 513 178 552 bant
197 527 245 552 ex
269 512 381 565 equis
396 540 408 562 ‚
436 510 505 564 qui
534 510 818 562 Imperatorem
840 506 1123 560 procedentem
1150 507 1192 545 in
1212 507 1384 560 equestri
1410 519 1519 560 pom-

152 567 249 608 illuc
275 566 548 614 deduxerant3
591 563 699 603 solus
732 563 952 615 Imperator
978 563 1087 600 intro
1117 563 1160 600 in
1189 573 1294 615 equo
1323 562 1517 615 procede·-

72 582 160 663 ffit.
217 620 362 662 Paullo
390 626 480 674 post
504 625 639 658 autem
674 619 756 672 ipse
781 617 984 656 descendit
999 645 1011 666 ‚
1041 623 1081 656 et
1107 631 1154 655 eo
1178 616 1262 670 ipso
1284 614 1374 656 Ioco
1391 646 1403 667 ‚
1435 630 1518 670 quo

73 677 304 727 descendit,
345 676 388 714 in
422 673 616 768 palatium
654 673 835 722 rediens,
885 673 1025 711 eodem
1069 672 1247 711 ascendit
1286 672 1326 710 in
1366 687 1517 726 equum

72 735 236 783 exiens3
261 743 396 784 ‚neque
441 731 514 768 'cet
541 729 614 782 ipsi
639 742 788 782 equum
815 734 909 767 ante
937 726 1301 782 Chrysotriclinum
1326 741 1516 767 conscen-

39 819 43 823 ,
73 789 192 837 dere,
233 785 303 826 sed
337 785 455 839 pedes
482 786 567 838 ipse
596 785 776 838 sequitur
813 796 942 836 usque
971 783 1022 822 ad
1053 781 1219 821 scholas
1252 789 1293 822 et
1322 781 1517 836 templum

76 841 294 882 salvatoris
338 853 487 895 equum
521 852 658 879 coram
690 838 965 893 praeductum.
1024 837 1120 877 vid.
1159 837 1331 877 Cedren.
1354 853 1395 892 p.
1421 838 1516 893 761.

74 898 120 936 B.
151 903 192 936 et
232 896 336 935 infra
363 895 489 935 nostri
516 895 664 935 codicis
742 909 782 949 g.
816 893 884 947 59.
914 893 961 932 B.
996 893 1045 932 C.
1076 900 1116 932 et
1140 905 1260 946 supra
1288 907 1332 947 p.
1360 906 1430 933 20.
1461 893 1518 933 A.

74 951 210 992 Vales.
240 951 293 991 ad
321 950 528 990 Ammian.
553 949 734 990 Marcel.
766 964 808 1003 p.
833 949 929 1003 329.
957 963 996 987 a.
1054 947 1231 1002 *[Nemo
1255 962 1376 1003 eques
1406 955 1520 1002 pote-

73 1014 137 1047 rat
166 1005 301 1046 aulam
332 1005 538 1046 CPtanam
564 1005 713 1045 intrare
742 1011 902 1058 praeter
934 1005 1237 1056 Imperatorem.
1294 1005 1362 1043 Du
1386 1003 1520 1058 Gange

74 1062 127 1101 ad
151 1061 379 1102 Villehard.
407 1075 451 1114 p.
478 1059 618 1115 304.]*
677 1059 837 1100 Nicetas
870 1058 1087 1098 Choniates
1119 1073 1162 1112 p.
1187 1058 1254 1099 55.
1293 1059 1522 1099 describens

75 1117 294 1171 ingressum
333 1114 530 1156 Manuelis
560 1116 754 1156 Comneni
790 1115 886 1155 novi
923 1114 1180 1168 Imperatoris
1217 1114 1259 1153 in
1284 1114 1443 1154 Urbem
1481 1123 1522 1154 et

74 1172 290 1222 Palatium,
322 1170 368 1211 ἐν
384 1171 442 1227 τῷ
461 1169 673 1224 παριέναι,
704 1173 776 1222 ait,
804 1169 900 1221 μεθ’
922 1167 1050 1208 ἵππου
1069 1163 1259 1221 ’Ἄραβος
1274 1165 1521 1222 ἐριαύχενος

74 1223 128 1267 τὰ
149 1223 370 1278 ἀνάκτορα,
397 1223 471 1265 καί
489 1225 655 1277 μέλλειν
675 1225 849 1267 εἰσιέναι
870 1220 941 1263 διὰ
970 1223 1044 1276 τῆς
1058 1221 1202 1277 πύλης,
1228 1224 1327 1274 μεθ’
1350 1220 1403 1278 ἢν
1424 1221 1452 1277 ἢ
1475 1225 1522 1266 ἑκ

72 1282 147 1335 τῆς
159 1279 287 1349 ἕδρας
312 1280 356 1336 [e
379 1279 502 1331 sella,
531 1285 704 1335 equestri
722 1278 903 1334 nempe‚]
935 1272 1143 1330 ἀπόβασις
1178 1278 1345 1333 ἐφεῖται
1377 1277 1521 1329 μόνοις

74 1341 160 1384 τοῖς
177 1331 507 1389 αυτοκράτορσιν
528 1343 605 1375 etc.
637 1337 856 1376 Cinnamus
874 1336 923 1373 L.
942 1335 1016 1372 lv.
1051 1349 1094 1387 p.
1123 1347 1214 1388 ¹07·
1247 1333 1298 1373 de
1323 1334 1523 1375 Balduino

80 1392 176 1442 lV.‚
196 1389 558 1445 Hierosolymitano
570 1406 677 1445 rege,
717 1392 768 1431 ad
787 1388 1016 1430 manuelem
1033 1390 1283 1428 Comnenum
1303 1391 1343 1429 in
1372 1392 1521 1443 campis

77 1446 315 1486 Antiochiae
333 1446 530 1485 invisente
551 1455 689 1487 narrat
705 1477 716 1494 ‚
749 1460 843 1486 eum
869 1453 938 1484 aut
955 1444 1138 1483 exhibitis
1155 1443 1376 1484 honoribus
1404 1445 1520 1484 infla-

77 1508 183 1551 tum,
212 1508 283 1539 aut
302 1501 440 1539 innata
457 1504 683 1555 arrogantia
703 1515 747 1540 m
762 1515 866 1554 equo
883 1501 1050 1539 intrasse
1068 1500 1109 1537 in
1132 1498 1266 1538 aulam
1285 1502 1452 1553 regiam,
1482 1508 1524 1540 et

77 1556 136 1595 ibi
168 1555 245 1595 loci
268 1555 512 1594 descendisse
526 1585 538 1606 ,
578 1556 649 1594 ubi
681 1555 919 1595 descendere
943 1554 1165 1606 Imperator
1191 1554 1273 1606 ipse
1301 1568 1524 1595 consueve-

79 1611 159 1661 rit,
185 1610 296 1663 quod
322 1611 539 1663 aegerrime
555 1610 690 1650 tulisse
706 1609 954 1659 Manuelem,
984 1609 1153 1661 ideoque
1173 1608 1322 1648 multos
1346 1609 1525 1650 honores

75 1666 151 1719 ipsi
179 1673 296 1705 antea
323 1665 540 1705 destinatos
573 1667 749 1705 omisisse
780 1673 821 1704 et
861 1664 1133 1717 suppressisse.
1188 1658 1238 1703 ‘O
1276 1663 1323 1703 δὲ
1359 1661 1523 1712 τούτοις

77 1717 304 1772 ἐπαρθείς,
332 1716 413 1760 εἴτε
439 1719 514 1759 καί
539 1716 758 1774 ξύμφυτόν
785 1734 882 1759 τινα
910 1717 1079 1771 τρέφων
1107 1716 1377 1770 α’λαζονειάν,
1407 1718 1525 1759 ἐπει-

77 1771 209 1828 δήπερ
245 1774 307 1821 εἰς
346 1771 423 1827 τὴν
453 1774 665 1825 βασίλειον
697 1774 890 1827 εἰσῆλθεν
928 1770 1061 1825 αὖλὴν
1096 1768 1177 1811 ὑπό
1214 1786 1260 1812 τε
1287 1773 1369 1813 τῶν
1395 1775 1521 1826 βασι-

43 1866 45 1868 .
76 1828 199 1870 λείων
223 1827 470 1882 ῥαβδούχων
496 1830 568 1869 καί
591 1826 808 1880 Ῥωμαίων
836 1828 919 1869 τῶν
951 1825 1023 1868 ἐπὶ
1048 1826 1170 1879 δόξης
1196 1825 1522 1881 παραπεμπόμε-

79 1897 176 1935 νος,
217 1883 404 1924 ἐνταῦθα
440 1883 516 1924 ποῦ’
551 1883 679 1924 ἵππου
720 1879 880 1937 ἀπέβη,
925 1880 1028 1923 ἔνθα
1068 1881 1141 1921 καί
1177 1881 1377 1933 βασιλεύς
1414 1880 1517 1922 αὕτό

78 1941 209 1978 ποιεῖν
238 1935 409 1979 εἴθιστο.
462 1938 549 1992 Ἐφ’
577 1933 639 1987 οἷς
666 1938 902 1992 ἆγερωχιαν
921 1938 1056 1978 αὕτοῦ
1082 1933 1306 1988 καταγνούς
1342 1934 1364 1976 ὁ
1394 1939 1519 1987 βασι-

71 1988 193 2059 λεξὶς.
226 1990 358 2033 πολλὰ
398 1994 482 2034 τῶν
528 1990 589 2035 ἔτι
636 1994 795 2047 μᾶλλον
837 1994 896 2041 εἰς
935 1989 1060 2046 τιμὴν
1101 1988 1295 2045 ὁρώντων
1336 1991 1522 2033 ἐνέλιπεν

70 2062 160 2087 -αυτ
181 2061 207 2086 ι.

100 2152 109 2167 ¹
161 2061 245 2142 qD.
266 2102 308 2155 4.
330 2102 421 2158 [84,
445 2103 532 2159 16]
559 2100 694 2159 πύλην
725 2102 988 2157 εἰσάγουσαν.
1043 2104 1102 2142 Μ.
1146 2099 1280 2156 πύλην
1317 2099 1395 2156 τὴν
1434 2103 1521 2143 εἶσ-

81 2171 110 2196 α
138 2169 281 2198 ουσαν.

111 2171 426 2266 γ51.Α.5.[85’,
459 2213 522 2268 2.]
551 2211 625 2254 καὶ
658 2210 807 2262 πάντες
846 2211 886 2254 οἶ
926 2213 1003 2253 τοῦ
1039 2212 1334 2265 κουβουκλειόυ
1372 2209 1419 2251 ἐν
1445 2211 1520 2269 τῷ.

79 2266 139 2306 Μ.
170 2264 244 2306 καί
268 2267 437 2316 στάντες
465 2267 504 2309 οἱ
531 2270 608 2308 τοῦ
634 2269 928 2321 κουβουκλείου
957 2264 1108 2315 πάντες
1135 2268 1180 2308 ἐν
1206 2267 1264 2323 τῷ
1281 2291 1303 2298 -
1319 2289 1342 2297 -

189 2323 236 2361 Β.
257 2336 300 2377 9.
320 2322 408 2376 [85‚
436 2322 522 2378 15.]
552 2321 598 2363 τὸ
629 2325 908 2375 προκεᾲιενον.
937 2325 1213 2379 Propositum,
1247 2336 1315 2362 seu
1343 2323 1518 2376 particu-

80 2374 160 2415 lam
187 2391 209 2416 e
238 2378 406 2418 Psalmis
439 2378 608 2420 Davidis
634 2379 691 2419 illi
719 2380 797 2418 diei
822 2379 923 2418 festo
958 2393 1175 2432 congruam
1202 2384 1241 2417 et
1263 2380 1519 2431 imputatam.

81 2430 240 2470 Canunt
267 2447 409 2486 nempe
435 2433 577 2473 Graeci
609 2434 774 2488 singulis
805 2434 945 2473 diebus
975 2448 1115 2473 versus
1142 2447 1164 2472 e
1190 2430 1517 2472 Psalmis'excer-

81 2492 169 2538 ptos
198 2487 310 2526 alios·
327 2496 447 2542 atque
476 2487 602 2540 alios,
628 2491 699 2543 qui
735 2489 949 2543 evangeliis
974 2496 1013 2527 et
1038 2487 1212 2541 epistolis
1244 2489 1518 2542 cuiuscunque

81 2539 159 2580 diei
184 2550 424 2596 congruunt.
482 2543 535 2583 Et
565 2558 611 2584 ea
642 2559 765 2598 pensa
798 2558 820 2582 e
859 2543 1028 2583 Psalmis
1060 2540 1108 2582 τὸ
1147 2542 1414 2596 προκείμενον
1442 2543 1519 2595 τῆς

82 2590 264 2647 ἡμέρας,
302 2600 571 2653 propositum,
609 2608 875 2653 argumentum
888 2629 901 2648 ,
939 2600 1145 2637 materiam
1187 2598 1271 2638 diei
1296 2596 1515 2651 appellant.

85 2647 179 2687 vid.
220 2651 320 2691 infra
345 2667 435 2707 pag.
467 2654 561 2694 553.
594 2654 649 2693 A.
683 2654 745 2705 14.
802 2655 870 2692 Du
906 2654 1039 2707 Gange
1065 2653 1195 2693 Gloss.
1231 2653 1306 2693 Gr.
1334 2653 1379 2692 h.
1404 2667 1446 2692 v.
1477 2660 1518 2694 et

88 2701 208 2752 Goari
234 2706 539 2762 Euchologium.
596 2709 650 2748 Et
674 2710 835 2762 quidem
858 2710 988 2762 primo
1014 2708 1102 2748 loco
1126 2710 1374 2764 Propositum
1389 2738 1400 2759 ‚
1428 2715 1517 2747 tum

89 2755 322 2810 Apostolum
341 2793 352 2812 ,
381 2777 448 2803 seu
476 2763 721 2819 epistolicum
744 2771 921 2818 textum,
951 2779 995 2804 ex
1021 2763 1193 2819 epistolis
1211 2763 1516 2818 Apostolorum,
