1884 3132
344 167 455 225 818
615 186 689 228 10.
739 185 846 229 1Ac.
885 187 1080 228 nssisxn
1131 186 1537 230 COMMENTAmr

345 289 424 329 dux
454 297 492 329 et
520 290 707 344 magister
732 290 935 342 militum3
965 299 1004 330 et
1035 306 1078 344 p.
1113 305 1180 331 22.
1207 291 1268 331 16.
1307 299 1494 331 numerat
1528 293 1568 332 in
1607 306 1689 333 una
1715 293 1794 334 Pe-

343 347 450 384 rusia
481 353 559 385 tres
586 349 819 401 praecipuos
848 348 1116 400 magistratus,
1141 347 1381 401 praefhctmn
1417 343 1665 402 (ἔπαρχον),
1707 363 1794 388 ma-

343 403 505 453 gistrum
534 404 703 441 militum
730 411 771 442 et
800 404 955 442 ducem.
1023 402 1239 441 Dubitavit
1276 416 1437 456 quoque
1464 402 1516 442 cl.
1549 404 1794 443 Mun-aterius

344 456 376 496 l.
408 471 471 508 c.‚
500 457 702 496 diversine
729 472 779 497 an
811 458 930 497 iidem
961 458 1110 496 fuerint
1148 458 1262 496 clm-es
1308 465 1348 497 et
1389 459 1568 511 magistri
1610 460 1793 499 militum·

343 512 479 551 Verba
508 514 593 552 eius
625 520 742 552 sunt:
773 515 954 566 magistri
978 527 1126 568 quoque
1153 514 1319 552 militum
1346 514 1442 552 olim
1464 513 1660 568 appellati
1675 515 1793 568 prin-

343 568 447 621 cipes
460 598 474 614 ‚
519 569 656 624 quibus
699 570 871 608 eim-clem
911 570 1081 606 civitatis
1109 570 1282 621 regimen
1321 570 1640 607 committebatur.
1715 570 1798 622 Qui

345 624 474 662 titulus
519 634 587 662 aut
624 625 816 663 minorem
857 634 924 663 auc
967 624 1186 662 breviorem
1225 638 1343 678 quam
1380 623 1490 662 ducis
1528 625 1795 663 auctoritatem

345 681 471 717 nescio
500 694 554 718 an
582 678 767 717 indicat-c
786 681 923 734 possit.
993 678 1111 718 Conf.
1145 679 1323 717 Bandur.
1360 677 1411 717 ad
1445 677 1652 718 Constant.
1690 679 1794 718 Por-

343 733 465 788 phyr.
499 735 551 773 T.
576 735 628 773 11.
660 734 830 788 Antiqu.
863 734 1023 774 Orient.
1057 749 1098 787 p.
1127 733 1198 773 62.
1255 734 1380 773 Forte
1404 746 1476 787 pro
1502 733 1652 785 Me'tqg
1686 733 1794 787 apud

345 790 515 829 Cedrcn.
542 805 582 843 p.
601 790 691 844 706.
713 791 767 829 D.
790 798 875 830 ant.
905 797 944 828 et
972 789 1141 843 Glycam
1170 804 1213 842 p.
1239 790 1334 829 510.
1361 789 1410 828 C.
1439 789 1696 828 scribendum
1735 794 1796 829 est.

345 843 665 897 Maozpopu‘myg.

458 903 504 940 C.
530 903 575 956 7.
598 900 715 955 [690‚
749 898 809 952 6.]
845 896 1086 951 Ἀμάλφης.
1167 899 1231 938 De
1278 898 1448 938 ducibus
1498 896 1796 952 Amalphitanis

348 958 429 1010 egit
461 958 708 996 Muratorius
739 956 839 993 Ant.
871 955 962 993 Ital.
993 957 1042 993 P.
1066 956 1098 993 1.
1130 968 1170 1006 p.
1196 968 1288 993 201.
1321 962 1360 993 et
1389 953 1619 993 Chronicon
1650 953 1793 993 Amal-

347 1013 560 1066 pliitauum
590 1011 642 1050 ab
669 1011 809 1049 eodem
854 1010 1001 1048 ibidem
1039 1010 1190 1048 editum
1233 1010 1482 1062 frequentem
1518 1024 1659 1048 eorum
1702 1010 1796 1049 facit

349 1067 606 1108 mentionem.
665 1067 726 1104 De
755 1064 925 1103 ducibus
954 1065 1114 1103 Caietae
1140 1064 1245 1103 conf.
1278 1065 1385 1103 idem
1417 1079 1458 1117 p.
1478 1063 1573 1104 218.

461 1123 568 1172 C.q.
604 1121 713 1175 [690.
738 1120 796 1174 7.]
838 1118 897 1166 εἰς
925 1116 1000 1159 τὸν
1039 1113 1243 1171 ἄρχοντα.
1310 1119 1596 1158 Constantinus
1635 1125 1675 1158 ct
1712 1120 1793 1159 Ro-

350 1192 492 1218 manus
528 1167 717 1215 dicuntur
765 1175 830 1214 hic
871 1174 1044 1227 Bulgaro
1082 1174 1301 1214 Archontis
1344 1174 1507 1213 titulum
1546 1175 1793 1227 aliquando,

351 1233 584 1272 succedente
613 1238 745 1270 autem
774 1238 953 1283 tempore
994 1230 1157 1268 tandem
1196 1229 1310 1268 illum
1352 1229 1495 1269 Basilei
1535 1243 1696 1283 quoque
1724 1231 1796 1269 tri-

351 1288 502 1327 buisse.
560 1287 669 1338 Ergo
709 1293 800 1324 ante
843 1285 1012 1335 horum,
1055 1292 1094 1324 et
1132 1285 1295 1338 quidem
1336 1293 1563 1338 postrema,
1614 1292 1795 1338 tempora

354 1341 569 1395 collegialis
598 1342 752 1394 imperii
800 1355 880 1380 non
917 1340 1179 1379 obtinuerunt
1207 1340 1367 1393 Bulgari
1407 1341 1606 1394 principes
1632 1340 1796 1380 titulum

354 1398 547 1438 Basileus.
602 1397 712 1446 Quid
732 1397 851 1448 igitur
879 1395 1068 1434 faciemus
1096 1395 1184 1434 loco
1213 1395 1410 1443 Cedreui,
1441 1410 1522 1449 quo
1549 1397 1606 1434 ait
1632 1410 1672 1449 p.
1700 1395 1795 1439 625.

354 1453 408 1491 D.
440 1453 677 1506 Symeonem
707 1452 922 1505 Bulgarum
953 1451 1072 1490 fuisse
1088 1445 1389 1503 εὖφημηθέντα
1417 1447 1473 1498 ὥς
1495 1451 1686 1501 βασιλέα,
1706 1451 1797 1490 lau-

354 1507 467 1546 dibus
491 1508 724 1546 celebratum
743 1517 783 1546 ut
815 1521 944 1559 regem
961 1511 980 1545 ?
1008 1506 1180 1544 Videtur
1205 1506 1336 1545 dicere
1362 1505 1479 1554 velle,
1509 1506 1697 1559 Symeoni
1727 1520 1798 1545 ac-

357 1562 571 1601 clamatum
623 1577 704 1601 non
761 1562 899 1600 iisdem
947 1562 1109 1615 quidem
1156 1560 1337 1600 formulis
1381 1569 1500 1615 atque
1558 1562 1796 1614 Imperatori

357 1618 538 1668 Graeco,
567 1632 696 1670 neque
723 1618 916 1656 attributo
945 1616 1062 1656 titulo
1094 1616 1259 1667 Basilei,
1299 1624 1474 1655 attamen
1503 1616 1642 1655 eodem
1676 1616 1796 1656 modo

358 1679 479 1727 atque
508 1681 702 1727 apparatu
731 1673 873 1723 fuisse,
903 1687 984 1725 quo
1014 1671 1166 1711 solebat
1195 1673 1422 1725 Byzantinis
1450 1671 1675 1710 acclamari.

467 1729 520 1766 D.
545 1743 583 1767 2.
613 1727 728 1782 [69o‚
755 1726 832 1780 ln]
863 1729 938 1765 τοῦ
964 1721 1366 1779 χριστιανικωτάτόυ
1385 1723 1535 1771 ἔθνους
1551 1725 1633 1764 τῶν
1655 1726 1796 1766 Βουλ-

356 1780 509 1834 γάρων.
581 1785 633 1822 Ut
685 1783 749 1821 hic
785 1783 973 1836 Bulgari‚
1014 1783 1068 1820 ita
1112 1781 1219 1834 apud
1260 1781 1440 1820 Nicetam
1478 1780 1716 1819 Choniatem
1757 1796 1797 1834 p.

361 1851 454 1891 277.
492 1838 540 1876 C.
573 1837 647 1877 ult.
680 1838 804 1888 *Russi
848 1834 893 1876 τὸ
933 1833 1328 1888 χριστιαιιικώτατον
1373 1836 1485 1887 γένος
1533 1835 1798 1888 appellantur.

358 1891 419 1930 Ea
448 1899 599 1940 aetate,
628 1908 706 1947 qua
735 1895 806 1932 ista
833 1893 1122 1938 exarabantur,
1163 1891 1345 1929 nondum
1372 1890 1612 1930 vocabulum
1640 1890 1798 1930 christi-

348 1947 536 1987 ,anissimi
565 1949 703 1987 titulus
741 1955 825 1988 erat
853 1949 903 1986 ad
938 1961 1060 1986 unam
1085 1944 1234 1984 certam
1262 1953 1419 1999 gentem
1450 1946 1704 1985 hoininemve
1735 1946 1796 1985 al-

359 2000 527 2055 ligatus„
546 2005 548 2009 '
569 2010 614 2042 ut
641 2004 758 2043 hodie
789 2017 920 2055 regem
948 2002 1142 2041 Franciae
1170 2015 1240 2054 per
1269 2002 1526 2040 eminentiam
1556 2008 1714 2040 vetusto
1742 2003 1800 2040 ti-

359 2057 560 2097 tulaturae
603 2060 683 2097 ritu
708 2059 1063 2097 chris-lianz'ssimum
1093 2071 1220 2109 twgem
1245 2056 1492 2109 appellamus
1507 2087 1517 2103 ‚
1559 2056 1609 2095 de
1636 2070 1718 2110 quo
1742 2057 1795 2095 ti-

358 2111 445 2150 tulo
476 2127 518 2152 v.
540 2113 700 2152 selden.
720 2114 770 2152 de
796 2115 875 2152 Tit.
906 2114 1061 2151 Honor.
1093 2126 1132 2164 p.
1158 2110 1244 2166 74„
1273 2113 1344 2150 ubi
1373 2112 1679 2161 demonstravit,
1714 2125 1797 2150 non

352 2165 454 2216 *solis
481 2168 674 2207 Franciae
703 2166 959 2208 occidentalis
987 2167 1145 2219 regibus
1171 2166 1370 2205 tributum
1397 2181 1487 2205 eum
1524 2166 1619 2205 olim
1652 2167 1794 2213 fuisse,

362 2221 431 2260 sed
461 2223 771 2276 Imperatoribus
797 2237 958 2277 quoque
985 2224 1192 2274 utriusque
1220 2222 1328 2260 orbis
1355 2222 1589 2261 Christianis
1625 2228 1664 2260 et
1699 2222 1796 2260 item

361 2276 522 2329 regibus
552 2277 741 2332 'Angliaffl
803 2279 880 2317 Sed
919 2292 1049 2330 neque
1082 2276 1156 2315 soli
1184 2277 1445 2329 Imperatores
1481 2284 1550 2316 aut
1589 2290 1698 2329 reges
1739 2277 1797 2315 sic

362 2332 605 2381 audiebant,
639 2334 706 2372 sed
734 2333 851 2372 etiam
881 2334 1027 2386 privati
1057 2331 1237 2370 homines
1265 2332 1580 2371 christianissimi
1618 2338 1657 2370 et
1691 2332 1795 2369 inte-

360 2399 456 2439 grae
498 2394 632 2440 gentes
673 2388 1020 2426 christianissimae
1058 2387 1302 2437 audiebant,
1342 2394 1380 2425 et
1417 2386 1516 2425 nihil
1552 2387 1640 2440 plus
1672 2399 1795 2436 quam

364 2441 628 2488 christianus,
658 2451 727 2482 aut
764 2443 881 2482 valde
911 2443 1148 2480 christianus
1176 2441 1213 2480 id
1247 2441 1490 2480 vocabulum
1517 2439 1760 2493 significabat
1780 2469 1793 2490 ,

365 2495 406 2534 id
444 2504 504 2535 est
530 2511 621 2542 vere
647 2499 736 2550 pius
780 2505 818 2536 ct
858 2497 1102 2536 orthodoxus
1135 2504 1173 2535 et
1205 2496 1382 2535 fervidus
1411 2497 1473 2535 dei
1501 2495 1716 2535 secundum
1746 2497 1795 2532 ri-

347 2556 450 2592 ‚tum
496 2552 756 2591 christianum
797 2553 942 2591 cultor.
1020 2552 1238 2604 Propterea
1279 2552 1465 2590 monachi
1506 2557 1545 2588 et
1581 2549 1714 2588 clerici
1750 2551 1792 2588 in

341 2650 343 2652 ι
365 2607 495 2656 speeie
521 2608 724 2646 christiani
751 2608 940 2646 dicuntur
970 2613 1008 2645 et
1041 2606 1151 2645 laicis
1179 2613 1459 2659 opponuntur,
1488 2604 1796 2643 christianorum

365 2661 752 2712 nomine,exclusis;
782 2676 823 2701 v.
855 2663 920 2700 Du
951 2662 1082 2714 Gange
1110 2676 1150 2700 v.
1181 2661 1407 2700 Clu-[seiani.
1464 2658 1794 2711 Sylvanus‘rhe-

366 2718 430 2749 tor
466 2712 646 2767 α’σκητὴν
689 2716 763 2755 καί
810 2715 994 2767 ἀκριβῶς
1050 2715 1347 2767 χριστιανίζειν
1396 2709 1682 2752 ἐσπουδακότα
1721 2713 1795 2753 ali-

365 2780 485 2819 quem
513 2770 716 2821 appellat5
747 2785 786 2810 v.
814 2772 920 2811 dicta
949 2771 999 2810 ad
1026 2785 1070 2823 p.
1092 2770 1186 2824 392.
1213 2770 1268 2808 D.
1293 2768 1334 2819 4.
1363 2766 1587 2821 Simplicius
1615 2769 1724 2823 Papa
1753 2770 1794 2808 in

1875 2819 1884 2854 ..A
1875 2682 1884 2811 -.-=.-.x...
1881 2656 1884 2672 i-
1876 2561 1884 2649 *mm-.—
1876 2495 1884 2542 *na-1.
1876 2453 1884 2486 ,μ-
