1884 3132
325 157 435 215 830
635 175 708 217 10.
751 155 871 220 mc)
896 179 1089 219 RusKu
1126 177 1502 220 commu-rma

322 296 373 320 an
407 281 564 335 potius:
597 282 935 335 quemadmodum
968 283 1027 322 lex
1052 284 1128 323 bac
1156 282 1206 322 de
1232 297 1276 322 re
1306 283 1386 323 lata
1415 282 1534 322 edicit
1554 289 1593 321 et
1621 281 1761 322 iubet?

323 338 536 390 lnquit-aut
570 337 701 391 legum
726 347 764 377 ct
783 342 935 378 rituum
965 340 1239 378 Romanorum
1270 340 1490 391 peritiores.

432 393 476 435 C.
498 393 652 445 penult.
677 393 786 447 [710‚
809 394 869 448 8.]
904 394 1176 448 καίμηνυθῇ.
1207 395 1418 444 Βιὼὶῐεινί,
1440 392 1643 447 quomodo
1669 392 1762 431 red-

322 447 458 486 derem
485 448 594 487 hunc
621 447 779 499 locum3
803 465 900 489 num
944 452 981 488 si
1023 451 1073 488 ab
1098 451 1194 504 ipsis
1230 452 1332 489 intro
1364 450 1560 489 nuntietur
1599 448 1658 487 ad
1687 448 1764 487 do-

324 506 476 542 minum
492 533 504 553 ‚
530 519 581 542 an
615 505 746 556 potius
778 507 814 544 si
860 507 939 561 ipsi
960 506 1010 544 ab
1047 506 1128 544 illis
1150 507 1469 559 praenuntiatum
1477 505 1613 555 fioen't
1628 533 1639 552 ,
1669 517 1763 542 eum

325 573 469 612 nempe
488 559 526 597 in
554 573 767 599 numerum
795 563 1055 614 patriciorum
1084 559 1271 599 allectum
1300 561 1363 600 iri.
1418 559 1596 599 Praetuli
1628 565 1762 611 poste-

325 615 407 654 rius
427 645 439 665 ,
472 616 567 667 quia
596 629 713 654 nemo
742 617 951 655 intromitti
981 617 1032 654 ad
1056 617 1340 669 Imperatorem
1363 622 1521 669 poterat
1543 614 1619 653 nisi
1651 614 1764 666 prius

326 683 349 708 a
386 669 640 709 cubiculariis
677 670 742 710 vel
780 671 859 710 alio
898 671 1082 711 familiari
1115 672 1342 719 nuntiatus,
1404 671 1599 724 posterius
1627 676 1762 708 autem

323 739 404 763 non
458 739 612 778 semper
660 726 791 767 fiebat.
844 728 899 766 Et
938 728 1146 766 coufirmat
1177 741 1240 765 me
1277 741 1319 779 p.
1352 726 1449 780 4¹9·
1481 726 1526 764 B.
1569 737 1658 775 11.,
1694 723 1766 764 ubi

325 780 472 819 dicitur
499 782 744 834 praepositus
765 782 815 821 ab
836 797 1078 836 unoquoque
1109 781 1267 821 officiali
1298 796 1434 821 recens
1468 781 1668 820 honorato
1696 793 1763 818 ac-

325 837 456 889 cipere
476 837 806 876 consuetudinem
837 837 903 889 24.
934 839 1080 877 solidos
1109 852 1251 876 aureos
1278 844 1489 890 propterea
1529 836 1638 889 quod
1675 834 1765 874 loco

324 899 363 930 et
386 892 547 930 nomine
575 893 828 944 Imperatoris
850 890 922 945 τὴν
947 891 1168 944 ἀπόκρισιν
1192 892 1265 944 τῆς
1308 888 1574 944 προβλήσεως
1603 889 1767 940 ἐκκομί-

324 945 440 995 ζεται
460 977 472 997 ,
508 948 829 1002 ςιζὸηιψοαίίοηεηι
857 949 1117 1004 promotionis
1153 947 1287 1000 {ffi'l'C'
1339 947 1449 1001 quod
1495 948 1761 999 interpretor:

323 1003 579 1054 praenuntiat
617 1003 888 1055 honorandis,
923 1018 990 1043 eos
1033 1004 1109 1042 hoc
1139 1003 1202 1042 vel
1241 1003 1311 1042 illo
1362 1000 1493 1042 officio
1527 1001 1592 1041 vel
1612 1002 1765 1041 honore

325 1065 543 1096 mactatum
569 1059 635 1097 iri.

439 1113 491 1151 D.
514 1113 687 1167 5.[710‚
717 1113 796 1167 12]
827 1106 927 1152 ἄνευ
956 1114 1034 1152 τοῦ
1065 1112 1251 1163 ὀψικιόυ.
1306 1113 1361 1151 Et
1385 1112 1450 1151 hie
1490 1126 1651 1165 quoque
1687 1111 1765 1151 du-

328 1167 439 1206 bium
461 1175 535 1217 est,
565 1171 666 1207 sitne
699 1170 916 1224 obsequium
955 1183 1102 1207 nomen
1131 1175 1243 1206 taxae
1270 1167 1334 1206 vel
1363 1169 1659 1207 consuetudinis
1691 1182 1767 1220 pro

329 1223 521 1276 obsequio
580 1224 700 1276 pendi
745 1225 907 1270 solitae,
963 1238 1031 1263 seu
1076 1238 1148 1276 pro
1196 1225 1387 1262 comitatu
1438 1223 1512 1276 (ita
1551 1223 1766 1275 videtur),

325 1293 446 1331 quem
481 1281 791 1319 ceremoniarius
837 1294 974 1318 recens
1016 1279 1213 1318 honorato
1248 1279 1415 1330 patricio
1449 1277 1651 1328 addebat,
1684 1291 1766 1331 quo

326 1347 418 1372 eum
440 1348 531 1372 cum
561 1348 707 1388 pompa
744 1335 783 1373 iu
815 1337 898 1374 eius
922 1335 1038 1373 aedes
1061 1335 1300 1382 deduceret3
1341 1349 1393 1372 an
1418 1333 1469 1373 sit
1491 1335 1625 1387 potius
1650 1332 1768 1372 obse-

325 1391 480 1442 quium,
511 1390 594 1442 ipse
615 1391 840 1429 comitatus.
897 1390 983 1443 Ego
1012 1392 1123 1442 prius
1153 1388 1337 1442 praetuli,

437 1445 491 1483 D.
515 1458 556 1497 9.
581 1445 692 1499 [7¹⁰⁹
721 1445 806 1499 16]
835 1443 1153 1497 ἁλουργοειὸεῑς.
1213 1446 1274 1483 De
1303 1443 1544 1482 membranis
1559 1443 1770 1496 purpureis

329 1513 391 1538 res
419 1507 515 1539 nota
544 1508 582 1538 et
600 1515 726 1554 nuper
750 1501 968 1540 admodum
999 1502 1089 1540 VV.
1114 1501 1197 1539 CC.
1214 1500 1486 1552 Breitingerus
1511 1506 1549 1537 ct
1582 1498 1768 1536 Blanchi-

329 1569 405 1594 nus
436 1555 486 1594 de
523 1557 570 1593 iis
615 1557 867 1595 tradiderunt
915 1557 954 1595 in
998 1555 1132 1595 libello
1171 1555 1221 1594 de
1258 1554 1454 1594 Psaltcrio
1485 1554 1693 1593 Turieensi
1731 1560 1771 1592 et

326 1609 607 1663 Evangeliario
635 1612 901 1665 quadruplici.

439 1665 534 1717 412.
558 1666 610 1705 A.
634 1668 668 1706 5.
692 1669 730 1722 [7
744 1682 805 1718 10,
828 1666 914 1720 πμ]
947 1662 1102 1717 ἕπιμίς.
1160 1667 1206 1704 In
1237 1667 1416 1718 margine
1445 1663 1772 1703 membranarum

327 1734 464 1760 recens
504 1737 674 1773 manus,
714 1725 850 1762 nescio
892 1724 1005 1761 cuius
1055 1722 1129 1760 viri
1186 1721 1317 1769 docti,
1357 1721 1643 1774 adscripserat:
1669 1720 1772 1771 sor-

328 1785 429 1815 tasse
465 1776 624 1827 ἐπωμίς
643 1808 654 1825 ,
686 1780 849 1831 quicum
877 1779 993 1817 facio.

442 1830 495 1870 A.
518 1833 558 1873 5.
586 1832 699 1887 [7¹02
723 1833 814 1887 22]
845 1833 1047 1884 βαλτίδιν.
1105 1831 1265 1870 Balcbei
1291 1831 1434 1870 diversi
1455 1845 1479 1869 a
1504 1831 1624 1869 zonis.
1685 1829 1773 1868 Hae

329 1886 506 1925 medium
534 1887 731 1927 abdomen
758 1888 1059 1928 horizontaliter
1087 1888 1382 1940 praecingunt3
1410 1885 1470 1924 illi
1500 1899 1621 1938 super
1651 1883 1773 1923 alter-

331 1950 469 1980 utrum
516 1943 731 1983 humerum
762 1952 802 1983 et
840 1952 978 1998 pectus
1021 1942 1184 1995 oblique
1227 1943 1448 1980 decurrunt
1488 1948 1528 1980 et
1567 1954 1703 1980 rursus
1748 1953 1773 1978 a

331 2005 443 2048 tergo
463 1997 626 2052 oblique
652 2000 892 2048 ascendunt,
924 2006 970 2038 ut
996 2013 1017 2037 e
1046 1998 1210 2036 Sidonio
1227 1997 1407 2049 Apollin.
1423 1996 1496 2034 1V.
1513 2010 1579 2034 20.
1613 1994 1739 2048 liquet
1756 2008 1769 2034 ε

331 2053 551 2092 viridantia
578 2069 672 2107 saga
698 2056 830 2094 limbis
856 2056 1078 2107 marginata
1115 2054 1291 2107 puniceis
1321 2052 1494 2106 penduli
1525 2064 1581 2091 ex
1614 2052 1772 2088 humero

331 2109 463 2160 gladii
492 2109 653 2147 baltheis
699 2110 1052 2165 supercurrentibus
1095 2110 1339 2146 strinxerant
1374 2115 1485 2157 etc-3
1522 2106 1573 2144 de
1604 2103 1774 2143 baltheis

334 2164 541 2216 gemmatis
576 2164 662 2203 vid.
709 2166 758 2204 ad
784 2166 926 2218 Script.
962 2165 1068 2203 Hist.
1086 2164 1190 2215 Aug.
1223 2163 1273 2200 T.
1301 2163 1331 2201 Ι.
1359 2177 1397 2215 p.
1419 2160 1486 2214 89.
1544 2159 1770 2199 Casaubon.

334 2226 374 2257 et
390 2218 557 2258 Salmas.
580 2249 591 2270 ‚
630 2222 726 2258 item
753 2222 820 2260 Du
842 2222 976 2274 Cange
1001 2219 1130 2258 Gloss.
1159 2220 1246 2256 Lat.
1270 2232 1310 2256 v.
1331 2218 1518 2256 Baltlaeus
1545 2215 1775 2270 &Dextro-

332 2275 519 2313 eber-ium.
577 2275 644 2313 Ad
678 2276 918 2315 Abulsedam
957 2288 1117 2328 quoque
1161 2273 1380 2311 monstravi
1415 2270 1627 2324 exemplis,
1665 2284 1772 2309 sum-

334 2343 446 2367 mum
478 2328 630 2368 cultum
658 2345 870 2383 procerum
896 2333 937 2370 in
965 2329 1057 2369 aula
1087 2329 1309 2381 Bagdadiea
1341 2335 1379 2366 et
1408 2329 1572 2366 caeteris
1601 2327 1774 2364 orienta-

335 2394 440 2434 libus
479 2395 598 2434 fuisse
645 2398 818 2449 positum
857 2399 899 2436 in
930 2387 1089 2460 Chai-³335,
1119 2394 1287 2433 baltheis
1316 2401 1355 2432 et
1390 2407 1435 2432 ex
1476 2392 1524 2431 iis
1551 2391 1773 2430 aestimatos

337 2450 456 2488 fuisse
483 2451 590 2489 viros
608 2481 619 2501 ‚
651 2465 696 2490 eo
727 2452 934 2507 amplioris
955 2453 1138 2491 fortunae
1156 2458 1273 2502 atque
1290 2449 1489 2502 potentiae
1504 2477 1516 2498 ,
1544 2459 1623 2500 quo
1643 2443 1775 2497 splen-

338 2504 512 2544 didiores
543 2520 642 2545 auro
672 2514 711 2545 et
737 2510 901 2560 gemmis
923 2539 933 2556 ,
965 2507 1167 2559 magisque
1191 2504 1354 2544 floribus
1373 2503 1527 2542 sericeis
1543 2503 1667 2554 pictos
1686 2498 1774 2537 bal-

336 2559 450 2599 theos
478 2569 631 2613 gerant.
657 2561 718 2601 Ut
746 2563 890 2603 Noster
919 2558 1050 2614 ζώνην
1073 2561 1118 2601 ἐκ
1140 2558 1270 2599 λίθων
1295 2555 1442 2609 τιμίων
1469 2553 1773 2606 κεκοσμημένην

337 2614 443 2652 inter
469 2616 619 2655 brabea
651 2620 828 2670 magistri
856 2631 1060 2657 sacrorum
1092 2615 1312 2654 officiorum
1341 2618 1555 2659 memorat,
1588 2610 1641 2648 ita
1671 2623 1777 2660 quo-

337 2682 414 2720 que
447 2670 517 2708 lvo
530 2672 781 2712 Carnotensis
812 2674 1059 2713 inChronieo
1087 2670 1206 2724 (apud
1233 2671 1299 2708 Du
1327 2668 1519 2719 Cangium
1550 2678 1591 2703 v.
1609 2665 1774 2704 Baltlae-

339 2726 393 2771 us)
424 2733 617 2764 memorat
645 2727 813 2767 baltheos
859 2729 1041 2781 gemmeis
1078 2727 1237 2765 culturis
1273 2726 1478 2762 honoratos
1541 2728 1580 2758 et
1620 2718 1778 2771 cingula

340 2791 438 2816 auro
467 2789 634 2833 compta.
692 2783 803 2823 Zona
822 2791 999 2824 veterum
1014 2811 1026 2833 ‚
1058 2795 1160 2833 quae
1178 2780 1362 2831 deinceps
1390 2790 1462 2830 pro
1491 2773 1673 2829 symbolo
1702 2773 1776 2812 ho-
