1884 3132
311 134 386 176 An
423 131 760 176 Arrmnlcm
799 133 900 172 ms.
938 132 971 170 1.
1015 132 1086 172 DE
1123 126 1381 174 CEmMON.
1462 111 1573 188 593

141 233 238 275 Hoc
258 241 319 274 est
337 234 439 275 illud
466 232 717 287 παράθνρον
742 230 992 286 προσκήνιον
1010 262 1023 280 ,
1062 232 1172 286 quod
1198 240 1393 272 memorat
1419 234 1574 274 Nicetas

140 301 235 343 pag.
257 289 351 328 203.
373 291 423 328 C.
443 305 484 344 7.
499 305 511 329 τ
547 285 569 327 ὅ
608 285 808 340 βασιλεὺς
847 284 1107 339 τραπόμενος
1135 287 1197 333 εἰς
1221 282 1407 327 ἑστίασιν
1433 289 1575 327 πᾶσαν

140 344 227 385 ταῖν
253 341 443 395 ἀρχαίων
471 343 597 395 ἀνῆκε
642 340 776 394 πύλην
805 334 973 381 αὔλειον
1002 341 1077 380 καί
1111 337 1362 393 παρά-’ὴνρον
1392 340 1575 408 προσκᾷ-

139 410 230 438 νιον
245 427 258 448 ,
289 393 398 438 ὥστε
437 393 534 444 τούς
569 396 847 447 βουλομένους
889 395 1063 435 εἰσιέναι
1100 396 1174 435 καί
1214 396 1400 435 θεᾶσθαι
1441 397 1574 437 αιῖτον

141 453 435 504 τροπαιοῦχον.
490 453 636 491 Coram
664 450 814 504 palatio
843 464 983 502 regum
1009 450 1265 489 Persicorum
1283 465 1367 490 esse
1384 451 1465 491 tale
1481 453 1572 505 pul-

169 509 301 557 itum,
331 507 486 560 asylum
515 506 608 545 illuc
636 504 974 557 confugientibus,
1020 506 1183 544 memini
1212 506 1320 558 apud
1346 506 1574 547 sansonum

138 521 285 614 I'egere.
340 561 398 601 Et
424 575 576 600 morem
602 561 721 599 fuisse
750 560 986 598 Latinorum
1014 573 1175 612 quoque
1202 560 1322 598 medii
1357 564 1444 600 aevi
1483 562 1574 615 pul-

168 618 224 655 ita
249 630 385 655 coram
410 615 562 655 foribus
587 615 749 654 aedium
776 628 940 653 suarum
971 614 1169 663 struendi,
1193 622 1303 666 patet
1337 617 1585 659 eChronico

200 671 391 714 urisbam.
427 684 534 710 anno
574 668 694 723 948.:
727 670 960 723 paradisum
998 678 1116 707 totum
1150 667 1315 722 plumbo
1349 674 1568 725 cooperuit,

133 724 294 780 pulpita
319 734 409 764 ante
420 734 559 780 portas
585 723 755 763 eiusdem
777 724 966 778 paradisi
971 723 1214 775 jabrt'cavit,

244 780 294 819 Β.
314 781 356 821 5.
377 779 487 834 [507,
509 778 573 833 4.]
603 771 662 824 εἷς
686 773 813 829 ἅγιος.
869 779 931 816 lta
951 777 1051 816 mihi
1082 779 1190 818 visus
1219 778 1275 816 sui
1300 780 1342 817 in
1372 779 1572 820 membra-

135 834 203 874 nis
225 835 429 887 reperisse.
486 835 534 873 In
568 832 840 886 superioribus
868 847 985 885 saepe
1014 839 1073 872 est
1114 827 1173 878 εἷς
1207 828 1325 884 ἅγιος
1342 863 1355 884 ,
1394 849 1435 872 es
1477 850 1571 874 san—

137 898 219 928 ctus
239 889 300 928 vel
326 889 572 938 wraemhilz‘s,
604 888 714 941 quod
745 887 846 926 forte
873 887 1209 941 praeferendum3
1237 884 1356 940 ἅγιος
1383 890 1488 928 enim
1513 894 1573 930 est

137 941 278 982 titulus
298 944 536 996 Imperatori
567 949 809 995 competens.

248 998 298 1037 C.
318 999 358 1038 3.
377 997 473 1052 [507
493 1027 505 1048 ‚
543 1012 556 1036 1
571 996 628 1051 ι.]
668 995 927 1036 ἀσκέπαστον
963 988 1238 1046 ἱππόδρομον.
1297 996 1470 1036 Videtur
1493 1011 1574 1038 non

137 1059 276 1091 tectum
299 1053 364 1092 vel
382 1055 583 1107 apricum,
614 1051 691 1090 sub
713 1051 823 1090 nudo
847 1051 942 1089 love
962 1050 1134 1103 positum
1149 1079 1162 1100 ,
1189 1051 1362 1103 addere,
1388 1062 1572 1106 respectu

135 1105 276 1145 habito
304 1107 356 1146 ad
382 1109 554 1160 porticus
581 1107 690 1146 circi.
748 1105 849 1144 Vult
875 1119 968 1157 ergo
993 1104 1163 1142 mediam
1208 1121 1342 1145 aream
1358 1137 1369 1156 ‚
1409 1108 1450 1146 in
1492 1121 1574 1161 qua

137 1160 357 1200 decurrunt
386 1164 477 1215 equi
509 1168 728 1211 certantes,
766 1160 988 1212 designare.
1043 1158 1122 1197 Sed
1161 1167 1207 1198 ut
1242 1175 1382 1200 verum
1417 1162 1572 1213 fatear,

137 1214 271 1255 locum
290 1216 399 1256 hunc
419 1231 499 1255 non
523 1216 700 1269 intelligo
719 1244 732 1266 ,
762 1223 809 1254 ut
830 1214 977 1253 multos
1005 1213 1103 1252 alios
1117 1243 1129 1264 ,
1160 1217 1230 1267 qui
1267 1218 1575 1270 topographiam

137 1269 339 1310 Cptanam
379 1278 556 1324 spectant
574 1301 586 1321 ‚
623 1284 722 1324 quos
761 1283 879 1308 nemo
923 1282 1099 1321 unquam
1131 1270 1347 1323 intelliget,
1386 1273 1461 1310 nisi
1501 1274 1573 1325 qui

137 1322 227 1364 loca
252 1327 338 1378 ipsa
365 1326 613 1378 spectaverit.
667 1326 805 1374 Quum
837 1338 935 1363 vero
963 1323 1051 1361 loca
1073 1322 1140 1360 illa
1170 1324 1367 1364 destructa
1387 1334 1428 1364 et
1455 1341 1571 1378 pror-

139 1392 207 1418 sus
225 1387 378 1418 mutata
400 1381 502 1428 sint,
531 1379 643 1418 facile
670 1379 818 1431 liquet,
860 1392 1046 1430 magnam
1082 1385 1237 1429 partem
1266 1380 1384 1419 huius
1421 1381 1570 1421 codicis

138 1434 183 1472 in
209 1441 414 1473 aeternum
440 1436 672 1487 mysterium
700 1434 798 1471 sore.
852 1433 988 1471 Potest
1023 1446 1187 1483 quoque
1226 1434 1266 1471 id
1302 1449 1346 1472 ex
1375 1435 1451 1473 hoc
1481 1436 1570 1475 loco

138 1501 221 1527 11011
250 1490 336 1527 sine
362 1491 532 1527 maxima
558 1487 838 1541 probabilitate
868 1486 982 1532 effici,
1014 1487 1095 1524 duo
1122 1486 1241 1525 fuisse
1272 1488 1409 1527 Circos
1438 1489 1535 1528 CPli
1553 1520 1568 1541 ‚

138 1556 268 1581 unum
305 1546 547 1596 superiorem
586 1543 739 1581 dictum
760 1571 771 1588 ‚
812 1540 910 1579 velis
948 1554 1018 1592 per
1057 1541 1211 1578 circum
1247 1543 1423 1581 medium
1452 1555 1571 1596 super

138 1596 309 1637 chordas
336 1599 516 1637 diductas
542 1599 662 1636 tentis
692 1604 731 1634 et
758 1597 935 1634 instratis
965 1609 1045 1633 non
1072 1601 1223 1633 tectum
1242 1626 1254 1648 ,
1284 1593 1358 1635 τὸν
1386 1596 1569 1637 doninu-

137 1665 268 1702 στον,
293 1651 419 1691 alium
447 1653 673 1692 inferiorem
701 1651 876 1698 dictum,
922 1649 1021 1688 velis
1050 1656 1214 1689 tectum.
1271 1651 1350 1690 Sed
1379 1651 1478 1690 haec
1506 1664 1569 1693 res

138 1706 193 1745 ad
220 1707 447 1747 Circensem
473 1707 781 1760 disputationem
811 1707 983 1758 pertinet
997 1735 1009 1756 ,
1052 1717 1175 1757 quam
1210 1708 1252 1744 in
1293 1708 1568 1758 superioribus

137 1761 360 1801 attulimus.

246 1817 294 1855 C.
318 1832 357 1870 7.
381 1815 497 1871 [5⁰7²
524 1816 600 1871 14.]
623 1813 786 1869 αἴτησις
816 1812 996 1865 δεξᾲιου.
1052 1816 1094 1854 Si
1121 1814 1219 1869 quid
1248 1813 1300 1852 ab
1325 1811 1570 1869 Imperatore

137 1879 299 1922 cuperet
327 1872 514 1924 populus,
543 1873 586 1911 id
613 1872 720 1910 claro
748 1871 921 1910 clamore
946 1871 986 1907 in
1005 1869 1119 1909 Circo
1140 1870 1357 1922 flagitabat}
1387 1873 1562 1921 Quando

137 1925 263 1977 igitur
291 1925 512 1979 flagitarent
537 1941 579 1965 se
612 1927 662 1965 ad
693 1925 958 1965 venerandam
976 1939 1128 1963 sacram
1168 1939 1386 1978 purpuram
1412 1927 1568 1966 admitti

139 1979 362 2032 gratulandi
408 1983 534 2034 gratia
576 1981 629 2020 ob
653 1989 792 2020 natum
819 1979 1057 2028 haeredem,
1101 1979 1154 2019 ob
1193 1979 1346 2018 felicem
1374 1979 1427 2017 ab
1454 1981 1568 2020 hoste

138 2035 246 2072 victo
273 2035 471 2085 reditum,
498 2036 550 2074 ob
583 2036 744 2074 ductam
773 2035 997 2087 Augustam
1026 2034 1134 2073 thori
1163 2034 1309 2073 sociam
1326 2064 1336 2080 ‚
1369 2034 1422 2072 ob
1450 2044 1566 2075 nata-

138 2087 196 2126 les
224 2089 379 2142 imperii
406 2097 446 2128 et
471 2091 689 2129 nativitatis
716 2097 927 2129 renovatos
945 2119 955 2135 ,
993 2096 1031 2127 et
1059 2089 1134 2127 alia
1175 2089 1294 2134 talia,
1330 2096 1429 2127 tunc
1458 2090 1566 2129 dice-'-

137 2141 259 2181 batur
285 2141 447 2196 αἴτησις
477 2144 553 2182 τοῦ
572 2144 737 2194 ὁέξιῖιιου
754 2175 763 2192 ‚
777 2144 982 2199 flagitatio
1015 2144 1252 2198 exceptionis
1275 2142 1339 2181 vel
1364 2154 1566 2198 exspecta-

138 2198 252 2236 tionis
280 2199 381 2236 fieri.
437 2198 536 2236 Nam
573 2195 618 2237 τὸ
649 2200 814 2248 δέξιμον
846 2199 951 2236 idem
981 2206 1037 2236 est
1065 2206 1186 2250 atque
1224 2196 1328 2247 15⁰1&
1351 2227 1363 2246 ,
1401 2202 1566 2252 receptio

135 2252 381 2292 advenientis
403 2260 472 2291 aut
484 2255 737 2306 praestolatio
756 2253 976 2298 adventuri,
1012 2261 1081 2291 aut
1107 2253 1213 2291 idem
1241 2252 1350 2303 quod
1379 2251 1566 2299 δεξίωσις

135 2307 216 2345 τοῦ
242 2303 543 2359 προσελθόντος
558 2338 571 2356 ,
612 2309 871 2346 beneventano
911 2321 1042 2345 mmm
1089 2308 1344 2345 advenientis.
1397 2307 1452 2344 Et
1480 2308 1564 2347 fien‘

138 2358 303 2411 δέξιμον
352 2361 559 2400 dicebatur
578 2391 588 2408 ‚
629 2362 787 2414 quando
828 2363 1049 2413 Imperator
1090 2374 1270 2414 proceres
1307 2367 1345 2398 et
1383 2370 1564 2401 senatum

137 2415 337 2454 urbanum
373 2423 411 2454 et
454 2418 659 2469 magistros
701 2417 918 2455 factionum
958 2416 1008 2454 ad
1035 2429 1076 2453 se
1111 2415 1362 2454 adorandum
1397 2423 1437 2454 et
1483 2417 1560 2455 sibi

136 2470 418 2521 gratulandum
446 2471 685 2509 admitteret.

246 2525 300 2563 D.
324 2540 359 2563 1.
378 2525 490 2579 [5⁰72
521 2526 598 2578 17.]
629 2521 909 2575 κυριωνύμου.
942 2523 1179 2562 Patriciatus
1196 2525 1342 2562 dicitur
1369 2526 1424 2563 sic
1439 2554 1450 2574 ‚
1469 2526 1564 2578 quia

139 2585 228 2670 ζῆ
266 2578 493 2632 Augustum
534 2580 708 2632 patriciis
746 2580 905 2631 proprie
946 2579 1194 2630 competebat
1224 2579 1366 2617 titulus
1405 2577 1562 2630 κύριος.

198 2634 237 2683 gi
264 2634 306 2670 in
333 2635 521 2687 Procopii
557 2634 754 2673 Anecdot.
783 2633 915 2671 locum
937 2662 949 2682 ,
994 2633 1100 2671 unde
1127 2633 1203 2671 hoc
1233 2633 1395 2686 probari
1421 2637 1560 2686 possit.

139 2685 218 2724 Sed
247 2700 328 2725 non
355 2691 539 2736 enotavi,
570 2702 699 2742 neque
724 2702 833 2726 nunc
862 2689 1068 2741 quaerenti
1103 2690 1313 2727 succurrit.
1371 2687 1434 2727 Cl.
1463 2689 1562 2729 Cor-

186 2762 446 2798 constantinus
470 2763 646 2811 Porphyr.
674 2763 749 2798 Vol.
774 2764 822 2798 II.
1264 2764 1308 2798 38
