1884 3132
210 142 288 185 ΑΙ)
325 143 622 187 consum.
661 135 858 188 roam.
899 147 971 186 DE
1009 146 1191 187 enam.
1232 147 1331 186 Lm.
1374 149 1427 187 11.
1465 127 1577 201 839

130 254 241 301 quet.
301 249 427 289 Forte
455 248 515 289 illi
544 249 709 289 fuerunt
735 249 844 302 quod
865 249 980 289 nobis
1007 250 1128 290 hodie
1146 258 1239 289 sunt
1258 252 1317 289 sic
1343 250 1438 288 dicti
1459 250 1574 288 Licu-

130 310 303 348 tenuras,
334 303 376 342 hi
404 311 535 343 autem
562 304 671 357 quod
698 305 814 343 nobis
850 305 1055 359 Capomls.
1125 305 1316 344 Centurio
1351 304 1575 357 spathario-

130 370 223 395 rum
248 361 409 412 strategi
450 359 566 398 docet
582 388 594 410 ,
631 367 849 413 strategum
877 374 1075 413 quemque
1101 362 1321 399 centuriam
1349 359 1572 412 spathario—

130 425 224 451 rum
258 427 392 452 secum
432 414 590 453 duxisse
639 428 708 452 seu
754 414 926 452 militum
972 415 1292 468 pompaticor'um
1347 422 1386 453 et
1436 423 1573 467 prote-

130 473 287 508 ntorum
314 468 476 507 natione
503 469 804 517 Romanorum,
840 471 910 522 qui
940 471 1071 522 ipsum
1096 470 1378 522 procedentem
1406 477 1476 508 aut
1502 483 1575 522 pe-

128 520 232 560 dites
258 522 460 575 peditem,
508 531 578 562 aut
611 526 762 576 equites
794 525 991 577 equitem,
1036 531 1215 576 gerentes
1249 525 1370 563 fultas
1398 524 1575 563 humeris

129 576 259 615 nudas
278 577 572 630 rhomphaeas,
600 579 813 631 stipabant.
874 579 961 618 Hoc
988 581 1124 633 gentis
1148 580 1400 632 gestaminiS,
1435 579 1573 618 rhom-

129 629 350 684 phaearum
375 641 471 686 puta
487 661 499 682 ,
527 632 757 672 discrimine
783 632 835 671 ab
863 633 988 673 altero
1017 641 1291 686 protectorum
1319 648 1461 688 genere
1488 649 1575 674 sese

129 685 453 739 distinguebant,
497 687 645 726 scilicet
671 688 723 727 ab
754 689 939 727 Hetaeria
978 689 1043 727 vel
1082 689 1288 736 Hetaeris‚
1346 690 1413 742 qui
1460 697 1574 728 erant

131 738 376 794 alienigenae
432 749 471 781 et
511 756 667 781 secures
707 742 838 782 aliave
871 757 1010 792 arma,
1064 745 1231 797 quisque
1272 744 1433 797 gentilia
1470 744 1571 794 sibi,

129 796 354 848 gestabant.
443 797 830 837 Protocancellarius
873 805 958 837 erat
1008 799 1198 851 magister
1238 798 1573 838 cancellariorum

129 863 198 888 seu
229 851 484 891 ostiariorum
518 852 582 891 vel
623 852 977 892 admissionalium.
1036 853 1204 893 Stabant
1237 855 1345 893 enim
1382 853 1434 892 ad
1474 867 1573 892 can-

130 903 253 944 cellos
281 914 320 945 et
346 905 461 957 vela,
500 921 603 959 quae
638 907 893 947 admittendis
932 908 983 947 ad
1009 915 1227 961 strategum
1270 916 1310 947 et
1345 907 1570 947 emittendis

130 960 363 1012 aperiebant
388 968 428 1000 et
453 961 668 1001 tollebant.
719 963 1056 1002 Protomandator
1083 971 1216 1002 autem
1244 964 1428 1015 magister
1456 977 1572 1001 man-

125 1013 341 1068 datorum,
371 1016 440 1070 qui
466 1016 708 1069 perferendis
737 1017 958 1067 mandatis,
1003 1017 1079 1056 hoc
1120 1025 1179 1056 est
1219 1017 1578 1070 significationibus

127 1071 291 1124 strategi
318 1071 371 1110 ad
385 1071 695 1124 Imperatorem,
723 1079 762 1112 et
777 1073 950 1125 imperiis
964 1072 1015 1111 ad
1034 1072 1229 1126 legionem
1248 1073 1428 1126 deputati
1441 1079 1570 1111 erant.

242 1126 294 1164 C.
320 1124 363 1176 4.
394 1125 506 1179 [716‚
532 1126 616 1181 1*8-]
643 1127 890 1179 προεξημος.
944 1128 1094 1166 Procul
1114 1128 1242 1166 dubio
1266 1142 1348 1166 non
1371 1128 1475 1166 alius
1494 1135 1566 1174 est,

124 1192 254 1232 quam
279 1181 513 1233 proximus3
539 1183 743 1234 proximus
769 1196 794 1221 a
820 1182 946 1234 gradu
973 1182 1306 1234 domesticorum,
1336 1196 1476 1222 eorum
1508 1185 1568 1221 vi-

129 1235 262 1274 carius
285 1242 325 1274 et
354 1238 647 1289 praesumtivus
672 1251 888 1276 successor.

241 1289 289 1328 C.
316 1288 359 1328 5.
390 1290 503 1356 [7¹6‚
528 1289 607 1344 ¹9·]
646 1284 941 1345 εὖτυχοφόροι.
998 1291 1084 1331 Pro
1097 1284 1410 1342 εὖτυχιοφόροι,
1440 1298 1484 1329 ut
1504 1293 1569 1330 in-

126 1341 193 1381 fra
217 1341 496 1397 δεησογραφοι
531 1359 606 1397 pro
651 1344 974 1399 δεησιογρτίφοις
1004 1347 1088 1390 vid,
1116 1347 1220 1383 dicta
1248 1345 1297 1384 ad
1326 1359 1366 1397 p.
1395 1345 1488 1388 332.
1511 1346 1571 1385 D.

132 1411 175 1451 7.
231 1397 360 1437 Erant
386 1412 484 1451 ergo
508 1400 620 1452 signa
651 1400 841 1439 victoriae
875 1408 915 1440 et
942 1408 1099 1454 sceptra
1132 1399 1338 1438 scholariis
1372 1401 1564 1452 propria,

130 1451 325 1491 dracones
349 1460 508 1503 autem,
552 1453 662 1493 aliud
689 1453 821 1493 vexilli
848 1469 970 1508 genus
1008 1457 1101 1494 satis
1140 1462 1304 1499 notum,
1362 1455 1569 1492 excubito—

128 1506 261 1557 ribus,
289 1508 612 1560 quandoquidem
639 1508 759 1562 paulo
785 1517 873 1561 post
895 1509 949 1548 h.
979 1509 1010 1548 l.
1031 1511 1074 1548 in
1101 1508 1230 1548 officio
1258 1508 1463 1546 domestici
1499 1523 1567 1547 ex-

130 1561 359 1601 cubitorum
390 1563 615 1602 draconarii
642 1572 935 1603 memorantur-2

240 1615 284 1655 C.
313 1616 353 1655 6.
395 1617 508 1672 [7¹6⁹
538 1620 620 1672 ¹9·]
653 1615 942 1667 ἀξιωματικοί.
1000 1619 1174 1668 Quinam
1210 1615 1252 1654 hi
1283 1618 1364 1655 sint
1390 1617 1567 1669 peculia-

122 1672 231 1709 riter
242 1672 299 1709 ita
325 1671 435 1718 dicti,
458 1686 541 1711 non
567 1674 677 1711 novi.
736 1673 840 1712 Nam
867 1686 1005 1710 omnes
1031 1685 1270 1725 quocunque
1295 1672 1455 1710 tandem
1478 1672 1573 1710 offi—

124 1727 195 1764 ,cio
211 1733 280 1764 aut
297 1726 489 1779 dignitate
516 1729 639 1765 macti
657 1734 771 1765 erant
800 1725 1074 1777 ἀξιωματικοί
1094 1733 1163 1766 aut
1189 1728 1404 1764 lzonomrii.
1441 1727 1566 1764 Sunt-

130 1793 183 1818 ne
210 1781 331 1833 igitur
366 1781 432 1819 hic
459 1781 536 1820 loci
566 1782 757 1834 designati
786 1781 906 1819 iidem
936 1796 1030 1820 cum
1060 1785 1147 1826 τοῖς
1174 1778 1245 1819 ἐπί
1270 1781 1353 1818 ταῖν
1380 1778 1569 1829 ιῖξιωμά-

129 1847 228 1881 των,
259 1842 304 1872 ut
330 1835 476 1887 p.42o.
503 1835 553 1878 A.
572 1835 648 1874 ult.
668 1835 933 1889 appellantur,
955 1835 1048 1886 illis,
1071 1837 1338 1891 quipnzesunb
1350 1836 1565 1873 axiomati-

129 1888 199 1926 bus
217 1892 237 1927 ?
270 1889 374 1928 Sunt
393 1897 527 1929 autem
554 1888 772 1940 ἀξιώματα
802 1890 863 1929 ibi
890 1890 966 1929 loci
995 1889 1212 1943 sportulae,
1242 1890 1563 1937 consuetudines,

130 1956 233 1996 quae
261 1958 283 1981 a
315 1958 450 1984 recens
477 1946 669 1998 promotis
694 1945 757 1983 vel
783 1944 988 1983 honoratis
1016 1959 1061 1983 ex
1088 1953 1177 1984 taxa
1195 1944 1483 1996 pendebantur,
1518 1952 1566 1982 ut

130 1996 334 2062 colligitur
358 2014 380 2038 e
407 2000 539 2039 verbis
566 2000 795 2039 immediate
819 1999 1074 2052 sequentibus
1103 1998 1146 2038 oz*
1166 1996 1238 2036 καί
1256 1994 1482 2047 συνάγουσι
1509 1995 1568 2036 τὰ

130 2049 348 2102 ιῖξιωματα
374 2052 489 2106 παρὰ
517 2054 599 2093 τῶν
634 2049 928 2104 λαμβανόντων
965 2051 1039 2099 τὰς
1075 2052 1210 2101 ἀξίας.
1277 2051 1394 2091 Nulla
1430 2059 1570 2091 tamen.

129 2108 232 2145 ratio
261 2115 367 2159 patet
383 2138 394 2156 ,
429 2123 555 2162 quare
580 2109 623 2148 hi
653 2109 706 2148 ad
735 2109 938 2147 domestici
965 2107 1191 2147 scholarum
1219 2106 1395 2145 officium
1426 2109 1564 2160 magis,

129 2175 251 2214 quam
280 2162 441 2202 alterius
468 2165 745 2216 pertinuerint.

239 2216 292 2255 D.
323 2217 509 2272 4.[717‚
528 2218 592 2272 6.]
620 2215 886 2270 σκευοφόροι.
944 2217 1084 2256 Monui
1113 2216 1164 2255 ad
1195 2231 1236 2269 p.
1264 2216 1356 2255 532.
1395 2216 1457 2254 D.
1489 2230 1564 2255 an-

128 2275 226 2323 tep.‚
268 2272 365 2310 mihi
398 2273 523 2311 videri
563 2269 688 2324 σκεύη
725 2271 906 2325 generale
935 2286 1079 2310 nomen
1119 2271 1353 2310 vexillorum
1383 2271 1564 2310 omnium

130 2338 228 2363 esse.
288 2326 364 2364 Hic
401 2333 533 2365 tamen
570 2327 647 2365 loci
677 2334 716 2365 et
749 2326 847 2365 alibi
879 2326 988 2365 velut
1016 2327 1171 2365 diversa
1199 2332 1403 2378 ponuntur
1435 2324 1563 2377 σκεύη

128 2386 170 2418 et
196 2375 313 2430 σι’γνα
342 2388 381 2419 et
407 2381 559 2434 reliqua
586 2396 730 2434 genera
757 2380 1006 2420 vexillorum.
1064 2381 1174 2433 Ergo
1202 2380 1348 2419 debent
1365 2378 1567 2432 peculiare

127 2434 331 2486 quoddam
354 2449 492 2474 eorum
508 2450 631 2488 genus
645 2436 776 2475 fuisse.
819 2437 928 2485 Quid
952 2437 984 2474 si
997 2449 1092 2487 ergo
1106 2435 1170 2473 hie
1194 2435 1388 2487 designati
1415 2446 1560 2472 σκευο-

130 2484 257 2540 φόροι
285 2491 325 2527 in
356 2491 482 2529 contis
511 2491 702 2543 trophaea
732 2491 920 2542 gesserint
938 2519 949 2539 ,
990 2490 1031 2528 id
1060 2497 1118 2528 est
1152 2497 1278 2528 totum
1308 2495 1561 2541 apparatum,

129 2538 208 2593 τήν
228 2538 327 2594 ὅλην
353 2541 518 2595 σκευήν,
549 2545 698 2584 militis.
731 2545 817 2598 Ego
842 2544 1001 2597 quidem
1022 2543 1157 2583 nullus
1185 2544 1341 2589 dubito,
1372 2542 1564 2594 trophaea

130 2596 235 2634 inter
261 2601 371 2651 signa
399 2599 585 2638 militaria
613 2614 770 2652 quoque
796 2599 969 2651 praelata
998 2599 1142 2648 fuisse,
1182 2613 1305 2651 quum
1344 2597 1444 2636 nihil
1474 2611 1560 2636 ma-

130 2651 189 2701 gis
221 2653 384 2692 militem
412 2654 571 2693 deceret
588 2683 599 2702 ,
642 2654 742 2692 nihil
770 2654 1041 2706 auspicatioris
1069 2654 1142 2706 ipsi
1176 2657 1226 2692 sit
1253 2652 1409 2698 ominis,
1439 2666 1562 2704 quam

130 2705 362 2757 trophaeum
379 2739 394 2758 ‚
421 2709 662 2763 firmiterque
694 2709 788 2749 mihi
816 2723 1048 2762 persuasum
1075 2707 1229 2760 habeo,
1263 2709 1418 2762 signum
1455 2706 1563 2748 mili-
