1884 3132
306 120 414 188 442
618 138 691 180 10.
733 139 837 181 IAC.
878 142 1074 183 Rssisxn
1111 140 1489 184 (ιοΜΜΕΝΤΑιιιι

309 244 459 283 mentio
488 251 547 284 est
576 245 682 298 apud
711 246 922 299 scriptores
950 246 1142 299 sequioris
1175 247 1283 298 aevi,
1315 261 1488 302 quorum
1515 248 1663 288 nubem
1691 251 1749 290 ci-

307 301 410 339 tavit
436 301 503 338 Du
532 300 667 355 Gange
697 315 736 341 v.
769 302 950 357 Οζγρειις.
1006 302 1116 341 Idem
1145 302 1195 341 de
1225 303 1414 343 Chazar'is
1441 317 1602 357 quoque
1628 306 1750 344 refert

311 356 598 395 Constantinus
637 356 687 396 de
735 357 886 396 admin.
927 359 1024 410 imp.
1074 372 1110 397 c.
1144 357 1211 397 58.
1268 359 1347 398 Sed
1375 360 1459 398 eius
1487 366 1616 398 aetate
1642 361 1749 413 apud

310 411 444 463 Impp.
478 411 663 451 CPtanos
696 412 824 452 desiei
816 421 867 452 at
896 412 963 452 ille
990 427 1075 451 mos
1095 443 1107 463 ,
1147 420 1192 452 ut
1217 427 1263 452 ex
1292 428 1340 453 eo
1359 428 1440 453 non
1461 413 1611 468 absque
1631 429 1750 455 causa

309 466 547 530 conficitur,
578 468 687 520 quod
716 469 758 506 in
788 483 907 522 supcl
909 468 1061 507 loribus
1090 468 1160 507 illo
1188 471 1344 523 capite,
1375 484 1456 522 quo
1481 471 1751 511 coronationis

308 522 407 561 litus
435 530 701 573 enarrantur,
730 523 844 563 nulla
874 526 958 563 eius
985 526 1137 569 mentio
1166 524 1226 562 fit.
1283 525 1509 564 Revocatus
1534 533 1669 564 tamen
1707 527 1750 565 in

307 591 425 616 usum
454 577 574 617 fuerit
603 593 760 618 necesse
788 587 846 619 est
874 587 1002 618 aetate
1031 579 1353 628 Comnenorum⁷
1383 588 1455 620 aut
1479 580 1601 634 paulo
1627 588 1748 634 post,

307 633 634 687 quandoquidem
663 635 831 674 Ioannes
851 636 1153 675 Cantacuzenus
1174 636 1395 688 Imperator
1422 637 1466 675 in
1486 637 1751 690 descriptione
1778 646 1784 652 ’

307 690 603 741 coronationis,
643 690 772 743 qualis
802 705 937 730 secum
966 698 1006 730 et
1033 705 1105 730 sua
1133 698 1261 730 aetate
1290 691 1470 731 instituta
1497 691 1593 741 fuit,
1635 706 1747 731 com-

307 752 505 784 memmat
532 759 693 798 quoque
721 760 854 799 legem
884 761 1003 800 super
1031 753 1143 785 scuto
1172 746 1375 785 sedentem
1406 754 1445 786 et
1472 761 1495 786 a
1523 747 1752 815 patriarcha

309 800 476 853 aliisque
496 816 543 854 pl
545 815 636 839 occi
639 802 755 840 1bus
747 816 787 840 ιιι
806 801 933 841 altum
963 802 1179 841 sublatum.
1211 802 1348 841 Verba
1375 801 1473 842 haec
1501 810 1619 842 sunt:
1651 816 1749 868 περι

308 854 507 906 δευτέραν
538 854 721 906 μάλιστα
758 851 875 910 ὥραν
919 857 991 909 τῆς
1020 855 1180 910 ἦιιέρας
1213 858 1291 896 τοῦ
1315 855 1536 907 μέλλοντος
1563 855 1750 924 χρισθή-

305 911 460 950 σεσθαι
488 911 690 962 βασιλέως
719 911 790 950 ἐπὶ
827 911 1003 959 α’σπίὸος
1042 911 1318 958 καθεσθέντος
1341 941 1353 963 ,
1400 910 1423 950 ὅ
1449 908 1697 979 βασιλεὺς
1675 926 1748 952 και

307 961 443 1018 πατὴρ
484 966 561 1005 τοῦ
589 966 869 1017 dva709svopcs
862 967 945 1006 ’νου
995 964 1062 1020 (εἰ
1081 980 1126 1018 γε
1155 966 1356 1030 περίεστι)
1387 981 1457 1006 και
1488 981 1508 1005 ο
1540 965 1750 1035 πατριάρ-

304 1034 385 1085 χης
413 1021 496 1059 τῶν
521 1019 790 1087 ἑμπροσθιων
827 1036 968 1073 μερων
995 1018 1312 1073 επιλαβόιιενοι,
1344 1022 1426 1061 τῶν
1466 1021 1505 1061 δ’
1523 1019 1751 1062 ἑπιλοίπών

307 1073 346 1115 οἱ
374 1074 418 1114 ἐν
445 1070 654 1126 αξιώιιατι
682 1074 953 1144 ὑπερέχοντες
994 1075 1195 1116 δεσπόται
1235 1089 1279 1115 τε
1316 1091 1385 1116 και
1416 1073 1749 1131 σεβαστοκρᾰτο-

307 1144 399 1184 ρες,
430 1127 543 1182 εἴπερ
578 1129 706 1179 εἰσιν,
749 1128 799 1197 ἢ
809 1129 847 1172 οἱ
878 1130 1198 1195 ἐπιφανέστατοι
1228 1133 1308 1171 τῶν
1314 1133 1647 1199 συγκλητικων,
1677 1133 1751 1172 καί

305 1184 628 1249 μετεωρίσαντες
643 1219 656 1238 ,
698 1200 756 1232 ως
782 1183 843 1226 ὲνι
870 1182 1077 1250 μάλιστα,
1127 1181 1256 1226 αὐτὸν
1292 1180 1381 1237 ἅμα
1409 1188 1461 1242 τῇ
1486 1162 1647 1226 α’σπίὸι
1661 1191 1749 1235 τοῖς

305 1237 511 1293 πλήθεσιν
538 1237 846 1282 ἐπιδεικνύουσι
869 1238 940 1282 τὸν
966 1242 1143 1293 βασιλέα
1172 1239 1375 1281 πάντοθεν
1401 1243 1752 1295 περιισταμένοις.

306 1296 368 1335 Cl.
398 1296 627 1360 Schwartz,
668 1297 1298 1352 Pros.Altorfinus,A.1710.
1338 1296 1657 1338 dissertationem
1695 1298 1748 1338 de

306 1352 471 1404 antiquo
500 1353 579 1391 ritu
608 1352 791 1391 elevandi
818 1355 1018 1406 principes
1047 1329 1344 1406 inaugulandos
1373 1353 1511 1392 edidit.

417 1408 469 1445 D.
486 1407 528 1446 6.
555 1407 668 1462 [422
703 1407 788 1462 ¹2.]
817 1407 868 1448 τὰ
900 1405 1112 1460 βασιλικὰ.
1142 1384 1261 1451 t>Scil
1283 1404 1517 1461 ἐσθήματα.
1575 1408 1748 1464 *[00Γο-

308 1476 378 1512 na,
408 1461 587 1517 chlamys
615 1463 863 1514 holoserica,
894 1464 1068 1503 coccinei
1099 1462 1377 1516 lapidibusque
1404 1465 1585 1517 pretiosis
1620 1467 1749 1505 inter-

306 1518 439 1558 stincti
469 1518 590 1558 calcei
619 1526 713 1558 sunt
742 1519 911 1573 insignia
941 1520 1250 1571 Imperatoium.
1284 1519 1492 1558 Constant.
1516 1521 1602 1559 Vit.
1622 1520 1745 1560 Basil.

309 1574 356 1616 C
379 1574 494 1612 XXI.
538 1575 728 1613 Discessit
768 1576 968 1614 Lazorum
1004 1576 1086 1614 Rex
1115 1575 1289 1614 Tzathas
1326 1573 1509 1641 φορέσας
1545 1574 1748 1629 στέφανον

306 1643 374 1668 και
408 1625 606 1692 χλαιιύὸα
635 1626 857 1682 βασιλικὴν
877 1644 1089 1695 ασπραν,
1141 1626 1322 1681 ἔχουσαν
1350 1626 1498 1669 ταυλιν
1522 1630 1712 1682 χρυσοῦν
1731 1660 1746 1681 ,

306 1683 352 1724 ἐν
381 1677 460 1722 ὦ
443 1697 488 1722 εκ
501 1685 712 1750 κεντητοῦ
740 1681 1016 1752 εγκεχάρακτο
1045 1681 1070 1738 ἡ
1099 1682 1221 1724 εἰκών
1247 1684 1324 1724 τοῦ
1350 1685 1568 1752 βασιλέως
1578 1683 1750 1725 Ἰουστί-

306 1751 405 1789 νου,
436 1753 505 1778 και
535 1738 753 1805 στιχάριον
781 1737 943 1803 ἆσπρὸν
972 1737 1067 1792 ἔχον
1097 1740 1280 1790 πλουμία
1297 1740 1490 1807 χρυσᾶ
1494 1754 1565 1780 και
1606 1737 1746 1780 εἴκονα

305 1794 383 1833 τοῦ
409 1794 631 1844 βασιλέως.
688 1792 739 1835 τὰ
774 1789 854 1848 γὰρ
898 1795 1091 1862 τζαγγία
1113 1794 1250 1835 αυτοῦ
1261 1808 1436 1862 9ovota
1462 1786 1571 1847 ἦσαν
1599 1792 1748 1847 ἔχοντα

307 1848 572 1913 μαργαρίτας
603 1851 804 1904 Περσικῷ
832 1848 1031 1903 σχήματι.
1069 1847 1274 1916 ὅμοίως-η
1261 1847 1414 1902 εζωνη
1443 1849 1576 1889 αὐτοῦ
1600 1850 1748 1916 χρυσῆ

308 1901 381 1942 διὰ
421 1905 702 1957 μαργαρίτων.
759 1890 910 1957 ἔλαβεν
952 1906 998 1946 δὲ
1039 1905 1155 1960 παρὰ
1192 1906 1398 1957 βασιλέως
1436 1904 1553 1957 δῶρα
1599 1901 1746 1945 πολλά.

310 1958 496 2011 Theoph.
528 1974 620 2014 pag.
650 1961 737 2013 144.
794 1962 857 2001 De
885 1962 1108 2000 diademate
1136 1964 1379 2015 caeterisque
1406 1960 1630 2015 insignibus
1659 1960 1748 2000 Sel-

307 2014 398 2053 den.
417 2016 499 2054 Tit.
525 2017 628 2055 Hon.
650 2031 692 2069 p.
715 2018 810 2072 257.
842 2018 903 2057 Ex
920 2019 1172 2057 concessione
1193 2018 1444 2056 Constantini
1465 2018 1570 2070 lmp.
1591 2017 1742 2055 XCVI.

308 2070 352 2108 d.
384 2071 808 2125 Constantinus:fi1re
827 2082 951 2128 potest
972 2073 1176 2126 (pontifex)
1198 2073 1443 2125 chlamydem
1452 2086 1696 2127 purpuream
1708 2079 1747 2110 et

307 2127 478 2164 tumeam
502 2136 539 2165 et
564 2129 698 2166 omnia
724 2129 947 2184 imperialia
971 2129 1217 2193 nidamenta,
1255 2143 1311 2167 sc.
1345 2136 1521 2182 sceptra,
1562 2128 1676 2179 signa
1710 2134 1750 2164 et

307 2190 555 2220 ornamenta.
612 2183 687 2222 Est
719 2185 823 2222 inte1
851 2184 1033 2248 Giegorii
1060 2184 1156 2223 VII.
1197 2184 1292 2222 dict.
1325 2183 1363 2224 8.
1391 2196 1513 2236 ,quo
1541 2181 1748 2221 constituit

312 2237 579 2289 imperatoliis
607 2241 850 2278 olnamentis
878 2241 1079 2278 neminem
1117 2241 1177 2277 uti
1205 2239 1351 2279 debere
1391 2245 1549 2291 praeter
1574 2235 1747 2274 Pontifi-

308 2305 421 2340 ccm3
464 2292 548 2330 vid.
594 2293 767 2334 Bucher.
810 2293 976 2333 collect.
1008 2294 1163 2333 Concil
1193 2295 1243 2333 T.
1277 2296 1312 2333 Ι.
1349 2295 1409 2334 13.
1465 2290 1748 2331 Constantinus

307 2347 349 2383 in
393 2346 609 2387 donatione
649 2349 854 2402 Sylvestro
892 2349 995 2389 facta
1033 2350 1226 2403 permittit
1264 2352 1338 2403 ipsi
1368 2361 1556 2388 coronam
1581 2347 1747 2399 gemmis

308 2401 498 2440 intextam
517 2405 782 2456 ,epomidem
798 2436 810 2456 ,
839 2419 942 2458 quae
961 2405 1109 2444 collum
1125 2406 1285 2459 cingat,
1315 2402 1566 2456 chlamydem
1587 2414 1747 2464 purpu-

307 2470 437 2505 leam,
468 2460 698 2498 coccineam
735 2463 938 2511 tunicam,
969 2461 1156 2514 ephippia
1176 2490 1187 2510 ,
1217 2435 1367 2513 quibus
1395 2458 1487 2511 equi
1515 2457 1612 2508 regii
1644 2462 1746 2494 ster-

308 2518 461 2549 nuntur
478 2542 489 2562 ,
529 2521 567 2551 et
595 2515 748 2568 reliqua
776 2516 925 2569 gloriae
952 2523 1200 2555 ornamenta.
1203 2515 1247 2568 ]*
1305 2515 1408 2553 Cum
1435 2525 1556 2564 supra
1584 2509 1748 2550 laudato

309 2564 565 2617 Theophanis
597 2568 685 2610 loco
714 2572 884 2610 conferri
913 2580 1088 2610 meretur
1115 2571 1362 2632 Agathiasp.
1383 2565 1450 2607 85.
1481 2566 1554 2605 lin.
1579 2565 1641 2605 18.
1658 2579 1748 2619 sqq.

309 2619 372 2660 ed
402 2621 444 2659 B.
473 2623 661 2664 Vulcanii
681 2657 691 2673 ‚
736 2635 774 2666 et
803 2626 913 2666 locus
940 2627 1126 2679 Procopii
1148 2640 1170 2664 e
1189 2632 1290 2664 msto
1306 2625 1447 2662 citatus
1467 2636 1491 2660 a
1509 2621 1613 2660 Bon.
1643 2621 1748 2660 Vul-

310 2676 424 2713 canio
464 2678 506 2714 in
550 2681 652 2719 notis
689 2681 740 2719 ad
772 2682 982 2721 Constant.
1012 2682 1188 2720 themata
1213 2693 1306 2732 pag.
1336 2677 1403 2717 68.
1435 2677 1533 2716 edit.
1562 2677 1745 2727 Meurs.,

309 2731 376 2781 qui
407 2732 586 2782 symbola
616 2736 769 2789 imperii
799 2736 862 2777 vel
891 2738 1003 2791 logni
1031 2749 1171 2790 regum
1191 2734 1427 2774 Lazicorum
1445 2763 1455 2781 ,
1488 2731 1539 2771 ab
1567 2730 1750 2784 Impera-
