1832 3126
163 182 238 226 An
278 181 574 226 corisum.
613 181 810 225 Pomm.
848 182 920 223 m:
956 181 1136 225 cunm.
1170 183 1271 224 un.
1311 184 1345 224 ι.
1402 163 1506 222 ι83

72 291 166 324 ante
184 284 341 325 dissat.
362 285 414 328 de
430 285 562 325 numls
581 283 749 339 Byzant.
776 299 820 324 n.
840 284 915 324 IX.
943 284 1075 332 dedit,
1106 290 1231 340 patet.
1267 284 1510 325 sticharium

74 347 136 379 est
162 339 227 379 vel
258 340 476 393 mmdyas,
523 339 590 379 vel
619 336 775 391 χιτών,
802 339 994 393 (perinde
1021 341 1129 380 enim
1157 346 1218 381 est
1235 341 1272 394 ‚)
1299 340 1512 380 dalmatica

72 394 210 434 talaris
223 423 236 444 ‚
276 409 398 448 quam
425 394 493 434 ille
526 394 708 434 sacerdos
743 401 897 448 gestare
923 396 1182 447 conspicitur.
1242 395 1365 446 Quod
1391 410 1513 449 super

72 463 121 488 ea
147 450 316 504 geminis
342 448 471 503 longis
497 449 675 503 angustis
700 449 797 489 loris
822 449 888 489 vel
913 451 1056 489 taeniis
1075 447 1279 502 parallelis
1297 450 1511 504 dependet,

73 511 135 544 est
161 506 360 556 orarium,
385 504 589 543 diversum
616 503 668 543 ab
694 518 742 543 eo
757 533 768 552 ,
799 503 909 557 quod
938 504 1173 545 Anastasius
1205 506 1247 544 in
1274 504 1373 546 locis
1400 520 1513 559 supe-

73 561 159 598 rius
187 559 318 598 allatis
342 566 552 598 memorat.
612 559 700 598 Hoc
729 559 832 598 inter
858 566 899 598 et
924 560 1344 613 superincumbentem
1372 561 1512 601 solita-

73 614 176 653 riam
209 614 406 664 taeniam,
442 611 736 667 ἐπιτραχήλιον
763 613 912 653 dictam
927 643 938 663 ,
979 615 1190 654 intercedit
1227 615 1512 669 omophorium

71 670 116 708 in
138 669 328 709 humeros
354 675 555 722 regestum
572 697 585 717 ‚
622 666 721 707 alias
747 682 884 709 saccus
903 697 916 719 ‚
955 669 1050 708 item
1078 669 1314 723 phelonium
1338 671 1508 710 dictum.

73 724 180 764 Huic
208 723 372 763 tandem
399 723 716 777 super-incumbit
739 720 786 763 τὸ
817 721 1139 775 ἐπιτραχήλιον,
1186 725 1331 764 umbra
1363 728 1510 766 veteris

30 818 33 822 ,
71 777 296 832 omophorii
324 777 390 818 vel
417 778 544 832 pallii.
599 778 815 819 Diversum
843 793 927 818 esse
955 781 1130 818 orariwn
1157 787 1197 820 et
1222 795 1267 819 su
1315 781 1512 820 rhumera-

71 835 135 884 Ie,
173 840 283 887 patet
309 847 332 872 e
359 833 514 873 Codino
539 832 589 873 de
618 833 736 874 Offic.
769 834 908 873 eccles.
939 848 977 873 c.
998 849 1070 889 9.:
1120 828 1223 875 ὅταν
1248 794 1511 902 margulo-

70 902 151 940 χης
187 886 411 952 σφραγίςει
436 884 537 935 τούς
568 883 780 936 τοιούτους
807 889 1177 940 ε’ξωκατακοίλους,
1214 893 1333 930 ποιεῖ
1353 903 1511 936 autom,-

74 945 221 996 φορεῖν
249 944 438 996 φελωνην
466 937 523 990 ὥς
549 941 623 982 καί
646 941 863 997 πρότερον,
894 944 992 984 καθ’
1018 939 1044 984 ὅ
1068 940 1192 997 ἱερεῖς
1219 941 1429 999 ἐφόρουν,
1458 944 1512 985 ου’

69 993 155 1050 μὴν
181 993 255 1037 καὶ
279 993 594 1051 ἑπιτραχήλιον,
624 991 712 1038 ἀλλ’
741 994 940 1051 ὤράριον.
997 999 1190 1039 orarium
1216 999 1293 1039 sub
1319 1014 1431 1040 sacco
1449 1015 1512 1056 ge·

73 1051 194 1092 minis
220 1053 362 1092 taeniis
376 1082 388 1105 ‚
417 1053 743 1106 superhumerale
770 1068 890 1108 super
909 1068 1023 1094 sacco
1041 1056 1160 1094 unica
1174 1084 1186 1107 ‚
1216 1054 1317 1095 illud
1334 1055 1506 1109 longius,

68 1106 148 1146 hoc
181 1106 344 1148 brevius
361 1137 376 1158 ‚
418 1107 680 1162 dependebat.
737 1109 912 1160 Quando
950 1110 1087 1164 itaque
1123 1111 1166 1149 in
1195 1117 1333 1150 nostro
1372 1110 1510 1150 codice

69 1161 306 1202 Patriarcha
332 1162 478 1203 dicitur
506 1163 558 1203 ad
584 1178 738 1204 sacram
764 1179 942 1204 mensam
978 1178 1199 1205 assessurus
1227 1164 1510 1218 omophorium

69 1215 210 1257 tollere
223 1246 237 1268 ‚
278 1216 447 1272 intelligi
480 1217 557 1259 hoc
586 1218 705 1260 debet
743 1219 794 1259 de
831 1221 918 1273 ipso
947 1222 1032 1260 eius
1058 1234 1173 1260 sacco
1199 1219 1266 1260 vel
1292 1219 1508 1274 phelonio‚

70 1285 152 1311 una
178 1285 271 1312 cum
299 1273 555 1314 incumbente
583 1274 658 1328 ipsi
684 1273 1028 1328 superhumerali,
1056 1275 1165 1329 quod
1193 1275 1252 1315 illi
1282 1277 1339 1315 sic
1367 1275 1509 1315 adhae-

72 1326 213 1376 rebat,
259 1333 306 1366 ut
344 1342 427 1368 uno
468 1328 657 1382 dempto,
703 1329 875 1369 alterum
917 1344 1078 1383 quoque
1122 1330 1242 1370 simul
1283 1330 1506 1370 tolleretur.

73 1380 248 1432 Quando
273 1395 373 1423 vero
399 1383 627 1438 patriarcha
655 1391 695 1424 et
726 1385 899 1450 episcopi
926 1386 1118 1424 dicuntur
1146 1387 1320 1425 instante
1345 1399 1511 1439 evange-

70 1435 116 1474 lii
144 1435 314 1477 lectione
340 1438 383 1477 in
415 1439 499 1479 eius
534 1437 730 1478 honorem
766 1439 1001 1491 ἑκβαλλειν,
1041 1446 1111 1479 aut
1148 1442 1210 1492 (si
1246 1439 1351 1480 bene
1385 1439 1509 1480 habet

69 1489 192 1530 lectio
227 1491 337 1544 apud
362 1491 587 1532 Habertum
623 1494 667 1533 in
692 1494 880 1535 Pontific.
909 1509 950 1547 p.
975 1507 1042 1547 72.
1065 1494 1120 1535 A.
1142 1494 1213 1546 6.)
1253 1490 1508 1545 συμβάλλειν

69 1544 305 1598 omophoria
318 1575 331 1596 ‚
372 1546 483 1600 quod
518 1547 625 1587 idem
652 1555 712 1587 est
749 1556 870 1601 atque
906 1549 1121 1588 Laicorum
1158 1545 1480 1598 α’ποσκεπασμὸς
1493 1577 1506 1598 ,

71 1599 265 1639 detractio
302 1599 501 1654 pileorum
528 1608 567 1641 et
597 1601 842 1655 infularum3
876 1609 973 1642 tunc
1001 1602 1170 1656 intelligi
1197 1602 1315 1642 debet
1342 1603 1392 1642 de
1419 1603 1505 1642 solo

70 1655 405 1708 superhumerali.
461 1656 516 1695 Et
541 1656 658 1697 facile
684 1656 904 1711 intelligere
932 1665 1013 1705 est,
1042 1671 1168 1710 quare
1194 1657 1346 1696 dictum
1367 1658 1504 1707 suerit,

68 1710 103 1749 si
135 1709 238 1760 suit,
278 1706 534 1762 συμβάλλειν
572 1707 617 1750 τὸ
657 1707 910 1766 ὦμοφόριον.
965 1714 1088 1751 Retro
1127 1713 1234 1751 enim
1274 1711 1507 1752 reiiciebant

70 1764 295 1818 omophorii
326 1765 616 1819 dependentem
642 1774 735 1806 ante
760 1775 897 1820 pectus
918 1765 1103 1806 laciniam
1120 1780 1238 1820 super
1256 1781 1344 1806 eam
1359 1795 1371 1818 ‚
1401 1782 1506 1820 quae

20 1865 22 1867 ,
71 1833 97 1858 a
123 1826 236 1873 tergo
269 1818 531 1874 dependebat.
589 1821 799 1861 Rationem
815 1852 828 1875 ,
874 1836 998 1876 quare
1037 1822 1294 1874 deposuerint
1330 1822 1522 1875 episcopi‘

70 1873 239 1927 pallium
265 1874 317 1914 ad
344 1874 555 1916 lectionem
582 1875 804 1931 evangelii,
848 1877 981 1916 reddit
1010 1877 1186 1916 Isidorus
1213 1891 1286 1930 pro
1311 1877 1478 1930 mystica
1491 1906 1503 1926 ‚

70 1927 199 1982 qualis
227 1935 315 1982 est,
345 1943 402 1971 sic
428 1932 524 1970 satis
550 1932 715 1980 scitam,
744 1932 777 1971 si
804 1931 903 1985 quid
930 1934 1074 1971 scitum
1099 1945 1181 1971 esse
1206 1938 1335 1986 potest
1350 1960 1362 1982 ,
1395 1931 1506 1984 quod

71 1985 284 2037 mysticum
310 1992 368 2025 est
385 2015 397 2034 ,
438 1993 546 2026 certe
570 1987 668 2026 risui
693 1987 892 2026 movendo
918 2001 1000 2026 non
1027 1985 1189 2026 malam.
1245 1987 1375 2039 Epist.
1410 1986 1500 2026 136.

44 2038 124 2077 vL.
158 2051 222 2078 1.:
262 2035 308 2079 τὸ
345 2039 420 2079 τοῦ
446 2037 673 2080 ἐπισκόπου
704 2038 947 2095 ὥμοφόριον
986 2042 1029 2089 ἐξ
1055 2039 1178 2093 ἐρέας
1212 2033 1279 2091 ὂν,
1326 2039 1418 2079 ἀλλ’
1454 2039 1503 2079 οὕ

70 2091 212 2142 λίνου,
254 2089 332 2145 τὴν
361 2094 437 2133 ’τοῦ
477 2092 686 2148 προβάτου
726 2093 855 2147 δορὰν
892 2095 1110 2147 σημαίνει,
1152 2090 1253 2146 ὅπερ
1291 2094 1503 2147 πλανηθὲν

76 2143 255 2198 ζητήσας
293 2143 315 2186 ὅ
349 2144 491 2201 κύριος
524 2149 595 2190 ἐπὶ
618 2150 701 2189 τῶν
736 2150 895 2190 οἰκείων
922 2144 1049 2200 ὤμων
1087 2149 1298 2200 ἀνέλαβεν.
1347 2147 1394 2189 Ὁ
1419 2163 1500 2202 γαρ

70 2199 292 2248 ἐπίσκοπος
317 2202 377 2249 εἰς
402 2199 531 2244 τύπον
567 2199 625 2245 ὢν
650 2206 728 2244 τοῦ
754 2206 948 2256 Χριστοῦ
979 2202 1024 2244 τὸ
1054 2201 1174 2256 ἔργον
1213 2203 1370 2244 ἐκείνου
1398 2207 1503 2257 πλη-

70 2258 164 2306 ροῖ,
206 2255 280 2295 καί
306 2256 486 2298 δείκνυσι
514 2256 584 2299 διὰ
613 2261 688 2299 τοῦ
714 2258 954 2314 σχήματος,
997 2254 1060 2299 ὅτι
1094 2254 1278 2311 μιμητής
1307 2257 1396 2298 ἐστι
1426 2258 1500 2298 τοῦ

73 2304 243 2361 ἀγαθοῦ
280 2308 354 2350 καί
375 2308 558 2364 μεγάλου
586 2314 778 2365 ποιμένος
794 2337 817 2345 -
833 2315 907 2354 καί
929 2311 1108 2366 πρόσχες
1139 2310 1334 2363 ἀκριβῶς.
1377 2310 1502 2367 '‘Hm'-

72 2376 126 2403 κα
152 2361 232 2417 γάρ
262 2361 387 2413 αὐτὸς
413 2365 435 2407 ὃ
461 2365 661 2422 ἀληθινὸς
694 2366 851 2421 ποιμήν
889 2368 1157 2421 παραγίνεται
1199 2364 1270 2406 διὰ
1305 2367 1377 2419 τῆς
1417 2368 1502 2407 τῶν

60 2416 319 2471 >ουἰιιγγελιίιον
343 2422 428 2461 τῶν
453 2425 741 2476 προσκυνητῶν
768 2420 1052 2472 ἅναπτύξεως,
1089 2418 1390 2472 ὑπανίσταται,
1429 2418 1504 2461 καὶ

71 2469 312 2514 ἀποτίθεται
339 2473 387 2514 τὸ
415 2477 559 2530 σχῆμα
584 2477 657 2530 τῆς
682 2476 896 2531 μιμήσεως
924 2475 946 2516 ὅ
975 2475 1212 2527 ἐπίσκοπος,
1250 2473 1378 2516 αὐτὸν
1417 2492 1498 2515 πα-

74 2530 207 2577 ρεῖναι
244 2529 380 2580 δηλῶν
411 2529 483 2570 τὸν
511 2527 655 2584 κύριον
682 2529 756 2572 τὸν
792 2534 864 2585 τῆς
902 2531 1170 2583 ποιμαντικῆς
1206 2527 1387 2583 ἡγεμόνα
1424 2532 1498 2570 καί

71 2576 184 2621 θεόν.
237 2583 298 2623 Ut
324 2598 446 2638 porro
469 2586 743 2642 chlamydem,
766 2589 975 2626 ·ex1imum
1014 2587 1176 2626 honoris
1219 2588 1494 2627 vestimentum

72 2632 261 2680 laioemm
300 2651 510 2692 procerum
523 2670 536 2692 ‚
575 2643 774 2695 deponere
808 2643 1006 2682 debebant
1044 2641 1094 2680 ad
1131 2655 1282 2680 sacram
1316 2655 1494 2680 mensam

75 2690 290 2732 accubituri
317 2703 520 2748 magnates
546 2697 696 2750 politici
725 2706 764 2736 et
788 2697 978 2738 militares
997 2726 1009 2746 ,
1048 2699 1103 2736 ita
1130 2710 1293 2750 quoque
1321 2695 1494 2734 Patriar-

75 2741 149 2787 cha
173 2752 212 2787 et
237 2748 406 2806 episcopi
447 2765 564 2792 suum
600 2753 751 2808 insigne
769 2783 780 2801 ‚
821 2751 1100 2807 omophorium
1113 2781 1126 2803 ‚
1169 2751 1369 2792 debebant
1394 2757 1494 2790 tuuc
