<?xml version="1.0" encoding="UTF-8"?>
<!DOCTYPE html PUBLIC "-//W3C//DTD XHTML 1.0 Transitional//EN"
    "http://www.w3.org/TR/xhtml1/DTD/xhtml1-transitional.dtd">
<html xmlns="http://www.w3.org/1999/xhtml" xml:lang="en" lang="en">
 <head>
  <title>
</title>
<meta http-equiv="Content-Type" content="text/html;charset=utf-8" />
  <meta name='ocr-system' content='tesseract 3.04.00' />
  <meta name='ocr-capabilities' content='ocr_page ocr_carea ocr_par ocr_line ocrx_word'/>
</head>
<body>
  <div class='ocr_page' id='page_1' title='image "./corpusscriptorum08niebuoft/corpusscriptorum08niebuoft_0240.png"; bbox 0 0 1884 3132; ppageno 0'>
   <div class='ocr_carea' id='block_1_1' title="bbox 257 147 1407 203">
    <p class='ocr_par' dir='ltr' id='par_1_1' title="bbox 257 147 1407 203">
     <span class='ocr_line' id='line_1_1' title="bbox 257 147 1407 203; baseline 0.001 -2"><span class='ocrx_word' id='word_1_1' title='bbox 257 147 364 201; x_wconf 79' lang='lat'><strong>232</strong></span> <span class='ocrx_word' id='word_1_2' title='bbox 542 162 617 203; x_wconf 91' lang='lat'><strong>10.</strong></span> <span class='ocrx_word' id='word_1_3' title='bbox 650 157 754 202; x_wconf 70' lang='lat' dir='ltr'><strong>mc.</strong></span> <span class='ocrx_word' id='word_1_4' title='bbox 794 161 991 201; x_wconf 71' lang='lat' dir='ltr'><strong>msssxn</strong></span> <span class='ocrx_word' id='word_1_5' title='bbox 1026 158 1407 202; x_wconf 63' lang='lat' dir='ltr'><strong>commem-Anu</strong></span> 
     </span>
    </p>
   </div>
   <div class='ocr_carea' id='block_1_2' title="bbox 249 255 1727 2414">
    <p class='ocr_par' dir='ltr' id='par_1_2' title="bbox 249 255 1727 1298">
     <span class='ocr_line' id='line_1_2' title="bbox 259 255 1716 318; baseline -0.001 -13"><span class='ocrx_word' id='word_1_6' title='bbox 259 264 592 318; x_wconf 66' lang='grc' dir='ltr'><em>κατηχητηρίους</em></span> <span class='ocrx_word' id='word_1_7' title='bbox 621 255 696 302; x_wconf 77' lang='grc' dir='ltr'><strong>οὖν</strong></span> <span class='ocrx_word' id='word_1_8' title='bbox 722 259 859 309; x_wconf 73' lang='grc' dir='ltr'><em>τιθεῖς</em></span> <span class='ocrx_word' id='word_1_9' title='bbox 886 258 1035 314; x_wconf 77' lang='grc' dir='ltr'><em>λόγους</em></span> <span class='ocrx_word' id='word_1_10' title='bbox 1044 293 1055 312; x_wconf 92' lang='grc'>,</span> <span class='ocrx_word' id='word_1_11' title='bbox 1085 258 1158 314; x_wconf 71' lang='grc' dir='ltr'><em>τὴν</em></span> <span class='ocrx_word' id='word_1_12' title='bbox 1198 262 1282 302; x_wconf 71' lang='grc' dir='ltr'><em>τῶν</em></span> <span class='ocrx_word' id='word_1_13' title='bbox 1309 259 1523 315; x_wconf 68' lang='grc' dir='ltr'><em>νηστίμων</em></span> <span class='ocrx_word' id='word_1_14' title='bbox 1548 257 1716 317; x_wconf 75' lang='grc' dir='ltr'><em>ἡμερῶν</em></span> 
     </span>
     <span class='ocr_line' id='line_1_3' title="bbox 251 313 1717 372; baseline 0 -13"><span class='ocrx_word' id='word_1_15' title='bbox 251 318 518 372; x_wconf 71' lang='grc' dir='ltr'><em>προθεσμίαν</em></span> <span class='ocrx_word' id='word_1_16' title='bbox 549 315 783 371; x_wconf 78' lang='grc' dir='ltr'><em>ἐφεστάναι</em></span> <span class='ocrx_word' id='word_1_17' title='bbox 800 315 1263 370; x_wconf 77' lang='grc' dir='ltr'><em>προκαταγγέλλοντας,</em></span> <span class='ocrx_word' id='word_1_18' title='bbox 1292 316 1368 356; x_wconf 79' lang='grc' dir='ltr'>καί</span> <span class='ocrx_word' id='word_1_19' title='bbox 1389 313 1492 365; x_wconf 75' lang='grc' dir='ltr'><strong>τούς</strong></span> <span class='ocrx_word' id='word_1_20' title='bbox 1503 317 1577 370; x_wconf 82' lang='grc' dir='ltr'><em>τῆς</em></span> <span class='ocrx_word' id='word_1_21' title='bbox 1589 331 1717 359; x_wconf 70' lang='grc' dir='ltr'><em>πνευ-</em></span> 
     </span>
     <span class='ocr_line' id='line_1_4' title="bbox 249 367 1718 427; baseline 0 -13"><span class='ocrx_word' id='word_1_22' title='bbox 249 375 432 427; x_wconf 77' lang='grc' dir='ltr'><em>ματικῆς</em></span> <span class='ocrx_word' id='word_1_23' title='bbox 463 369 734 426; x_wconf 78' lang='grc' dir='ltr'><em>πάλης.πρὸς</em></span> <span class='ocrx_word' id='word_1_24' title='bbox 761 370 830 416; x_wconf 75' lang='grc' dir='ltr'><em>τὸν</em></span> <span class='ocrx_word' id='word_1_25' title='bbox 860 367 1000 424; x_wconf 76' lang='grc' dir='ltr'><em>ἀγῶνα</em></span> <span class='ocrx_word' id='word_1_26' title='bbox 1031 368 1355 425; x_wconf 75' lang='grc' dir='ltr'><em>ὑπαλείφοντας.</em></span> <span class='ocrx_word' id='word_1_27' title='bbox 1411 373 1479 411; x_wconf 89' lang='lat' dir='ltr'><strong>Du</strong></span> <span class='ocrx_word' id='word_1_28' title='bbox 1502 373 1637 427; x_wconf 83' lang='lat' dir='ltr'>Gange</span> <span class='ocrx_word' id='word_1_29' title='bbox 1665 373 1718 415; x_wconf 84' lang='lat' dir='ltr'><strong>ad</strong></span> 
     </span>
     <span class='ocr_line' id='line_1_5' title="bbox 253 427 1716 483; baseline 0.001 -14"><span class='ocrx_word' id='word_1_30' title='bbox 253 431 440 469; x_wconf 84' lang='lat' dir='ltr'><strong>Cinnam.</strong></span> <span class='ocrx_word' id='word_1_31' title='bbox 475 444 519 482; x_wconf 85' lang='lat' dir='ltr'><strong>p.</strong></span> <span class='ocrx_word' id='word_1_32' title='bbox 562 429 658 483; x_wconf 67' lang='lat'><strong>492.</strong></span> <span class='ocrx_word' id='word_1_33' title='bbox 681 460 691 477; x_wconf 86' lang='lat'>‚</span> <span class='ocrx_word' id='word_1_34' title='bbox 726 431 840 468; x_wconf 88' lang='lat' dir='ltr'><strong>cuius</strong></span> <span class='ocrx_word' id='word_1_35' title='bbox 879 428 1045 481; x_wconf 84' lang='lat' dir='ltr'><strong>insignis</strong></span> <span class='ocrx_word' id='word_1_36' title='bbox 1072 435 1130 467; x_wconf 88' lang='lat' dir='ltr'><strong>est</strong></span> <span class='ocrx_word' id='word_1_37' title='bbox 1163 427 1292 469; x_wconf 88' lang='lat' dir='ltr'><strong>locus.</strong></span> <span class='ocrx_word' id='word_1_38' title='bbox 1323 428 1396 467; x_wconf 86' lang='lat' dir='ltr'><strong>Ait</strong></span> <span class='ocrx_word' id='word_1_39' title='bbox 1424 429 1644 468; x_wconf 83' lang='lat' dir='ltr'>Cinnamus</span> <span class='ocrx_word' id='word_1_40' title='bbox 1671 443 1716 482; x_wconf 78' lang='lat' dir='ltr'><strong>p·</strong></span> 
     </span>
     <span class='ocr_line' id='line_1_6' title="bbox 264 475 1720 540; baseline -0.002 -15"><span class='ocrx_word' id='word_1_41' title='bbox 264 486 355 540; x_wconf 83' lang='lat'><strong>169.</strong></span> <span class='ocrx_word' id='word_1_42' title='bbox 386 485 435 524; x_wconf 92' lang='lat' dir='ltr'><strong>L.</strong></span> <span class='ocrx_word' id='word_1_43' title='bbox 472 486 544 524; x_wconf 92' lang='lat' dir='ltr'><strong>VI.</strong></span> <span class='ocrx_word' id='word_1_44' title='bbox 575 475 663 538; x_wconf 57' lang='lat' dir='ltr'><strong>c&#39;ap.</strong></span> <span class='ocrx_word' id='word_1_45' title='bbox 691 487 756 524; x_wconf 85' lang='lat'><strong>13.</strong></span> <span class='ocrx_word' id='word_1_46' title='bbox 786 485 902 523; x_wconf 85' lang='lat' dir='ltr'><strong>initio</strong></span> <span class='ocrx_word' id='word_1_47' title='bbox 932 483 982 522; x_wconf 85' lang='lat' dir='ltr'><strong>de</strong></span> <span class='ocrx_word' id='word_1_48' title='bbox 1010 482 1459 523; x_wconf 88' lang='lat' dir='ltr'><strong>ManueliComnen0.:</strong></span> <span class='ocrx_word' id='word_1_49' title='bbox 1490 480 1594 523; x_wconf 73' lang='grc' dir='ltr'><em>κατὰ</em></span> <span class='ocrx_word' id='word_1_50' title='bbox 1623 485 1720 523; x_wconf 79' lang='grc' dir='ltr'><strong>τοῦ-</strong></span> 
     </span>
     <span class='ocr_line' id='line_1_7' title="bbox 258 535 1720 593; baseline -0.001 -14"><span class='ocrx_word' id='word_1_51' title='bbox 258 554 330 580; x_wconf 85' lang='grc' dir='ltr'><em>τον</em></span> <span class='ocrx_word' id='word_1_52' title='bbox 358 537 432 580; x_wconf 86' lang='grc' dir='ltr'><em>τὸν</em></span> <span class='ocrx_word' id='word_1_53' title='bbox 473 535 629 592; x_wconf 83' lang='grc' dir='ltr'><em>χρόνον</em></span> <span class='ocrx_word' id='word_1_54' title='bbox 655 537 730 579; x_wconf 82' lang='grc' dir='ltr'><em>καί</em></span> <span class='ocrx_word' id='word_1_55' title='bbox 754 535 826 579; x_wconf 82' lang='grc' dir='ltr'><em>τὸν</em></span> <span class='ocrx_word' id='word_1_56' title='bbox 859 538 1071 578; x_wconf 77' lang='grc' dir='ltr'><em>Σιλέντιον</em></span> <span class='ocrx_word' id='word_1_57' title='bbox 1115 538 1167 593; x_wconf 81' lang='lat' dir='ltr'><strong>[f.</strong></span> <span class='ocrx_word' id='word_1_58' title='bbox 1195 537 1427 593; x_wconf 78' lang='grc' dir='ltr'><em>σιλεντίου]</em></span> <span class='ocrx_word' id='word_1_59' title='bbox 1466 535 1489 578; x_wconf 80' lang='grc' dir='ltr'>ὅ</span> <span class='ocrx_word' id='word_1_60' title='bbox 1517 535 1720 589; x_wconf 73' lang='grc' dir='ltr'><em>βασιλεῦς</em></span> 
     </span>
     <span class='ocr_line' id='line_1_8' title="bbox 255 589 1721 647; baseline -0.001 -13"><span class='ocrx_word' id='word_1_61' title='bbox 255 592 392 640; x_wconf 73' lang='grc' dir='ltr'><em>αὐτὸς</em></span> <span class='ocrx_word' id='word_1_62' title='bbox 419 594 671 643; x_wconf 60' lang='grc' dir='ltr'><em>ξυνετάξατο</em></span> <span class='ocrx_word' id='word_1_63' title='bbox 702 591 848 646; x_wconf 85' lang='grc' dir='ltr'><em>λόγον,</em></span> <span class='ocrx_word' id='word_1_64' title='bbox 877 592 985 644; x_wconf 78' lang='grc' dir='ltr'><em>ου’χ,</em></span> <span class='ocrx_word' id='word_1_65' title='bbox 1022 589 1162 646; x_wconf 68' lang='grc' dir='ltr'><em>ὥσπερ</em></span> <span class='ocrx_word' id='word_1_66' title='bbox 1192 590 1382 645; x_wconf 72' lang='grc' dir='ltr'><em>εἴθιστο,</em></span> <span class='ocrx_word' id='word_1_67' title='bbox 1408 594 1490 634; x_wconf 74' lang='grc' dir='ltr'><em>τοῦ</em></span> <span class='ocrx_word' id='word_1_68' title='bbox 1515 592 1721 647; x_wconf 77' lang='grc' dir='ltr'><em>Ἀσηκρῆ-</em></span> 
     </span>
     <span class='ocr_line' id='line_1_9' title="bbox 255 645 1719 704; baseline -0.001 -13"><span class='ocrx_word' id='word_1_69' title='bbox 255 664 323 697; x_wconf 85' lang='grc' dir='ltr'><em>τις</em></span> <span class='ocrx_word' id='word_1_70' title='bbox 354 649 400 689; x_wconf 81' lang='grc' dir='ltr'><strong>ἐκ</strong></span> <span class='ocrx_word' id='word_1_71' title='bbox 429 649 635 700; x_wconf 77' lang='grc' dir='ltr'><em>βασιλέως</em></span> <span class='ocrx_word' id='word_1_72' title='bbox 665 649 795 701; x_wconf 74' lang='grc' dir='ltr'><em>δῆθεν</em></span> <span class='ocrx_word' id='word_1_73' title='bbox 833 645 1171 700; x_wconf 77' lang='grc' dir='ltr'><em>ὑπαγορεύοντος</em></span> <span class='ocrx_word' id='word_1_74' title='bbox 1192 677 1204 697; x_wconf 84' lang='grc'>,</span> <span class='ocrx_word' id='word_1_75' title='bbox 1261 649 1336 688; x_wconf 81' lang='lat' dir='ltr'><strong>hac</strong></span> <span class='ocrx_word' id='word_1_76' title='bbox 1356 650 1456 701; x_wconf 72' lang='lat' dir='ltr'><strong>fite</strong></span> <span class='ocrx_word' id='word_1_77' title='bbox 1497 658 1719 704; x_wconf 76' lang='lat' dir='ltr'><strong>tempestate</strong></span> 
     </span>
     <span class='ocr_line' id='line_1_10' title="bbox 255 702 1719 760; baseline -0.001 -15"><span class='ocrx_word' id='word_1_78' title='bbox 255 707 408 746; x_wconf 76' lang='lat' dir='ltr'><strong>silentii</strong></span> <span class='ocrx_word' id='word_1_79' title='bbox 434 720 651 744; x_wconf 81' lang='lat' dir='ltr'><strong>sermonem</strong></span> <span class='ocrx_word' id='word_1_80' title='bbox 678 705 740 760; x_wconf 82' lang='lat' dir='ltr'><strong>[in</strong></span> <span class='ocrx_word' id='word_1_81' title='bbox 769 704 926 744; x_wconf 89' lang='lat' dir='ltr'><strong>silentio</strong></span> <span class='ocrx_word' id='word_1_82' title='bbox 955 702 1228 756; x_wconf 78' lang='lat' dir='ltr'><strong>recitandum]</strong></span> <span class='ocrx_word' id='word_1_83' title='bbox 1258 705 1478 759; x_wconf 80' lang='lat' dir='ltr'><strong>imperator·</strong></span> <span class='ocrx_word' id='word_1_84' title='bbox 1502 706 1586 759; x_wconf 83' lang='lat' dir='ltr'><strong>ipse</strong></span> <span class='ocrx_word' id='word_1_85' title='bbox 1611 719 1719 744; x_wconf 85' lang='lat' dir='ltr'><strong>com-</strong></span> 
     </span>
     <span class='ocr_line' id='line_1_11' title="bbox 251 758 1719 817; baseline -0.001 -17"><span class='ocrx_word' id='word_1_86' title='bbox 251 763 408 817; x_wconf 75' lang='lat' dir='ltr'><strong>posuit,</strong></span> <span class='ocrx_word' id='word_1_87' title='bbox 455 775 533 799; x_wconf 86' lang='lat' dir='ltr'><strong>non</strong></span> <span class='ocrx_word' id='word_1_88' title='bbox 551 792 561 808; x_wconf 86' lang='lat'>‚</span> <span class='ocrx_word' id='word_1_89' title='bbox 605 771 647 799; x_wconf 81' lang='lat' dir='ltr'><strong>ut</strong></span> <span class='ocrx_word' id='word_1_90' title='bbox 672 761 791 813; x_wconf 78' lang='lat' dir='ltr'><strong>vulgo</strong></span> <span class='ocrx_word' id='word_1_91' title='bbox 819 761 942 798; x_wconf 80' lang='lat' dir='ltr'><strong>moris</strong></span> <span class='ocrx_word' id='word_1_92' title='bbox 969 768 1048 809; x_wconf 82' lang='lat' dir='ltr'><strong>est,</strong></span> <span class='ocrx_word' id='word_1_93' title='bbox 1080 758 1319 798; x_wconf 78' lang='lat' dir='ltr'><strong>Secretarius</strong></span> <span class='ocrx_word' id='word_1_94' title='bbox 1347 774 1434 798; x_wconf 86' lang='lat' dir='ltr'><strong>eum</strong></span> <span class='ocrx_word' id='word_1_95' title='bbox 1458 760 1635 799; x_wconf 84' lang='lat' dir='ltr'><em>dictabat</em></span> <span class='ocrx_word' id='word_1_96' title='bbox 1661 760 1719 816; x_wconf 83' lang='lat' dir='ltr'><strong>[id</strong></span> 
     </span>
     <span class='ocr_line' id='line_1_12' title="bbox 264 813 1723 876; baseline -0.001 -20"><span class='ocrx_word' id='word_1_97' title='bbox 264 824 325 856; x_wconf 88' lang='lat' dir='ltr'><strong>est</strong></span> <span class='ocrx_word' id='word_1_98' title='bbox 353 816 604 868; x_wconf 88' lang='lat' dir='ltr'><strong>concipiebat</strong></span> <span class='ocrx_word' id='word_1_99' title='bbox 630 823 670 855; x_wconf 88' lang='lat' dir='ltr'><strong>et</strong></span> <span class='ocrx_word' id='word_1_100' title='bbox 696 818 739 854; x_wconf 91' lang='lat' dir='ltr'><strong>in</strong></span> <span class='ocrx_word' id='word_1_101' title='bbox 767 814 967 854; x_wconf 89' lang='lat' dir='ltr'><strong>calamum</strong></span> <span class='ocrx_word' id='word_1_102' title='bbox 993 815 1133 853; x_wconf 86' lang='lat' dir='ltr'><strong>scribis</strong></span> <span class='ocrx_word' id='word_1_103' title='bbox 1167 813 1364 868; x_wconf 86' lang='lat' dir='ltr'><strong>dictabat]</strong></span> <span class='ocrx_word' id='word_1_104' title='bbox 1393 817 1642 876; x_wconf 82' lang='lat' dir='ltr'><strong>imperatoris</strong></span> <span class='ocrx_word' id='word_1_105' title='bbox 1666 831 1723 856; x_wconf 78' lang='lat' dir='ltr'><strong>ex</strong></span> 
     </span>
     <span class='ocr_line' id='line_1_13' title="bbox 252 869 1722 928; baseline -0.001 -17"><span class='ocrx_word' id='word_1_106' title='bbox 252 886 431 928; x_wconf 80' lang='lat' dir='ltr'><strong>persona</strong></span> <span class='ocrx_word' id='word_1_107' title='bbox 472 872 681 911; x_wconf 78' lang='lat' dir='ltr'><strong>disserens.</strong></span> <span class='ocrx_word' id='word_1_108' title='bbox 740 871 833 909; x_wconf 93' lang='lat' dir='ltr'><strong>Non</strong></span> <span class='ocrx_word' id='word_1_109' title='bbox 861 878 960 924; x_wconf 89' lang='lat' dir='ltr'><strong>puto</strong></span> <span class='ocrx_word' id='word_1_110' title='bbox 988 871 1031 909; x_wconf 91' lang='lat' dir='ltr'><strong>in</strong></span> <span class='ocrx_word' id='word_1_111' title='bbox 1059 870 1123 911; x_wconf 92' lang='lat' dir='ltr'><strong>his</strong></span> <span class='ocrx_word' id='word_1_112' title='bbox 1153 869 1288 909; x_wconf 86' lang='lat' dir='ltr'><strong>verbis</strong></span> <span class='ocrx_word' id='word_1_113' title='bbox 1313 870 1393 909; x_wconf 90' lang='lat' dir='ltr'><strong>dici</strong></span> <span class='ocrx_word' id='word_1_114' title='bbox 1409 899 1422 921; x_wconf 89' lang='lat'>‚</span> <span class='ocrx_word' id='word_1_115' title='bbox 1460 871 1722 910; x_wconf 81' lang='lat' dir='ltr'><strong>secretarium</strong></span> 
     </span>
     <span class='ocr_line' id='line_1_14' title="bbox 255 925 1725 981; baseline 0.001 -16"><span class='ocrx_word' id='word_1_116' title='bbox 255 927 523 981; x_wconf 83' lang='lat' dir='ltr'><strong>&#39;Imperatoris</strong></span> <span class='ocrx_word' id='word_1_117' title='bbox 566 928 731 966; x_wconf 89' lang='lat' dir='ltr'><strong>nomine</strong></span> <span class='ocrx_word' id='word_1_118' title='bbox 758 925 858 965; x_wconf 84' lang='lat' dir='ltr'><strong>tales</strong></span> <span class='ocrx_word' id='word_1_119' title='bbox 889 926 1091 965; x_wconf 80' lang='lat' dir='ltr'><strong>orationes</strong></span> <span class='ocrx_word' id='word_1_120' title='bbox 1115 925 1326 976; x_wconf 82' lang='lat' dir='ltr'><strong>recitasse,</strong></span> <span class='ocrx_word' id='word_1_121' title='bbox 1360 925 1430 964; x_wconf 89' lang='lat' dir='ltr'><strong>sed</strong></span> <span class='ocrx_word' id='word_1_122' title='bbox 1456 926 1650 978; x_wconf 77' lang='lat' dir='ltr'><strong>dictasse,</strong></span> <span class='ocrx_word' id='word_1_123' title='bbox 1679 926 1725 966; x_wconf 88' lang='lat' dir='ltr'><strong>id</strong></span> 
     </span>
     <span class='ocr_line' id='line_1_15' title="bbox 263 980 1724 1035; baseline 0 -14"><span class='ocrx_word' id='word_1_124' title='bbox 263 991 324 1022; x_wconf 87' lang='lat' dir='ltr'><strong>est</strong></span> <span class='ocrx_word' id='word_1_125' title='bbox 357 985 641 1035; x_wconf 86' lang='lat' dir='ltr'><strong>composuisse.</strong></span> <span class='ocrx_word' id='word_1_126' title='bbox 701 981 1071 1020; x_wconf 87' lang='lat' dir='ltr'><strong>GlossaeNomicae</strong></span> <span class='ocrx_word' id='word_1_127' title='bbox 1100 981 1214 1022; x_wconf 80' lang='lat' dir='ltr'><strong>dant:</strong></span> <span class='ocrx_word' id='word_1_128' title='bbox 1245 980 1458 1032; x_wconf 74' lang='grc' dir='ltr'><em>διαλαλιόι,</em></span> <span class='ocrx_word' id='word_1_129' title='bbox 1482 981 1724 1034; x_wconf 77' lang='grc' dir='ltr'><strong><em>πρόσταξις.</em></strong></span> 
     </span>
     <span class='ocr_line' id='line_1_16' title="bbox 262 1037 1724 1090; baseline 0 -14"><span class='ocrx_word' id='word_1_130' title='bbox 262 1038 440 1077; x_wconf 83' lang='lat' dir='ltr'><strong>Videtur</strong></span> <span class='ocrx_word' id='word_1_131' title='bbox 468 1052 514 1076; x_wconf 86' lang='lat' dir='ltr'><strong>ex</strong></span> <span class='ocrx_word' id='word_1_132' title='bbox 554 1037 679 1077; x_wconf 80' lang='lat' dir='ltr'><strong>latina</strong></span> <span class='ocrx_word' id='word_1_133' title='bbox 701 1051 800 1077; x_wconf 80' lang='lat' dir='ltr'><strong>voce</strong></span> <span class='ocrx_word' id='word_1_134' title='bbox 837 1037 1080 1076; x_wconf 82' lang='lat' dir='ltr'><em>interlocutio</em></span> <span class='ocrx_word' id='word_1_135' title='bbox 1117 1051 1299 1076; x_wconf 85' lang='lat' dir='ltr'><strong>manasse</strong></span> <span class='ocrx_word' id='word_1_136' title='bbox 1314 1066 1326 1087; x_wconf 90' lang='lat'><strong>,</strong></span> <span class='ocrx_word' id='word_1_137' title='bbox 1359 1051 1440 1090; x_wconf 91' lang='lat' dir='ltr'><strong>qua</strong></span> <span class='ocrx_word' id='word_1_138' title='bbox 1479 1037 1724 1076; x_wconf 82' lang='lat' dir='ltr'><strong>Iustinianus</strong></span> 
     </span>
     <span class='ocr_line' id='line_1_17' title="bbox 262 1087 1725 1146; baseline -0.001 -14"><span class='ocrx_word' id='word_1_139' title='bbox 262 1095 306 1131; x_wconf 86' lang='lat' dir='ltr'><strong>in</strong></span> <span class='ocrx_word' id='word_1_140' title='bbox 339 1092 523 1132; x_wconf 89' lang='lat' dir='ltr'><strong>Novellis</strong></span> <span class='ocrx_word' id='word_1_141' title='bbox 551 1095 696 1142; x_wconf 88' lang='lat' dir='ltr'><strong>utitur,</strong></span> <span class='ocrx_word' id='word_1_142' title='bbox 728 1099 900 1145; x_wconf 90' lang='lat' dir='ltr'><strong>utraque</strong></span> <span class='ocrx_word' id='word_1_143' title='bbox 932 1099 1068 1130; x_wconf 89' lang='lat' dir='ltr'><strong>autem</strong></span> <span class='ocrx_word' id='word_1_144' title='bbox 1097 1106 1143 1130; x_wconf 87' lang='lat' dir='ltr'><strong>ex</strong></span> <span class='ocrx_word' id='word_1_145' title='bbox 1182 1106 1246 1142; x_wconf 90' lang='lat' dir='ltr'><strong>eo,</strong></span> <span class='ocrx_word' id='word_1_146' title='bbox 1274 1093 1383 1146; x_wconf 93' lang='lat' dir='ltr'><strong>quod</strong></span> <span class='ocrx_word' id='word_1_147' title='bbox 1402 1093 1624 1146; x_wconf 83' lang='lat' dir='ltr'><strong>Imperator</strong></span> <span class='ocrx_word' id='word_1_148' title='bbox 1651 1087 1725 1132; x_wconf 69' lang='grc' dir='ltr'><strong>διὰ</strong></span> 
     </span>
     <span class='ocr_line' id='line_1_18' title="bbox 259 1146 1727 1202; baseline 0.001 -16"><span class='ocrx_word' id='word_1_149' title='bbox 259 1147 447 1198; x_wconf 69' lang='grc' dir='ltr'><em>μεσίτου,</em></span> <span class='ocrx_word' id='word_1_150' title='bbox 476 1163 548 1201; x_wconf 86' lang='lat' dir='ltr'><strong>per</strong></span> <span class='ocrx_word' id='word_1_151' title='bbox 583 1149 898 1195; x_wconf 79' lang='lat' dir='ltr'><strong>internuncium,</strong></span> <span class='ocrx_word' id='word_1_152' title='bbox 914 1147 1066 1200; x_wconf 88' lang='lat' dir='ltr'><strong>alloqui</strong></span> <span class='ocrx_word' id='word_1_153' title='bbox 1093 1147 1286 1200; x_wconf 88' lang='lat' dir='ltr'><strong>populum</strong></span> <span class='ocrx_word' id='word_1_154' title='bbox 1315 1154 1385 1186; x_wconf 89' lang='lat' dir='ltr'><strong>aut</strong></span> <span class='ocrx_word' id='word_1_155' title='bbox 1411 1162 1596 1202; x_wconf 83' lang='lat' dir='ltr'><strong>proceres</strong></span> <span class='ocrx_word' id='word_1_156' title='bbox 1621 1146 1727 1187; x_wconf 86' lang='lat' dir='ltr'><strong>sole-.</strong></span> 
     </span>
     <span class='ocr_line' id='line_1_19' title="bbox 259 1203 1722 1257; baseline 0.001 -16"><span class='ocrx_word' id='word_1_157' title='bbox 259 1211 324 1253; x_wconf 73' lang='lat' dir='ltr'><strong>ret</strong></span> <span class='ocrx_word' id='word_1_158' title='bbox 358 1217 429 1255; x_wconf 85' lang='lat' dir='ltr'><strong>per</strong></span> <span class='ocrx_word' id='word_1_159' title='bbox 455 1210 708 1255; x_wconf 84' lang='lat' dir='ltr'><strong>quaestorem</strong></span> <span class='ocrx_word' id='word_1_160' title='bbox 722 1233 735 1252; x_wconf 89' lang='lat'><strong>,</strong></span> <span class='ocrx_word' id='word_1_161' title='bbox 762 1203 1040 1242; x_wconf 84' lang='lat' dir='ltr'><strong>mandatorem</strong></span> <span class='ocrx_word' id='word_1_162' title='bbox 1055 1232 1067 1254; x_wconf 90' lang='lat'>‚</span> <span class='ocrx_word' id='word_1_163' title='bbox 1095 1205 1370 1256; x_wconf 84' lang='lat' dir='ltr'><strong>praepositum</strong></span> <span class='ocrx_word' id='word_1_164' title='bbox 1409 1210 1517 1255; x_wconf 86' lang='lat' dir='ltr'><strong>etc.;</strong></span> <span class='ocrx_word' id='word_1_165' title='bbox 1564 1203 1650 1245; x_wconf 88' lang='lat' dir='ltr'><strong>vid.</strong></span> <span class='ocrx_word' id='word_1_166' title='bbox 1675 1217 1722 1257; x_wconf 86' lang='lat' dir='ltr'><strong>p.</strong></span> 
     </span>
     <span class='ocr_line' id='line_1_20' title="bbox 263 1257 508 1298; baseline 0 -2"><span class='ocrx_word' id='word_1_167' title='bbox 263 1257 311 1298; x_wconf 61' lang='lat'><strong>1³5</strong></span> <span class='ocrx_word' id='word_1_168' title='bbox 345 1287 355 1296; x_wconf 85' lang='lat'><strong>.</strong></span> <span class='ocrx_word' id='word_1_169' title='bbox 387 1258 436 1297; x_wconf 88' lang='lat' dir='ltr'><strong>C.</strong></span> <span class='ocrx_word' id='word_1_170' title='bbox 467 1258 508 1298; x_wconf 87' lang='grc'><strong>6.</strong></span> 
     </span>
    </p>

    <p class='ocr_par' dir='ltr' id='par_1_3' title="bbox 260 1258 1726 1631">
     <span class='ocr_line' id='line_1_21' title="bbox 313 1258 1722 1369; baseline -0.001 -17"><span class='ocrx_word' id='word_1_171' title='bbox 313 1258 340 1310; x_wconf 65' lang='grc'>4</span> <span class='ocrx_word' id='word_1_172' title='bbox 373 1313 420 1352; x_wconf 93' lang='lat' dir='ltr'><strong>C.</strong></span> <span class='ocrx_word' id='word_1_173' title='bbox 453 1328 493 1367; x_wconf 89' lang='lat'><strong>9.</strong></span> <span class='ocrx_word' id='word_1_174' title='bbox 527 1312 646 1367; x_wconf 83' lang='lat'><strong>[155‚</strong></span> <span class='ocrx_word' id='word_1_175' title='bbox 665 1313 732 1369; x_wconf 85' lang='lat'><strong>9.]</strong></span> <span class='ocrx_word' id='word_1_176' title='bbox 762 1309 810 1352; x_wconf 86' lang='grc' dir='ltr'><em>τὸ</em></span> <span class='ocrx_word' id='word_1_177' title='bbox 840 1308 1219 1364; x_wconf 75' lang='grc' dir='ltr'><em>ἐπαναγνωστικὸν.</em></span> <span class='ocrx_word' id='word_1_178' title='bbox 1261 1312 1384 1363; x_wconf 89' lang='lat' dir='ltr'><strong>Quod</strong></span> <span class='ocrx_word' id='word_1_179' title='bbox 1409 1307 1480 1352; x_wconf 77' lang='grc' dir='ltr'><strong>ἐπὶ</strong></span> <span class='ocrx_word' id='word_1_180' title='bbox 1506 1312 1559 1367; x_wconf 84' lang='grc' dir='ltr'><em>τῇ</em></span> <span class='ocrx_word' id='word_1_181' title='bbox 1587 1311 1722 1368; x_wconf 80' lang='grc' dir='ltr'><em>δημη-</em></span> 
     </span>
     <span class='ocr_line' id='line_1_22' title="bbox 263 1365 1726 1424; baseline 0.001 -18"><span class='ocrx_word' id='word_1_182' title='bbox 263 1366 384 1423; x_wconf 65' lang='grc' dir='ltr'><em>γορίᾳ</em></span> <span class='ocrx_word' id='word_1_183' title='bbox 411 1365 735 1420; x_wconf 67' lang='grc' dir='ltr'><em>ἀναγινώσκεται</em></span> <span class='ocrx_word' id='word_1_184' title='bbox 752 1400 765 1421; x_wconf 87' lang='lat'><strong>,</strong></span> <span class='ocrx_word' id='word_1_185' title='bbox 793 1369 901 1424; x_wconf 80' lang='lat' dir='ltr'><strong>quod</strong></span> <span class='ocrx_word' id='word_1_186' title='bbox 921 1378 1013 1424; x_wconf 81' lang='lat' dir='ltr'><strong>post</strong></span> <span class='ocrx_word' id='word_1_187' title='bbox 1034 1370 1238 1407; x_wconf 80' lang='lat' dir='ltr'><strong>recitatam</strong></span> <span class='ocrx_word' id='word_1_188' title='bbox 1257 1370 1474 1407; x_wconf 79' lang='lat' dir='ltr'><strong>orationem</strong></span> <span class='ocrx_word' id='word_1_189' title='bbox 1497 1381 1519 1406; x_wconf 89' lang='lat' dir='ltr'><strong>e</strong></span> <span class='ocrx_word' id='word_1_190' title='bbox 1541 1369 1726 1408; x_wconf 82' lang='lat' dir='ltr'><strong>schedula</strong></span> 
     </span>
     <span class='ocr_line' id='line_1_23' title="bbox 261 1423 1724 1478; baseline 0.001 -17"><span class='ocrx_word' id='word_1_191' title='bbox 261 1425 410 1478; x_wconf 64' lang='lat' dir='ltr'><strong>scrzpta</strong></span> <span class='ocrx_word' id='word_1_192' title='bbox 437 1426 638 1462; x_wconf 78' lang='lat' dir='ltr'><strong>recitatur.</strong></span> <span class='ocrx_word' id='word_1_193' title='bbox 685 1425 796 1475; x_wconf 90' lang='lat' dir='ltr'><strong>Quid</strong></span> <span class='ocrx_word' id='word_1_194' title='bbox 825 1432 961 1463; x_wconf 90' lang='lat' dir='ltr'><strong>autem</strong></span> <span class='ocrx_word' id='word_1_195' title='bbox 988 1424 1088 1463; x_wconf 89' lang='lat' dir='ltr'><strong>haec</strong></span> <span class='ocrx_word' id='word_1_196' title='bbox 1116 1423 1307 1462; x_wconf 89' lang='lat' dir='ltr'><strong>schedula</strong></span> <span class='ocrx_word' id='word_1_197' title='bbox 1337 1425 1485 1476; x_wconf 86' lang='lat' dir='ltr'><strong>scripta</strong></span> <span class='ocrx_word' id='word_1_198' title='bbox 1514 1425 1724 1463; x_wconf 86' lang='lat' dir='ltr'><strong>continue·</strong></span> 
     </span>
     <span class='ocr_line' id='line_1_24' title="bbox 261 1478 1725 1532; baseline 0.002 -16"><span class='ocrx_word' id='word_1_199' title='bbox 261 1480 342 1528; x_wconf 73' lang='lat' dir='ltr'><strong>rit,</strong></span> <span class='ocrx_word' id='word_1_200' title='bbox 373 1493 457 1523; x_wconf 80' lang='lat' dir='ltr'><strong>non</strong></span> <span class='ocrx_word' id='word_1_201' title='bbox 486 1478 637 1532; x_wconf 82' lang='lat' dir='ltr'><strong>liquet3</strong></span> <span class='ocrx_word' id='word_1_202' title='bbox 671 1480 774 1518; x_wconf 86' lang='lat' dir='ltr'><strong>forte</strong></span> <span class='ocrx_word' id='word_1_203' title='bbox 811 1480 998 1524; x_wconf 87' lang='lat' dir='ltr'><strong>ordinem</strong></span> <span class='ocrx_word' id='word_1_204' title='bbox 1026 1480 1163 1518; x_wconf 86' lang='lat' dir='ltr'><strong>ieiunii</strong></span> <span class='ocrx_word' id='word_1_205' title='bbox 1192 1478 1511 1528; x_wconf 83' lang='lat' dir='ltr'><strong>demonstravit,</strong></span> <span class='ocrx_word' id='word_1_206' title='bbox 1549 1493 1631 1531; x_wconf 90' lang='lat' dir='ltr'><strong>quo</strong></span> <span class='ocrx_word' id='word_1_207' title='bbox 1658 1479 1725 1520; x_wconf 85' lang='lat' dir='ltr'><strong>die</strong></span> 
     </span>
     <span class='ocr_line' id='line_1_25' title="bbox 264 1534 1725 1588; baseline 0.002 -17"><span class='ocrx_word' id='word_1_208' title='bbox 264 1535 442 1586; x_wconf 86' lang='lat' dir='ltr'><strong>incipere</strong></span> <span class='ocrx_word' id='word_1_209' title='bbox 489 1534 664 1577; x_wconf 87' lang='lat' dir='ltr'><strong>debeant</strong></span> <span class='ocrx_word' id='word_1_210' title='bbox 708 1535 992 1574; x_wconf 84' lang='lat' dir='ltr'><strong>abstinentiam</strong></span> <span class='ocrx_word' id='word_1_211' title='bbox 1032 1549 1057 1574; x_wconf 88' lang='lat' dir='ltr'><strong>a</strong></span> <span class='ocrx_word' id='word_1_212' title='bbox 1085 1548 1205 1573; x_wconf 87' lang='lat' dir='ltr'><strong>carne</strong></span> <span class='ocrx_word' id='word_1_213' title='bbox 1221 1563 1233 1586; x_wconf 91' lang='lat'><strong>,</strong></span> <span class='ocrx_word' id='word_1_214' title='bbox 1273 1548 1355 1588; x_wconf 86' lang='lat' dir='ltr'><strong>quo</strong></span> <span class='ocrx_word' id='word_1_215' title='bbox 1383 1534 1668 1575; x_wconf 85' lang='lat' dir='ltr'><strong>abstinentiam</strong></span> <span class='ocrx_word' id='word_1_216' title='bbox 1699 1550 1725 1583; x_wconf 69' lang='lat' dir='ltr'><strong>a</strong></span> 
     </span>
     <span class='ocr_line' id='line_1_26' title="bbox 260 1587 686 1631; baseline 0.005 -4"><span class='ocrx_word' id='word_1_217' title='bbox 260 1603 376 1631; x_wconf 83' lang='lat' dir='ltr'><strong>caseo</strong></span> <span class='ocrx_word' id='word_1_218' title='bbox 406 1597 446 1628; x_wconf 88' lang='lat' dir='ltr'><strong>et</strong></span> <span class='ocrx_word' id='word_1_219' title='bbox 474 1587 578 1629; x_wconf 82' lang='lat' dir='ltr'><strong>lacte</strong></span> <span class='ocrx_word' id='word_1_220' title='bbox 607 1597 686 1629; x_wconf 87' lang='lat' dir='ltr'><strong>etc.</strong></span> 
     </span>
    </p>

    <p class='ocr_par' dir='ltr' id='par_1_4' title="bbox 264 1638 1720 1755">
     <span class='ocr_line' id='line_1_27' title="bbox 371 1638 1720 1701; baseline 0.002 -18"><span class='ocrx_word' id='word_1_221' title='bbox 371 1644 419 1683; x_wconf 92' lang='lat' dir='ltr'><strong>C.</strong></span> <span class='ocrx_word' id='word_1_222' title='bbox 447 1659 509 1691; x_wconf 74' lang='lat'><strong>11.</strong></span> <span class='ocrx_word' id='word_1_223' title='bbox 532 1644 651 1700; x_wconf 81' lang='lat'><strong>[155,</strong></span> <span class='ocrx_word' id='word_1_224' title='bbox 678 1644 765 1700; x_wconf 91' lang='lat'><strong>11.]</strong></span> <span class='ocrx_word' id='word_1_225' title='bbox 797 1639 1214 1700; x_wconf 55' lang='lat' dir='ltr'><strong>‹Inoaqz&#39;vstMemhn</strong></span> <span class='ocrx_word' id='word_1_226' title='bbox 1234 1638 1435 1689; x_wconf 70' lang='grc' dir='ltr'><em>οἷποκινεῖ.</em></span> <span class='ocrx_word' id='word_1_227' title='bbox 1463 1644 1562 1694; x_wconf 66' lang='lat' dir='ltr'><strong>vid,</strong></span> <span class='ocrx_word' id='word_1_228' title='bbox 1595 1660 1720 1701; x_wconf 84' lang='lat' dir='ltr'><strong>supra</strong></span> 
     </span>
     <span class='ocr_line' id='line_1_28' title="bbox 264 1700 670 1755; baseline 0.002 -17"><span class='ocrx_word' id='word_1_229' title='bbox 264 1700 317 1739; x_wconf 87' lang='lat' dir='ltr'><strong>ad</strong></span> <span class='ocrx_word' id='word_1_230' title='bbox 345 1714 385 1752; x_wconf 89' lang='lat' dir='ltr'><strong>p.</strong></span> <span class='ocrx_word' id='word_1_231' title='bbox 418 1715 481 1755; x_wconf 85' lang='lat'><strong>¹7·</strong></span> <span class='ocrx_word' id='word_1_232' title='bbox 511 1700 670 1754; x_wconf 86' lang='lat' dir='ltr'><strong>penult.</strong></span> 
     </span>
    </p>

    <p class='ocr_par' dir='ltr' id='par_1_5' title="bbox 261 1752 1722 1863">
     <span class='ocr_line' id='line_1_29' title="bbox 373 1752 1722 1815; baseline 0.001 -21"><span class='ocrx_word' id='word_1_233' title='bbox 373 1755 429 1794; x_wconf 90' lang='lat' dir='ltr'><strong>D.</strong></span> <span class='ocrx_word' id='word_1_234' title='bbox 456 1770 492 1795; x_wconf 87' lang='lat'><strong>1.</strong></span> <span class='ocrx_word' id='word_1_235' title='bbox 525 1755 644 1810; x_wconf 78' lang='lat'><strong>[155,</strong></span> <span class='ocrx_word' id='word_1_236' title='bbox 673 1754 760 1815; x_wconf 83' lang='lat'><strong>13.]</strong></span> <span class='ocrx_word' id='word_1_237' title='bbox 790 1755 1022 1810; x_wconf 74' lang='grc' dir='ltr'><em>διέρχεται.</em></span> <span class='ocrx_word' id='word_1_238' title='bbox 1074 1755 1134 1795; x_wconf 92' lang='grc' dir='ltr'><strong>Μ.</strong></span> <span class='ocrx_word' id='word_1_239' title='bbox 1162 1752 1236 1801; x_wconf 80' lang='grc' dir='ltr'><strong>καὶ</strong></span> <span class='ocrx_word' id='word_1_240' title='bbox 1257 1754 1487 1809; x_wconf 78' lang='grc' dir='ltr'><em>διέρχεται,</em></span> <span class='ocrx_word' id='word_1_241' title='bbox 1523 1754 1632 1798; x_wconf 88' lang='lat' dir='ltr'><strong>unde</strong></span> <span class='ocrx_word' id='word_1_242' title='bbox 1662 1755 1722 1795; x_wconf 81' lang='lat' dir='ltr'><strong>ef-</strong></span> 
     </span>
     <span class='ocr_line' id='line_1_30' title="bbox 261 1806 1493 1863; baseline 0.002 -14"><span class='ocrx_word' id='word_1_243' title='bbox 261 1810 423 1859; x_wconf 73' lang='lat' dir='ltr'><strong>ficerem</strong></span> <span class='ocrx_word' id='word_1_244' title='bbox 449 1806 525 1850; x_wconf 77' lang='grc' dir='ltr'><strong>καὶ</strong></span> <span class='ocrx_word' id='word_1_245' title='bbox 555 1808 841 1863; x_wconf 80' lang='grc' dir='ltr'><em>διερχόμενος,</em></span> <span class='ocrx_word' id='word_1_246' title='bbox 1387 1859 1390 1862; x_wconf 18' lang='grc' dir='ltr'><strong>Δ</strong></span> <span class='ocrx_word' id='word_1_247' title='bbox 1491 1849 1493 1851; x_wconf 88' lang='grc'><strong>.</strong></span> 
     </span>
    </p>

    <p class='ocr_par' dir='ltr' id='par_1_6' title="bbox 263 1865 1726 2414">
     <span class='ocr_line' id='line_1_31' title="bbox 348 1865 1720 1921; baseline 0.001 -17"><span class='ocrx_word' id='word_1_248' title='bbox 348 1879 420 1919; x_wconf 86' lang='grc'><strong>92.</strong></span> <span class='ocrx_word' id='word_1_249' title='bbox 452 1865 508 1905; x_wconf 88' lang='grc' dir='ltr'><strong>Α.</strong></span> <span class='ocrx_word' id='word_1_250' title='bbox 539 1880 579 1905; x_wconf 89' lang='grc'><strong>2.</strong></span> <span class='ocrx_word' id='word_1_251' title='bbox 613 1865 743 1920; x_wconf 81' lang='lat'>[156‚</span> <span class='ocrx_word' id='word_1_252' title='bbox 779 1865 838 1920; x_wconf 93' lang='lat'><strong>1.]</strong></span> <span class='ocrx_word' id='word_1_253' title='bbox 879 1865 1129 1921; x_wconf 81' lang='grc' dir='ltr'><em>τριτοέκτην.</em></span> <span class='ocrx_word' id='word_1_254' title='bbox 1185 1866 1295 1919; x_wconf 88' lang='lat' dir='ltr'><strong>Seu,</strong></span> <span class='ocrx_word' id='word_1_255' title='bbox 1339 1873 1386 1905; x_wconf 89' lang='lat' dir='ltr'><strong>ut</strong></span> <span class='ocrx_word' id='word_1_256' title='bbox 1409 1866 1471 1907; x_wconf 87' lang='grc' dir='ltr'><strong>Μ.</strong></span> <span class='ocrx_word' id='word_1_257' title='bbox 1500 1865 1720 1918; x_wconf 85' lang='lat' dir='ltr'><strong>exhibent,</strong></span> 
     </span>
     <span class='ocr_line' id='line_1_32' title="bbox 263 1919 1723 1975; baseline 0.001 -15"><span class='ocrx_word' id='word_1_258' title='bbox 263 1919 519 1973; x_wconf 80' lang='grc' dir='ltr'><em>τριτοὲκτην.</em></span> <span class='ocrx_word' id='word_1_259' title='bbox 578 1922 641 1965; x_wconf 88' lang='lat' dir='ltr'><strong>Ita</strong></span> <span class='ocrx_word' id='word_1_260' title='bbox 668 1921 895 1975; x_wconf 82' lang='lat' dir='ltr'><strong>appellatur</strong></span> <span class='ocrx_word' id='word_1_261' title='bbox 921 1921 1098 1961; x_wconf 89' lang='lat' dir='ltr'><strong>officium</strong></span> <span class='ocrx_word' id='word_1_262' title='bbox 1121 1921 1446 1969; x_wconf 78' lang='lat' dir='ltr'><strong>ecclesiasticum,</strong></span> <span class='ocrx_word' id='word_1_263' title='bbox 1477 1921 1587 1974; x_wconf 78' lang='lat' dir='ltr'><strong>quod</strong></span> <span class='ocrx_word' id='word_1_264' title='bbox 1615 1923 1723 1962; x_wconf 84' lang='lat' dir='ltr'><strong>inter</strong></span> 
     </span>
     <span class='ocr_line' id='line_1_33' title="bbox 264 1974 1724 2030; baseline 0.001 -16"><span class='ocrx_word' id='word_1_265' title='bbox 264 1975 428 2022; x_wconf 83' lang='lat' dir='ltr'><strong>tertiam</strong></span> <span class='ocrx_word' id='word_1_266' title='bbox 456 1984 496 2015; x_wconf 91' lang='lat' dir='ltr'><strong>et</strong></span> <span class='ocrx_word' id='word_1_267' title='bbox 533 1983 684 2016; x_wconf 87' lang='lat' dir='ltr'><strong>sextam</strong></span> <span class='ocrx_word' id='word_1_268' title='bbox 711 1977 854 2016; x_wconf 89' lang='lat' dir='ltr'><strong>horam</strong></span> <span class='ocrx_word' id='word_1_269' title='bbox 892 1979 1067 2017; x_wconf 88' lang='lat' dir='ltr'><strong>canitur.</strong></span> <span class='ocrx_word' id='word_1_270' title='bbox 1127 1976 1241 2016; x_wconf 89' lang='lat' dir='ltr'><strong>Alias</strong></span> <span class='ocrx_word' id='word_1_271' title='bbox 1275 1974 1397 2029; x_wconf 79' lang='grc' dir='ltr'><em>τρίτη</em></span> <span class='ocrx_word' id='word_1_272' title='bbox 1423 1975 1498 2016; x_wconf 79' lang='grc' dir='ltr'><em>καί</em></span> <span class='ocrx_word' id='word_1_273' title='bbox 1523 1976 1617 2030; x_wconf 70' lang='grc' dir='ltr'><em>ἕκτη</em></span> <span class='ocrx_word' id='word_1_274' title='bbox 1646 1991 1724 2021; x_wconf 87' lang='lat' dir='ltr'><strong>no-</strong></span> 
     </span>
     <span class='ocr_line' id='line_1_34' title="bbox 268 2031 1724 2087; baseline 0.001 -18"><span class='ocrx_word' id='word_1_275' title='bbox 268 2032 447 2077; x_wconf 83' lang='lat' dir='ltr'><strong>minatur</strong></span> <span class='ocrx_word' id='word_1_276' title='bbox 482 2033 655 2084; x_wconf 83' lang='lat' dir='ltr'><strong>passim3</strong></span> <span class='ocrx_word' id='word_1_277' title='bbox 691 2031 757 2072; x_wconf 88' lang='lat' dir='ltr'><strong>vel</strong></span> <span class='ocrx_word' id='word_1_278' title='bbox 786 2033 897 2086; x_wconf 92' lang='lat' dir='ltr'><strong>quod</strong></span> <span class='ocrx_word' id='word_1_279' title='bbox 937 2040 1036 2078; x_wconf 80' lang='lat' dir='ltr'><strong>tunc</strong></span> <span class='ocrx_word' id='word_1_280' title='bbox 1063 2032 1260 2079; x_wconf 82' lang='lat' dir='ltr'><strong>Canonis‚</strong></span> <span class='ocrx_word' id='word_1_281' title='bbox 1304 2031 1348 2070; x_wconf 87' lang='lat' dir='ltr'><strong>id</strong></span> <span class='ocrx_word' id='word_1_282' title='bbox 1387 2039 1447 2070; x_wconf 88' lang='lat' dir='ltr'><strong>est</strong></span> <span class='ocrx_word' id='word_1_283' title='bbox 1481 2032 1597 2071; x_wconf 88' lang='lat' dir='ltr'><strong>seriei</strong></span> <span class='ocrx_word' id='word_1_284' title='bbox 1643 2032 1724 2087; x_wconf 83' lang='lat' dir='ltr'><strong>hy-</strong></span> 
     </span>
     <span class='ocr_line' id='line_1_35' title="bbox 271 2087 1726 2141; baseline 0.003 -18"><span class='ocrx_word' id='word_1_285' title='bbox 271 2099 463 2124; x_wconf 85' lang='lat' dir='ltr'><strong>mnorum</strong></span> <span class='ocrx_word' id='word_1_286' title='bbox 491 2089 534 2125; x_wconf 92' lang='lat' dir='ltr'><strong>in</strong></span> <span class='ocrx_word' id='word_1_287' title='bbox 559 2087 725 2127; x_wconf 87' lang='lat' dir='ltr'><strong>eeclesia</strong></span> <span class='ocrx_word' id='word_1_288' title='bbox 752 2088 1095 2132; x_wconf 85' lang='lat' dir='ltr'><strong>decantandorum</strong></span> <span class='ocrx_word' id='word_1_289' title='bbox 1118 2087 1221 2135; x_wconf 82' lang='lat' dir='ltr'><strong>odae</strong></span> <span class='ocrx_word' id='word_1_290' title='bbox 1250 2089 1382 2138; x_wconf 84' lang='lat' dir='ltr'><strong>tertia,</strong></span> <span class='ocrx_word' id='word_1_291' title='bbox 1405 2094 1563 2140; x_wconf 81' lang='lat' dir='ltr'><strong>quarta,</strong></span> <span class='ocrx_word' id='word_1_292' title='bbox 1582 2089 1726 2141; x_wconf 85' lang='lat' dir='ltr'><strong>quinta</strong></span> 
     </span>
     <span class='ocr_line' id='line_1_36' title="bbox 267 2138 1723 2196; baseline 0.002 -18"><span class='ocrx_word' id='word_1_293' title='bbox 267 2148 307 2178; x_wconf 90' lang='lat' dir='ltr'><strong>et</strong></span> <span class='ocrx_word' id='word_1_294' title='bbox 332 2148 441 2180; x_wconf 85' lang='lat' dir='ltr'><strong>sexta</strong></span> <span class='ocrx_word' id='word_1_295' title='bbox 469 2143 624 2185; x_wconf 85' lang='lat' dir='ltr'><strong>cantari</strong></span> <span class='ocrx_word' id='word_1_296' title='bbox 663 2143 806 2182; x_wconf 88' lang='lat' dir='ltr'><strong>solent.</strong></span> <span class='ocrx_word' id='word_1_297' title='bbox 827 2157 839 2194; x_wconf 84' lang='lat'>3</span> <span class='ocrx_word' id='word_1_298' title='bbox 872 2142 957 2190; x_wconf 69' lang='lat' dir='ltr'><strong>vid,</strong></span> <span class='ocrx_word' id='word_1_299' title='bbox 985 2143 1055 2182; x_wconf 91' lang='lat' dir='ltr'><strong>Du</strong></span> <span class='ocrx_word' id='word_1_300' title='bbox 1081 2143 1216 2196; x_wconf 84' lang='lat' dir='ltr'><strong>Gange</strong></span> <span class='ocrx_word' id='word_1_301' title='bbox 1241 2156 1286 2181; x_wconf 84' lang='lat' dir='ltr'><strong>v.</strong></span> <span class='ocrx_word' id='word_1_302' title='bbox 1314 2138 1497 2193; x_wconf 74' lang='grc' dir='ltr'><em>Κανών,</em></span> <span class='ocrx_word' id='word_1_303' title='bbox 1523 2141 1723 2195; x_wconf 78' lang='grc' dir='ltr'><em>τριθέκτη</em></span> 
     </span>
     <span class='ocr_line' id='line_1_37' title="bbox 268 2195 1723 2249; baseline -0.001 -12"><span class='ocrx_word' id='word_1_304' title='bbox 268 2202 308 2237; x_wconf 79' lang='lat' dir='ltr'><strong>et</strong></span> <span class='ocrx_word' id='word_1_305' title='bbox 335 2195 470 2249; x_wconf 82' lang='grc' dir='ltr'><em>τρίτη.</em></span> <span class='ocrx_word' id='word_1_306' title='bbox 532 2197 670 2237; x_wconf 85' lang='lat' dir='ltr'><strong>Verba</strong></span> <span class='ocrx_word' id='word_1_307' title='bbox 707 2199 792 2238; x_wconf 88' lang='lat' dir='ltr'><strong>eius</strong></span> <span class='ocrx_word' id='word_1_308' title='bbox 823 2205 946 2238; x_wconf 86' lang='lat' dir='ltr'><strong>sunt:</strong></span> <span class='ocrx_word' id='word_1_309' title='bbox 995 2198 1213 2247; x_wconf 83' lang='lat' dir='ltr'><strong>„canones</strong></span> <span class='ocrx_word' id='word_1_310' title='bbox 1242 2197 1481 2238; x_wconf 88' lang='lat' dir='ltr'><strong>dividuntur</strong></span> <span class='ocrx_word' id='word_1_311' title='bbox 1507 2199 1551 2236; x_wconf 88' lang='lat' dir='ltr'><strong>in</strong></span> <span class='ocrx_word' id='word_1_312' title='bbox 1575 2211 1723 2245; x_wconf 80' lang='lat' dir='ltr'><strong>novem</strong></span> 
     </span>
     <span class='ocr_line' id='line_1_38' title="bbox 271 2248 1725 2306; baseline 0.003 -18"><span class='ocrx_word' id='word_1_313' title='bbox 271 2250 368 2289; x_wconf 84' lang='lat' dir='ltr'><strong>odas</strong></span> <span class='ocrx_word' id='word_1_314' title='bbox 386 2273 405 2280; x_wconf 93' lang='lat'><em>—</em></span> <span class='ocrx_word' id='word_1_315' title='bbox 426 2274 446 2281; x_wconf 91' lang='lat'>—</span> <span class='ocrx_word' id='word_1_316' title='bbox 478 2259 568 2304; x_wconf 88' lang='lat' dir='ltr'><strong>post</strong></span> <span class='ocrx_word' id='word_1_317' title='bbox 605 2260 791 2306; x_wconf 72' lang='lat' dir='ltr'><strong>quartam</strong></span> <span class='ocrx_word' id='word_1_318' title='bbox 820 2267 950 2292; x_wconf 88' lang='lat' dir='ltr'><strong>canon</strong></span> <span class='ocrx_word' id='word_1_319' title='bbox 987 2253 1296 2306; x_wconf 83' lang='lat' dir='ltr'><strong>interrumpitur</strong></span> <span class='ocrx_word' id='word_1_320' title='bbox 1332 2257 1425 2301; x_wconf 88' lang='grc' dir='ltr'><em>ταῖς</em></span> <span class='ocrx_word' id='word_1_321' title='bbox 1453 2248 1725 2304; x_wconf 68' lang='grc' dir='ltr'><em>ἀναγνώσεσι.</em></span> 
     </span>
     <span class='ocr_line' id='line_1_39' title="bbox 271 2304 1722 2362; baseline 0.003 -20"><span class='ocrx_word' id='word_1_322' title='bbox 271 2304 382 2344; x_wconf 88' lang='lat' dir='ltr'><strong>Tum</strong></span> <span class='ocrx_word' id='word_1_323' title='bbox 407 2308 515 2345; x_wconf 90' lang='lat' dir='ltr'><strong>enim</strong></span> <span class='ocrx_word' id='word_1_324' title='bbox 544 2307 734 2348; x_wconf 89' lang='lat' dir='ltr'><strong>lectiones</strong></span> <span class='ocrx_word' id='word_1_325' title='bbox 760 2309 811 2347; x_wconf 90' lang='lat' dir='ltr'><strong>de</strong></span> <span class='ocrx_word' id='word_1_326' title='bbox 838 2308 931 2348; x_wconf 86' lang='lat' dir='ltr'><strong>vitis</strong></span> <span class='ocrx_word' id='word_1_327' title='bbox 965 2316 1222 2358; x_wconf 85' lang='lat' dir='ltr'><strong>sanctorum,</strong></span> <span class='ocrx_word' id='word_1_328' title='bbox 1251 2322 1426 2362; x_wconf 90' lang='lat' dir='ltr'><strong>quorum</strong></span> <span class='ocrx_word' id='word_1_329' title='bbox 1451 2321 1500 2347; x_wconf 88' lang='lat' dir='ltr'><strong>eo</strong></span> <span class='ocrx_word' id='word_1_330' title='bbox 1526 2307 1592 2346; x_wconf 83' lang='lat' dir='ltr'><strong>die</strong></span> <span class='ocrx_word' id='word_1_331' title='bbox 1619 2321 1722 2347; x_wconf 90' lang='lat' dir='ltr'><strong>com-</strong></span> 
     </span>
     <span class='ocr_line' id='line_1_40' title="bbox 275 2362 1721 2414; baseline 0.003 -17"><span class='ocrx_word' id='word_1_332' title='bbox 275 2362 512 2401; x_wconf 85' lang='lat' dir='ltr'><strong>memoratio</strong></span> <span class='ocrx_word' id='word_1_333' title='bbox 542 2363 767 2403; x_wconf 88' lang='lat' dir='ltr'><strong>celebratur</strong></span> <span class='ocrx_word' id='word_1_334' title='bbox 781 2393 794 2414; x_wconf 93' lang='lat'><strong>,</strong></span> <span class='ocrx_word' id='word_1_335' title='bbox 834 2371 906 2402; x_wconf 88' lang='lat' dir='ltr'><strong>aut.</strong></span> <span class='ocrx_word' id='word_1_336' title='bbox 935 2363 986 2402; x_wconf 91' lang='lat' dir='ltr'><strong>de</strong></span> <span class='ocrx_word' id='word_1_337' title='bbox 1014 2363 1092 2403; x_wconf 91' lang='lat' dir='ltr'><strong>diei</strong></span> <span class='ocrx_word' id='word_1_338' title='bbox 1122 2363 1290 2402; x_wconf 85' lang='lat' dir='ltr'><strong>historia</strong></span> <span class='ocrx_word' id='word_1_339' title='bbox 1318 2362 1452 2403; x_wconf 89' lang='lat' dir='ltr'><strong>altiori</strong></span> <span class='ocrx_word' id='word_1_340' title='bbox 1479 2375 1578 2402; x_wconf 80' lang='lat' dir='ltr'><strong>voce</strong></span> <span class='ocrx_word' id='word_1_341' title='bbox 1603 2376 1628 2401; x_wconf 92' lang='lat' dir='ltr'><strong>a</strong></span> <span class='ocrx_word' id='word_1_342' title='bbox 1656 2376 1721 2401; x_wconf 87' lang='lat' dir='ltr'><strong>sa-</strong></span> 
     </span>
    </p>
   </div>
   <div class='ocr_carea' id='block_1_3' title="bbox 269 2414 1724 2523">
    <p class='ocr_par' dir='ltr' id='par_1_7' title="bbox 269 2414 1724 2523">
     <span class='ocr_line' id='line_1_41' title="bbox 275 2414 1724 2473; baseline 0.003 -21"><span class='ocrx_word' id='word_1_343' title='bbox 275 2414 436 2456; x_wconf 87' lang='lat' dir='ltr'><strong>cerdote</strong></span> <span class='ocrx_word' id='word_1_344' title='bbox 464 2417 529 2456; x_wconf 91' lang='lat' dir='ltr'><strong>vel</strong></span> <span class='ocrx_word' id='word_1_345' title='bbox 559 2418 638 2458; x_wconf 85' lang='lat' dir='ltr'><strong>alio</strong></span> <span class='ocrx_word' id='word_1_346' title='bbox 656 2419 848 2473; x_wconf 86' lang='lat' dir='ltr'><strong>leguntur</strong></span> <span class='ocrx_word' id='word_1_347' title='bbox 868 2449 880 2472; x_wconf 96' lang='lat'><strong>,</strong></span> <span class='ocrx_word' id='word_1_348' title='bbox 909 2418 1056 2473; x_wconf 88' lang='lat' dir='ltr'><strong>quibus</strong></span> <span class='ocrx_word' id='word_1_349' title='bbox 1075 2419 1197 2460; x_wconf 85' lang='lat' dir='ltr'><strong>finitis</strong></span> <span class='ocrx_word' id='word_1_350' title='bbox 1224 2418 1402 2473; x_wconf 88' lang='lat' dir='ltr'><strong>reliquae</strong></span> <span class='ocrx_word' id='word_1_351' title='bbox 1423 2417 1596 2461; x_wconf 80' lang='lat' dir='ltr'><strong>Canonis</strong></span> <span class='ocrx_word' id='word_1_352' title='bbox 1620 2416 1724 2457; x_wconf 89' lang='lat' dir='ltr'><strong>odae</strong></span> 
     </span>
     <span class='ocr_line' id='line_1_42' title="bbox 269 2473 601 2523; baseline 0.012 -15"><span class='ocrx_word' id='word_1_353' title='bbox 269 2473 601 2523; x_wconf 80' lang='lat' dir='ltr'><strong>percurruntur.&#39;’</strong></span> 
     </span>
    </p>
   </div>
   <div class='ocr_carea' id='block_1_4' title="bbox 270 2524 1721 2807">
    <p class='ocr_par' dir='ltr' id='par_1_8' title="bbox 270 2524 1721 2807">
     <span class='ocr_line' id='line_1_43' title="bbox 383 2524 1719 2584; baseline 0.002 -22"><span class='ocrx_word' id='word_1_354' title='bbox 383 2525 429 2563; x_wconf 87' lang='lat' dir='ltr'><strong>B.</strong></span> <span class='ocrx_word' id='word_1_355' title='bbox 461 2526 536 2566; x_wconf 82' lang='lat' dir='ltr'><strong>ult.</strong></span> <span class='ocrx_word' id='word_1_356' title='bbox 570 2527 681 2581; x_wconf 83' lang='lat'>[156‚</span> <span class='ocrx_word' id='word_1_357' title='bbox 719 2529 806 2584; x_wconf 84' lang='lat'><strong>18.]</strong></span> <span class='ocrx_word' id='word_1_358' title='bbox 863 2524 987 2582; x_wconf 68' lang='grc' dir='ltr'><em>ἑορτῇ</em></span> <span class='ocrx_word' id='word_1_359' title='bbox 1013 2528 1085 2581; x_wconf 81' lang='grc' dir='ltr'><em>τῆς</em></span> <span class='ocrx_word' id='word_1_360' title='bbox 1116 2526 1381 2581; x_wconf 78' lang='grc' dir='ltr'><em>ὄρθοδοξιάς.</em></span> <span class='ocrx_word' id='word_1_361' title='bbox 1436 2525 1719 2578; x_wconf 79' lang='lat' dir='ltr'><strong>orthodoxia,</strong></span> 
     </span>
     <span class='ocr_line' id='line_1_44' title="bbox 272 2579 1718 2639; baseline -0.001 -19"><span class='ocrx_word' id='word_1_362' title='bbox 272 2586 313 2620; x_wconf 75' lang='lat' dir='ltr'><strong>et</strong></span> <span class='ocrx_word' id='word_1_363' title='bbox 351 2579 497 2618; x_wconf 89' lang='lat' dir='ltr'><strong>festum</strong></span> <span class='ocrx_word' id='word_1_364' title='bbox 539 2583 798 2629; x_wconf 73' lang='lat' dir='ltr'><strong>orthodoxiae</strong></span> <span class='ocrx_word' id='word_1_365' title='bbox 838 2584 1037 2639; x_wconf 87' lang='lat' dir='ltr'><strong>appellata</strong></span> <span class='ocrx_word' id='word_1_366' title='bbox 1063 2584 1141 2623; x_wconf 85' lang='lat' dir='ltr'><strong>fuit</strong></span> <span class='ocrx_word' id='word_1_367' title='bbox 1179 2585 1309 2637; x_wconf 84' lang='lat' dir='ltr'><strong>prima</strong></span> <span class='ocrx_word' id='word_1_368' title='bbox 1338 2582 1550 2626; x_wconf 88' lang='lat' dir='ltr'><strong>Dominica</strong></span> <span class='ocrx_word' id='word_1_369' title='bbox 1577 2583 1718 2623; x_wconf 88' lang='lat' dir='ltr'><strong>ieiunii</strong></span> 
     </span>
     <span class='ocr_line' id='line_1_45' title="bbox 273 2635 1719 2693; baseline -0.001 -16"><span class='ocrx_word' id='word_1_370' title='bbox 273 2647 343 2677; x_wconf 77' lang='lat' dir='ltr'><strong>Seu</strong></span> <span class='ocrx_word' id='word_1_371' title='bbox 372 2635 710 2691; x_wconf 63' lang='lat' dir='ltr'><strong>Quadragesimae</strong></span> <span class='ocrx_word' id='word_1_372' title='bbox 728 2670 739 2687; x_wconf 90' lang='lat'><strong>,</strong></span> <span class='ocrx_word' id='word_1_373' title='bbox 783 2642 826 2678; x_wconf 93' lang='lat' dir='ltr'><strong>in</strong></span> <span class='ocrx_word' id='word_1_374' title='bbox 864 2654 945 2693; x_wconf 91' lang='lat' dir='ltr'><strong>qua</strong></span> <span class='ocrx_word' id='word_1_375' title='bbox 986 2639 1210 2687; x_wconf 81' lang='lat' dir='ltr'><strong>celebratur</strong></span> <span class='ocrx_word' id='word_1_376' title='bbox 1237 2638 1343 2691; x_wconf 88' lang='lat' dir='ltr'><strong>apud</strong></span> <span class='ocrx_word' id='word_1_377' title='bbox 1370 2639 1543 2678; x_wconf 82' lang='lat' dir='ltr'><strong>Graecos</strong></span> <span class='ocrx_word' id='word_1_378' title='bbox 1571 2637 1719 2684; x_wconf 80' lang='lat' dir='ltr'><strong>festum</strong></span> 
     </span>
     <span class='ocr_line' id='line_1_46' title="bbox 272 2689 1720 2746; baseline 0.003 -20"><span class='ocrx_word' id='word_1_379' title='bbox 272 2689 533 2730; x_wconf 80' lang='lat' dir='ltr'><strong>restitutionis</strong></span> <span class='ocrx_word' id='word_1_380' title='bbox 563 2693 786 2745; x_wconf 81' lang='lat' dir='ltr'><strong>imaginum</strong></span> <span class='ocrx_word' id='word_1_381' title='bbox 812 2695 886 2734; x_wconf 89' lang='lat' dir='ltr'><strong>sub</strong></span> <span class='ocrx_word' id='word_1_382' title='bbox 916 2693 1116 2745; x_wconf 66' lang='lat' dir='ltr'><strong>Michaele</strong></span> <span class='ocrx_word' id='word_1_383' title='bbox 1143 2702 1182 2732; x_wconf 88' lang='lat' dir='ltr'><strong>et</strong></span> <span class='ocrx_word' id='word_1_384' title='bbox 1210 2692 1424 2732; x_wconf 80' lang='lat' dir='ltr'><strong>Theodora</strong></span> <span class='ocrx_word' id='word_1_385' title='bbox 1452 2693 1582 2746; x_wconf 70' lang='lat' dir='ltr'><strong>Impp.</strong></span> <span class='ocrx_word' id='word_1_386' title='bbox 1618 2692 1720 2746; x_wconf 86' lang='lat' dir='ltr'><strong>legi-</strong></span> 
     </span>
     <span class='ocr_line' id='line_1_47' title="bbox 270 2746 1721 2807; baseline -0.005 -14"><span class='ocrx_word' id='word_1_387' title='bbox 270 2749 338 2793; x_wconf 55' lang='lat'><strong>34¹¹*</strong></span> <span class='ocrx_word' id='word_1_388' title='bbox 343 2758 422 2807; x_wconf 52' lang='lat'><strong>‘1¹³⁰</strong></span> <span class='ocrx_word' id='word_1_389' title='bbox 450 2746 687 2799; x_wconf 83' lang='lat' dir='ltr'><strong>synodicum</strong></span> <span class='ocrx_word' id='word_1_390' title='bbox 706 2749 747 2799; x_wconf 92' lang='lat' dir='ltr'><strong>in</strong></span> <span class='ocrx_word' id='word_1_391' title='bbox 776 2749 882 2799; x_wconf 84' lang='lat' dir='ltr'><strong>hauc</strong></span> <span class='ocrx_word' id='word_1_392' title='bbox 900 2764 986 2799; x_wconf 77' lang='lat' dir='ltr'><strong>rem</strong></span> <span class='ocrx_word' id='word_1_393' title='bbox 1005 2750 1173 2798; x_wconf 81' lang='lat' dir='ltr'><strong>editum.</strong></span> <span class='ocrx_word' id='word_1_394' title='bbox 1204 2748 1353 2802; x_wconf 80' lang='lat' dir='ltr'><strong>(Verba</strong></span> <span class='ocrx_word' id='word_1_395' title='bbox 1382 2755 1476 2797; x_wconf 81' lang='lat' dir='ltr'><strong>sunt</strong></span> <span class='ocrx_word' id='word_1_396' title='bbox 1494 2748 1562 2796; x_wconf 89' lang='lat' dir='ltr'><strong>Du</strong></span> <span class='ocrx_word' id='word_1_397' title='bbox 1581 2747 1721 2803; x_wconf 75' lang='lat' dir='ltr'><strong>cangii</strong></span> 
     </span>
    </p>
   </div>
  </div>
 </body>
</html>
