1884 3132
217 160 292 203 An
329 158 623 204 CONSTANT.
661 157 857 200 Pomm.
890 158 962 198 DE
997 154 1178 198 cmm.
1218 155 1318 197 Lm.
1358 158 1411 198 11.
1452 139 1566 214 639

137 276 232 318 gum
266 273 335 303 aut
356 263 478 302 ullam
498 262 723 317 posterior-125
755 261 928 314 corporis·
952 267 1107 314 partem
1131 258 1429 298 obveneoemus.
1484 259 1568 300 Po-

138 326 216 360 test
242 318 311 358 illa
335 319 452 366 ratio,
481 331 603 370 quam
640 315 783 369 allegat
809 314 1043 364 Busbekius‚
1072 315 1227 353 Turcas
1252 321 1388 353 cautos
1414 314 1567 363 fecisse,

141 381 182 414 et
202 387 249 413 eo
277 374 401 426 magis
429 373 537 412 hunc
565 385 718 410 morem
745 371 925 409 suasisse.
996 369 1074 407 Sed
1108 367 1247 421 procul
1274 369 1397 408 dubio
1426 385 1567 410 mana-

138 430 199 468 vit
225 429 266 468 in
293 427 424 467 aulam
450 427 660 465 Turcicam
689 439 711 464 e
738 426 905 463 Graeca.
970 422 1044 462 Illa
1069 425 1174 462 enim
1204 437 1246 462 se
1272 425 1323 462 ad
1350 424 1469 465 huius
1497 441 1565 466 ex-

137 483 315 536 emplum
341 482 521 536 plurimis
549 482 588 519 in
624 480 742 519 rebus
782 479 980 517 formavit.
1051 478 1215 531 Saepius
1241 479 1347 532 apud
1374 480 1563 522 Nostrum

137 538 182 577 fit
207 539 356 578 mentio
382 535 630 590 patriarchae
657 549 690 573 a·
722 533 945 573 silentiariis
974 540 1057 571 tam
1097 534 1138 571 in
1167 547 1323 573 accessu
1351 535 1402 574 ad
1428 537 1565 590 lmpe-'

135 600 335 640 ratorem,
365 605 486 645 quam
524 591 565 629 in
607 603 790 638 recessu,
819 585 1248 639 παρακρατουμένου;
1279 603 1319 627 v.
1348 604 1391 642 p.
1415 591 1478 630 18.
1508 594 1557 632 B.

140 648 205 687 13.
261 647 528 700 Luitprandus
556 645 795 684 Histoi-‚Vh
826 656 866 682 2.
896 656 938 681 se
984 642 1115 695 ipsum
1152 643 1208 681 ait
1247 644 1413 683 duorum
1439 661 1562 686 eunu-

133 703 294 741 chorum
337 703 506 740 humeris
543 699 820 738 incumbentem
863 706 954 735 ante
994 697 1255 750 Imperatoris
1290 703 1559 752 praesentiam

132 757 339 796 deductum
359 757 504 808 fia'sse.
545 754 593 794 Id
627 753 730 792 idem
766 755 807 791 in
845 766 886 791 se
914 765 1073 805 quoque
1100 751 1360 794 instituebant
1386 756 1557 796 Romani

132 811 351 865 pontifices.
403 809 568 864 *[Ordo
594 809 763 847 Roman.
785 808 816 845 Ι.
844 807 895 845 de
921 808 1040 845 missa
1069 808 1269 859 pontificia
1283 823 1325 861 p.
1354 811 1439 850 15.:
1484 812 1556 851 de-

130 866 278 905 scendie
290 866 474 920 pontfix
495 865 546 903 de
567 863 655 902 sede
675 877 760 901 cum
771 863 998 916 primicer-cb
1016 863 1255 901 notariorum
1275 873 1313 902 et
1324 866 1557 918 pn‘mioerzb

129 920 378 973 defensorum
412 919 620 958 tenentibus
640 919 681 956 ei
691 931 840 965 manus,
867 923 906 955 et
919 931 959 969 p.
983 915 1101 967 ¹4¹*
1130 926 1221 956 tunc
1232 921 1355 972 surgit
1373 920 1560 960 dominus

121 976 307 1030 pontifex
334 989 361 1014 a
391 975 535 1013 duobus
559 981 781 1011 sustentancs
812 973 854 1009 in
887 973 1127 1026 processione
1149 975 1404 1026 progrediens
1423 1005 1434 1025 ‚
1457 978 1557 1017 sicut

127 1043 212 1069 mas·
246 1029 370 1084 est.]*
428 1029 474 1068 In
502 1027 733 1068 collectione
770 1025 999 1065 tabularum
1026 1027 1061 1064 F
1063 1027 1337 1067 erriolensium
1365 1031 1451 1070 tab.
1480 1030 1552 1086 87,

127 1084 334 1124 exhibetur
362 1086 489 1137 imago
527 1096 691 1136 sponsae
726 1081 989 1130 Armenicae,
1026 1095 1146 1133 quam
1174 1083 1278 1121 duae
1303 1086 1453 1124 amicae
1480 1100 1554 1139 pa·-

126 1139 370 1192 ranymphae
396 1139 566 1178 mediam
597 1139 854 1189 interceptam
892 1136 943 1174 ad
968 1136 1171 1175 ecclesiam
1199 1137 1403 1179 deducunt
1429 1143 1553 1180 mari-

126 1199 169 1232 to
196 1193 485 1246 copulandam,
515 1199 694 1231 tenentes
731 1205 819 1230 eam
855 1198 1026 1243 utroque
1052 1190 1243 1244 brachio,
1272 1195 1340 1232 sed
1367 1196 1554 1236 manibus

126 1261 209 1287 non
245 1249 386 1296 nudis,
428 1248 496 1287 sed
539 1249 711 1300 pretioso
764 1245 1010 1284 manucciolo
1043 1246 1197 1285 velatis.
1261 1249 1354 1288 Vita
1393 1251 1433 1289 S.
1471 1251 1550 1290 Nili

124 1303 290 1341 iunioris
313 1317 352 1355 p.
374 1304 461 1342 152.
484 1317 495 1341 ε
524 1299 797 1353 κρατήσαντες
823 1296 954 1339 av’rdv
971 1299 1271 1353 ἀμφοτέρωθεν
1288 1305 1370 1343 τῶν
1394 1306 1552 1357 χειρῶν

125 1350 326 1408 ἀνήγαγον
351 1357 409 1402 εἰς
436 1353 482 1395 τὸ
508 1358 799 1407 πατριαρχεῖον
837 1351 1084 1400 καθίσαντες
1119 1350 1247 1394 αὐτὸν
1272 1358 1412 1406 μέσον.
1470 1361 1550 1400 Sed

124 1413 334 1463 praecipue
366 1410 521 1464 elegans
549 1417 588 1448 et
617 1409 883 1448 memorabilis
908 1417 966 1447 est
993 1408 1102 1448 locus
1128 1410 1339 1462 Sguropuli
1369 1414 1409 1451 in
1441 1414 1547 1454 Hist.

122 1465 288 1505 Concilii
315 1464 494 1504 Florent.
534 1471 627 1506 sect.
655 1465 730 1502 IV.
757 1477 792 1501 c.
813 1463 878 1502 5.:
920 1463 1198 1515 διερχομένων
1228 1463 1301 1506 οὖν
1328 1463 1446 1518 ἡμῶν
1474 1466 1550 1515 τὰς

122 1515 267 1570 ὅδόιῖς,
293 1519 500 1572 ἐκρατεῖτο
527 1515 550 1557 ὅ
578 1516 840 1570 πατριάρχης
868 1514 949 1555 ἀπὸ
982 1517 1065 1556 τῶν
1103 1512 1318 1570 ἅγκάλων,
1357 1518 1438 1559 α’πὸ
1468 1522 1549 1572 μὲν

119 1574 193 1614 ποῦ’
218 1571 309 1620 ἑνὸς
333 1573 486 1623 μέρους
521 1569 638 1623 παρὰ
676 1571 751 1610 τοῦ
777 1567 975 1623 Κορώνης
1015 1573 1313 1627 Χριστοφόρου
1343 1574 1546 1629 εὐπρεπέ-

123 1641 268 1679 στερον
287 1658 299 1679 ,
329 1624 410 1667 α’πό
442 1627 487 1666 δὲ
514 1627 696 1678 θατέρου
724 1622 837 1678 παρὰ
862 1627 937 1664 τοῦ
955 1624 1256 1679 Πορτονγάλου
1282 1624 1424 1682 ἄκροις
1469 1630 1544 1670 δα-

119 1677 303 1734 κτύλοις,
330 1678 472 1727 καθώς
509 1676 706 1720 εἰώθασιν
747 1677 786 1719 οἱ
813 1681 989 1719 Λατῖνοι
1033 1683 1376 1735 πρεσενταριζειν.
1434 1685 1544 1739 Ergo

119 1739 253 1777 minus
293 1737 483 1777 decorum
527 1735 785 1789 reputabatur
825 1735 985 1774 Graecis
1011 1735 1130 1775 alicui
1161 1744 1317 1777 tantum
1347 1746 1543 1780 extremos

118 1805 260 1831 manus
300 1791 487 1831 articulos
523 1805 605 1830 non
632 1797 715 1828 tam
744 1790 1119 1843 apprehendendos,
1148 1806 1269 1845 quam
1295 1795 1540 1847 tangendos,

116 1845 392 1896 solummodo,
429 1849 472 1885 in
508 1847 702 1899 speciem,
748 1845 890 1884 Latino
918 1859 1029 1884 more
1047 1875 1059 1895 ,
1086 1849 1313 1900 porrigere,
1340 1848 1542 1890 decentius

117 1908 252 1940 autem
269 1931 281 1951 ‚
312 1909 359 1940 ut
384 1902 524 1940 Graeci
553 1902 626 1953 ipsi
651 1900 863 1950 faciebant,
892 1914 1007 1939 suum
1035 1901 1243 1940 brachium
1261 1903 1422 1942 alterius
1449 1905 1541 1944 bra-

114 1955 205 1994 chio
234 1956 426 1995 subiicere
463 1963 502 1994 et
539 1955 835 2007 circumplicare
886 1962 926 1993 et
951 1957 1007 1993 sic
1047 1957 1176 2008 ipsum
1202 1958 1357 1997 ducere.
1413 1959 1540 1998 Vetu-

112 2017 196 2048 stus
222 2010 289 2049 ille
320 2025 408 2049 mos
432 2018 489 2049 est
515 2017 554 2049 et
580 2010 630 2048 ad
659 2011 895 2062 Byzantinos
933 2024 956 2048 a
983 2011 1170 2050 Romanis
1196 2013 1320 2051 venit.
1376 2013 1541 2067 Legitur

113 2066 220 2103 enim
246 2066 288 2103 in
314 2067 396 2104 vita
424 2065 648 2103 Caracallae
674 2065 726 2102 T.
749 2065 781 2101 Ι.
812 2065 956 2117 Script.
987 2065 1089 2103 Hist.
1107 2065 1214 2119 Aug.
1244 2082 1285 2120 p.
1310 2079 1417 2120 7¹⁰·⁷
1445 2082 1537 2108 eum

115 2133 138 2158 e
167 2119 362 2172 Capitolio
384 2149 396 2169 ‚
426 2119 497 2158 ubi
523 2134 595 2172 pro
622 2126 802 2172 suscepto
839 2133 976 2158 recens
1008 2119 1171 2173 imperio
1198 2122 1283 2160 Iovi
1314 2122 1538 2174 Capitolino

111 2175 258 2226 gratias
284 2181 416 2227 egerat
450 2182 488 2213 et
517 2182 609 2213 vota
639 2174 800 2226 fecerat,
829 2175 869 2213 in
908 2174 1100 2226 palatium
1127 2175 1288 2215 rediisse
1314 2178 1537 2217 innitentem

114 2227 542 2282 [παρακρατούμενον]
571 2229 795 2283 Papiniano
833 2238 871 2267 et
902 2229 1080 2276 Chiloni,
1112 2230 1305 2270 ambobus
1331 2233 1537 2284 praefectis

110 2285 325 2336 praetorio.
382 2283 625 2336 Plerumque
651 2284 720 2335 qui
747 2284 915 2322 alterum
944 2286 999 2322 sic
1028 2284 1291 2335 deducerent,
1320 2287 1395 2339 ipsi
1422 2294 1537 2327 erant

107 2337 300 2390 dignitate
325 2352 538 2390 suppares3
568 2338 764 2376 interdum
782 2340 898 2376 etiam
916 2338 1111 2391 aequales,
1140 2346 1187 2378 ut
1213 2340 1319 2393 apud
1347 2342 1535 2389 Nostrum

108 2405 152 2445 p.
173 2391 267 2432 563.
301 2393 345 2430 Β.
383 2405 446 2431 11.
523 2392 727 2430 Heraclius
771 2394 932 2439 iunior,
977 2407 999 2431 e
1035 2394 1232 2446 Despotae
1270 2396 1462 2448 dignitate
1488 2399 1534 2437 iu

110 2447 316 2485 Caesarem
345 2446 570 2486 evehendus
588 2475 600 2498 ,
645 2447 790 2485 dicitur
816 2448 857 2485 in
890 2445 1041 2486 solenni
1070 2448 1120 2486 ad
1142 2449 1345 2489 ecclesiam
1372 2465 1534 2504 proces—

110 2501 221 2540 sione
244 2502 358 2540 ivisse
384 2502 435 2540 ad
461 2501 564 2540 latus
592 2503 751 2540 maioris
780 2502 910 2540 fratris
938 2503 999 2539 sui
1017 2502 1282 2555 Constantini,
1312 2505 1364 2544 ab
1392 2506 1531 2546 eodem

106 2551 513 2607 παρακρατούμενος.
569 2555 819 2609 Significetne
861 2556 967 2594 idem
995 2557 1209 2597 Gervasius
1250 2559 1375 2598 verbo
1403 2561 1533 2600 Suba-

109 2609 281 2648 scellaeus
304 2611 409 2662 apud
421 2612 486 2648 Du
501 2610 691 2663 Gangium
709 2610 774 2648 Gl.
787 2611 876 2648 Lat.
908 2610 1025 2660 h.v.,
1053 2612 1227 2652 viderint
1240 2614 1386 2668 quibus
1414 2615 1529 2655 volu-

107 2673 157 2714 pe
186 2669 225 2700 et
251 2663 358 2703 locus
386 2665 450 2703 ille
477 2665 528 2704 ad
556 2678 696 2703 manus
738 2665 857 2703 fuerit
884 2665 1044 2718 integer.
1509 2687 1512 2691 ⁴

214 2716 264 2756 C.-
286 2731 344 2757 11.
384 2718 501 2773 [565‚
528 2718 604 2774 13.]
634 2714 655 2758 ὃ
700 2713 949 2773 ὕποψήφιος.
1013 2721 1080 2760 Sic
1118 2720 1367 2778 appellatur,
1407 2737 1526 2779 quem
