1884 3132
218 174 295 218 ΑΒ
333 175 631 219 consum.
671 175 868 217 PORPH.
906 176 978 215 m:
1027 173 1207 216 cmm.
1233 175 1331 215 Lm.
1365 177 1397 215 1.
1470 156 1582 232 467

141 293 215 320 nas
231 279 411 336 inficiunt
425 289 628 336 captat-mn
639 281 855 334 pinnarum
856 277 980 333 flavo
1003 280 1205 332 sanguine.
1234 278 1297 318 De
1311 279 1432 332 pinna
1453 287 1492 319 et
1508 279 1586 320 vel·

141 335 224 376 lere
237 337 406 389 pinnino
422 349 491 374 seu
508 337 663 374 marino
680 333 816 372 multis
846 335 926 386 egit
944 333 1160 373 Salmasius
1177 334 1228 372 ad
1242 332 1416 373 Tertull.
1433 350 1473 388 p.
1492 334 1582 389 175.

141 404 230 444 sqq.
250 392 306 430 Et
323 389 584 430 nihilominus
601 397 735 429 tamen
757 388 897 427 inutile
913 403 992 427 non
1009 397 1067 428 est
1084 389 1308 428 adscribere
1322 403 1424 442 quae
1438 389 1587 430 Keisle·

142 459 213 485 rus
241 445 292 485 de
317 445 442 498 pinna
467 452 507 484 et
534 446 618 484 eius
644 444 791 483 venere
818 443 988 497 indeque
1006 451 1144 496 parato
1163 444 1378 496 pannificio
1395 445 1515 484 refert
1543 446 1585 484 in

145 501 356 540 Itinefario
392 499 530 539 Italico
565 515 608 552 p.
639 498 766 553 744:
812 497 854 536 E
855 500 941 537 iner-
978 499 1240 538 „condet-baren
1267 500 1440 538 Fabrike
1484 515 1585 539 mle-§s

142 556 207 595 ich
237 555 394 606 hier-bqr
418 554 634 608 gedenken‚
662 554 729 592 die
757 554 1023 592 voruelzmliclz
1052 569 1099 592 w
1133 555 1301 593 Tarento
1334 554 1417 592 und
1442 555 1584 608 Reggtb

145 611 203 649 im
227 609 447 663 Schswange
473 610 523 647 ist
536 639 547 655 ‚
588 608 671 648 und
695 622 810 647 κνοω
847 608 914 649 die
941 609 1138 661 F'iisergen
1166 609 1263 647 oder
1290 611 1374 648 eine
1402 609 1482 648 Art
1505 625 1586 649 von

144 664 287 704 Har-en
313 665 397 704 und
426 663 496 702 W
491 664 581 710 olle,
611 664 678 702 die
704 677 757 701 an
785 664 894 701 einer·
917 665 1108 716 gewissen
1137 663 1250 702 Sorte
1276 679 1354 702 von
1384 664 1586 705 Mese-hela

139 719 334 773 gefimden
359 719 490 768 wind,
525 719 774 770 Gelegenhet't
806 719 985 770 gegeben.
1040 718 1157 757 Denn
1184 719 1289 757 diese
1307 721 1377 758 hat
1401 733 1494 758 man
1520 721 1585 758 al-

143 788 188 813 so
214 789 263 813 zu
289 775 463 826 mimgren
491 773 575 812 und
600 773 861 812 zzcacberez'ten
886 774 1052 826 gelernt,
1080 774 1172 812 dass
1201 775 1325 813 anitzt
1354 774 1582 822 Camisoler,

144 829 326 878 minen,
356 829 557 882 Striimlfi’
585 829 668 872 und
694 827 856 878 Selmhe,
886 829 1035 867 welche
1061 831 1239 867 weit-mer
1262 830 1324 867 als
1341 829 1410 866 ΠΤ
1405 829 1482 867 olle
1498 829 1586 868 hal-

143 892 231 932 ten,
258 883 404 922 dat-aus
437 883 618 936 geslrickt
642 882 726 922 und
749 884 955 936 verstrtigt
977 883 1155 922 werden.
1215 883 1283 922 An
1308 884 1382 922 der
1416 883 1587 924 PVeicloe

143 938 229 978 und
250 938 470 991 Feinigkeit
478 939 653 977 kommen
680 938 807 976 solche
833 938 908 976 der
922 938 1038 977 Seide
1057 939 1163 977 nicht
1189 938 1276 990 bqr,
1306 939 1492 991 hingegen
1521 940 1586 978 be·-

142 993 275 1032 halten
299 994 355 1032 sie
381 1002 468 1032 stets
494 995 606 1032 einen
632 992 894 1032 „condet-bama
924 992 1069 1031 Glanz.
1127 993 1210 1032 Die
1237 995 1454 1032 natiirlzblae
1478 995 1585 1032 Far*-

142 1047 190 1086 be
237 1047 366 1086 dieser
412 1048 588 1086 Maec-luel
621 1048 734 1098 fiillt
795 1049 855 1086 ins
907 1048 1188 1100 Olivengriine.
1264 1048 1347 1087 Die
1384 1049 1562 1088 Musclzel
1571 1080 1582 1097 ‚

142 1102 211 1142 dt'e
246 1103 372 1141 solclze
415 1103 710 1154 her-vorbringt,
762 1102 875 1141 wir-d
911 1101 1064 1156 lliitfffig
1104 1103 1202 1142 anch
1243 1117 1307 1142 um
1346 1104 1412 1142 die
1451 1103 1586 1144 Inseln

143 1157 306 1205 Malta,
343 1158 499 1196 Corsica
529 1157 613 1196 und
636 1157 849 1196 Sardim'en
908 1159 1101 1209 gesimden
1112 1187 1124 1205 ‚
1174 1160 1226 1209 ja
1263 1159 1377 1197 selbsc
1414 1160 1457 1197 in
1494 1160 1585 1198 dem

147 1212 270 1264 Goffl)
311 1211 359 1251 di
399 1212 566 1251 Venetia
615 1212 712 1250 habe
756 1213 819 1250 ich
870 1213 1005 1251 etliclze
1062 1213 1214 1251 soldier
1251 1213 1332 1252 Art
1385 1216 1585 1266 angetrqs:

127 1267 211 1318 fin
223 1298 237 1317 ,
270 1281 326 1306 an
350 1268 526 1306 welchen
553 1267 649 1305 aber
673 1267 739 1304 die
766 1267 885 1305 multe
912 1267 1082 1306 filaterie
1096 1296 1108 1316 ‚
1138 1281 1179 1306 so
1211 1282 1306 1306 man
1333 1269 1586 1321 eim'germas-

144 1335 212 1360 sen
238 1323 311 1359 mit
335 1323 459 1360 einem
487 1331 618 1360 zat-ten
649 1321 784 1359 Moose
815 1323 1057 1374 vergleichen
1100 1322 1201 1370 kan,
1230 1337 1406 1377 sparsam
1436 1338 1482 1361 :a
1499 1324 1585 1375 sia—

145 1376 222 1414 den
235 1389 343 1414 war.
372 1376 481 1414 Idem
496 1391 536 1428 p.
568 1375 660 1429 918.
690 1376 744 1414 sic
773 1375 933 1414 scribit:
955 1377 1037 1414 Die
1073 1379 1227 1428 grosten
1263 1392 1340 1415 von
1372 1378 1448 1416 den
1492 1379 1586 1417 Mu-

145 1430 276 1468 selteln
322 1430 397 1468 der
430 1431 597 1482 lziesigen
638 1430 803 1482 Gegend
847 1429 1036 1484 (loquitur
1069 1431 1119 1468 de
1157 1438 1287 1470 tractu
1320 1432 1583 1482 Anconitano)

145 1485 239 1523 sind
261 1483 327 1522 die
359 1486 511 1538 pinnae
544 1484 643 1522 odet·
674 1498 825 1537 pernae
842 1514 852 1530 ‚
892 1486 1041 1524 welche
1084 1486 1238 1524 letztere
1264 1486 1506 1538 Benenmmg
1530 1489 1587 1525 sie

146 1553 227 1578 von
253 1540 361 1577 iEmr
385 1541 511 1578 einem
538 1538 728 1576 Schinken
767 1539 1015 1590 gleichenden
1055 1539 1207 1578 Gestalt
1234 1541 1407 1578 erhalten
1443 1542 1583 1580 haben.

147 1593 238 1632 Das
266 1596 449 1633 ausser-ste
475 1594 583 1631 ihrer
604 1592 798 1631 Schaalen
825 1595 875 1632 ist
903 1595 988 1632 roth
1005 1624 1015 1640 ‚
1042 1594 1126 1632 und
1151 1594 1223 1644 hey
1250 1595 1371 1633 ilzrem
1398 1597 1586 1648 spiczigen

147 1647 267 1687 Ende
293 1649 445 1687 wiicbst
472 1648 570 1687 oder
594 1656 706 1686 setzet
730 1649 810 1685 sich
837 1650 1044 1700 iusgemein
1071 1650 1134 1686 ein
1150 1648 1280 1699 byssus
1304 1651 1478 1688 marinus
1508 1665 1581 1700 an,

146 1703 432 1743 der-‚zuweilen
459 1705 548 1741 vier
573 1702 648 1740 biss
672 1703 775 1740 sechs
802 1702 901 1741 Zoll
924 1704 1021 1756 lang
1042 1705 1104 1741 ist.

258 1757 306 1795 Β.
330 1772 369 1812 7.
397 1756 516 1812 [440,
543 1755 616 1810 ¹7⁴]
645 1752 859 1807 χλαμύδα.
916 1758 1054 1807 Quum
1083 1772 1224 1810 magna
1251 1772 1344 1810 pars
1371 1760 1497 1798 nostri
1514 1759 1586 1798 hu-

149 1813 212 1851 ius
236 1811 382 1851 codicis
397 1815 440 1851 in
467 1811 696 1850 nominibus
725 1812 896 1850 vestium
911 1819 1168 1851 consumatur
1186 1842 1198 1862 ‚
1226 1813 1464 1865 quibusdam
1493 1814 1584 1853 vul-

148 1880 199 1919 go
227 1866 370 1919 ignotis
396 1875 436 1906 et
462 1880 622 1919 prorsus
643 1867 757 1905 novis
776 1896 788 1915 ‚
827 1866 914 1905 aliis
940 1869 1043 1906 notis
1081 1866 1243 1920 quidem
1262 1898 1274 1917 ‚
1303 1874 1343 1906 at
1374 1880 1455 1905 non
1487 1871 1582 1907 satis

150 1921 256 1960 clare
285 1923 524 1974 perspectis,
563 1935 643 1959 non
673 1920 814 1960 inutile
850 1921 942 1960 duxi
971 1922 1151 1961 futurum
1175 1952 1187 1973 ‚
1216 1923 1248 1960 si
1279 1923 1321 1959 in
1348 1921 1584 1961 illustranda

148 1974 227 2014 hac
252 1977 496 2028 antiquitatis
538 1976 780 2029 perobscura
818 1984 931 2028 parte
958 1976 1162 2029 aliquanto
1193 1977 1419 2029 diligentius
1447 1991 1583 2016 versa-

149 2044 228 2069 rer.
291 2030 492 2070 Gerebant
538 2033 658 2084 igitur
695 2030 878 2069 homines
894 2060 906 2080 ‚
946 2031 1191 2070 honestiores
1218 2031 1396 2084 profecto
1422 2031 1585 2071 illorum

149 2091 398 2139 temporum,
442 2087 482 2124 in
523 2087 668 2138 quibus
700 2086 821 2124 codex
862 2093 997 2124 noster
1025 2087 1216 2125 obhaeret
1237 2115 1249 2135 ,
1278 2092 1406 2124 vestes
1433 2089 1584 2138 praeei-

148 2154 248 2193 puas
272 2148 376 2188 tres,
407 2155 578 2193 quarum
606 2140 782 2193 reliquae
809 2147 878 2179 aut
903 2143 1158 2191 accessiones,
1188 2148 1259 2179 aut
1287 2142 1420 2179 variae
1435 2141 1585 2180 formae

149 2195 278 2234 videri
323 2202 486 2248 queant.
541 2196 701 2235 Extima
727 2202 812 2234 erat
839 2194 1040 2249 chlamys,
1088 2197 1293 2243 Romana,
1322 2209 1404 2233 non
1433 2196 1586 2234 Graeca

150 2250 273 2290 vestis
288 2279 300 2300 ‚
338 2249 511 2288 secunda
549 2246 682 2300 χιτών
728 2252 931 2302 superior,
977 2265 1095 2303 quem
1122 2251 1218 2289 alias
1242 2247 1421 2300 χλανίδα
1450 2249 1587 2303 appel-

152 2302 266 2354 lant,
298 2311 338 2343 et
362 2306 480 2343 tertia
504 2301 634 2354 χιτών
660 2304 848 2354 inferior,
877 2306 1039 2357 proprie
1077 2312 1116 2344 et
1145 2306 1278 2344 stricte
1303 2300 1458 2354 χιτών,
1490 2305 1585 2343 item

153 2354 374 2410 στιχάριον
402 2359 523 2397 dicta.
553 2357 743 2412 Chlamys
773 2366 858 2397 erat
882 2359 1048 2411 pallium
1077 2361 1303 2398 Romanum
1331 2360 1436 2409 (nam
1458 2360 1584 2398 Grae-

151 2425 246 2451 cum
281 2412 397 2452 aliter
423 2420 696 2465 comparatum
723 2414 820 2463 erat)
849 2428 967 2466 super
995 2414 1166 2467 reliquas
1194 2421 1322 2452 vestes
1348 2416 1491 2466 gestari
1519 2428 1585 2453 so·

153 2464 340 2515 lita,non
358 2476 487 2507 certae
514 2467 785 2519 longitudini3‚
805 2470 844 2506 in
873 2467 1040 2507 humero
1067 2469 1219 2515 dextro,
1248 2474 1319 2506 aut
1344 2470 1519 2520 proxime
1531 2469 1584 2515 ad

153 2534 273 2569 eum,
304 2537 510 2576 nunquam
538 2523 668 2560 medio
700 2523 740 2560 in
773 2530 958 2574 pectore,
988 2523 1134 2562 fibulae
1161 2537 1236 2576 ope
1262 2524 1583 2577 constringenda,

154 2574 389 2630 plerumque
417 2578 467 2616 ad
497 2591 625 2630 genua
654 2575 854 2626 defluens,
883 2577 1013 2630 ampla
1043 2585 1082 2616 et
1108 2578 1230 2616 libere
1250 2578 1456 2630 promissa.
1481 2579 1584 2618 Pro-
1650 2607 1662 2618 .

154 2630 354 2681 pendebat
377 2639 510 2671 tamen
539 2631 739 2670 interdum
777 2646 901 2684 usque
932 2632 983 2670 ad
1010 2632 1140 2681 talos,
1179 2640 1224 2671 ut
1249 2634 1292 2671 in
1319 2633 1490 2686 imagine
1507 2634 1585 2672 ‘Iu-

155 2684 314 2724 stiniani
342 2686 587 2738 Ravennate,
616 2701 735 2739 quam
760 2685 926 2739 protulit
951 2686 1196 2726 Alemannus
1223 2687 1274 2726 ad
1289 2687 1524 2740 Procopium
1538 2703 1585 2742 p.

157 2737 225 2790 73.
283 2739 370 2779 Hoc
396 2741 562 2794 pallium
589 2741 705 2780 valde
731 2741 929 2794 prolixum
948 2742 1106 2781 videtur
1134 2741 1398 2796 Etymologici
1425 2745 1484 2782 M.
1506 2758 1583 2783 σα-
