<?xml version="1.0" encoding="UTF-8"?>
<!DOCTYPE html PUBLIC "-//W3C//DTD XHTML 1.0 Transitional//EN"
    "http://www.w3.org/TR/xhtml1/DTD/xhtml1-transitional.dtd">
<html xmlns="http://www.w3.org/1999/xhtml" xml:lang="en" lang="en">
 <head>
  <title>
</title>
<meta http-equiv="Content-Type" content="text/html;charset=utf-8" />
  <meta name='ocr-system' content='tesseract 3.04.00' />
  <meta name='ocr-capabilities' content='ocr_page ocr_carea ocr_par ocr_line ocrx_word'/>
</head>
<body>
  <div class='ocr_page' id='page_1' title='image "./corpusscriptorum08niebuoft/corpusscriptorum08niebuoft_0666.png"; bbox 0 0 1884 3132; ppageno 0'>
   <div class='ocr_carea' id='block_1_1' title="bbox 1361 36 1368 54">
    <p class='ocr_par' dir='ltr' id='par_1_1' title="bbox 1361 36 1368 54">
     <span class='ocr_line' id='line_1_1' title="bbox 1361 36 1368 54; baseline 0 0"><span class='ocrx_word' id='word_1_1' title='bbox 1361 36 1368 54; x_wconf 64' lang='grc' dir='ltr'><em>ὀ</em></span> 
     </span>
    </p>
   </div>
   <div class='ocr_carea' id='block_1_2' title="bbox 283 139 1440 205">
    <p class='ocr_par' dir='ltr' id='par_1_2' title="bbox 283 139 1440 205">
     <span class='ocr_line' id='line_1_2' title="bbox 283 139 1440 205; baseline 0.003 -10"><span class='ocrx_word' id='word_1_2' title='bbox 283 139 398 196; x_wconf 85' lang='grc'>658</span> <span class='ocrx_word' id='word_1_3' title='bbox 563 157 637 199; x_wconf 71' lang='lat' dir='ltr'>io.</span> <span class='ocrx_word' id='word_1_4' title='bbox 681 156 786 205; x_wconf 71' lang='lat' dir='ltr'>mc.</span> <span class='ocrx_word' id='word_1_5' title='bbox 828 156 1024 198; x_wconf 75' lang='lat' dir='ltr'>Rmsxn</span> <span class='ocrx_word' id='word_1_6' title='bbox 1062 156 1440 200; x_wconf 58' lang='lat' dir='ltr'>comm-,Numi</span> 
     </span>
    </p>
   </div>
   <div class='ocr_carea' id='block_1_3' title="bbox 248 261 1741 2795">
    <p class='ocr_par' dir='ltr' id='par_1_3' title="bbox 248 261 1741 1750">
     <span class='ocr_line' id='line_1_3' title="bbox 286 261 1734 316; baseline 0 -15"><span class='ocrx_word' id='word_1_7' title='bbox 286 261 526 314; x_wconf 83' lang='lat' dir='ltr'><strong>antiquioris</strong></span> <span class='ocrx_word' id='word_1_8' title='bbox 553 276 575 301; x_wconf 87' lang='lat' dir='ltr'>a</span> <span class='ocrx_word' id='word_1_9' title='bbox 604 261 693 302; x_wconf 86' lang='lat' dir='ltr'>loro</span> <span class='ocrx_word' id='word_1_10' title='bbox 723 263 972 311; x_wconf 82' lang='lat' dir='ltr'>recentiore3</span> <span class='ocrx_word' id='word_1_11' title='bbox 994 275 1126 314; x_wconf 87' lang='lat' dir='ltr'>neque</span> <span class='ocrx_word' id='word_1_12' title='bbox 1153 268 1284 314; x_wconf 85' lang='lat' dir='ltr'>potest</span> <span class='ocrx_word' id='word_1_13' title='bbox 1311 261 1410 301; x_wconf 87' lang='lat' dir='ltr'>haec</span> <span class='ocrx_word' id='word_1_14' title='bbox 1437 274 1501 301; x_wconf 84' lang='lat' dir='ltr'>res</span> <span class='ocrx_word' id='word_1_15' title='bbox 1526 263 1734 316; x_wconf 86' lang='lat' dir='ltr'>perspicue</span> 
     </span>
     <span class='ocr_line' id='line_1_4' title="bbox 287 316 1733 370; baseline 0 -14"><span class='ocrx_word' id='word_1_16' title='bbox 287 320 345 357; x_wconf 88' lang='lat' dir='ltr'>sie</span> <span class='ocrx_word' id='word_1_17' title='bbox 373 316 562 368; x_wconf 78' lang='lat' dir='ltr'><strong>describi,</strong></span> <span class='ocrx_word' id='word_1_18' title='bbox 581 324 626 356; x_wconf 92' lang='lat' dir='ltr'>ut</span> <span class='ocrx_word' id='word_1_19' title='bbox 646 318 902 370; x_wconf 81' lang='lat' dir='ltr'><strong>percipiatur,</strong></span> <span class='ocrx_word' id='word_1_20' title='bbox 929 318 1005 355; x_wconf 89' lang='lat' dir='ltr'>nisi</span> <span class='ocrx_word' id='word_1_21' title='bbox 1026 317 1183 355; x_wconf 88' lang='lat' dir='ltr'>nummi</span> <span class='ocrx_word' id='word_1_22' title='bbox 1200 323 1240 355; x_wconf 91' lang='lat' dir='ltr'>et</span> <span class='ocrx_word' id='word_1_23' title='bbox 1266 323 1446 356; x_wconf 89' lang='lat' dir='ltr'>vetustae</span> <span class='ocrx_word' id='word_1_24' title='bbox 1473 318 1663 370; x_wconf 82' lang='lat' dir='ltr'>imagines</span> <span class='ocrx_word' id='word_1_25' title='bbox 1681 317 1733 356; x_wconf 88' lang='lat' dir='ltr'>ad</span> 
     </span>
     <span class='ocr_line' id='line_1_5' title="bbox 283 371 1731 426; baseline -0.001 -15"><span class='ocrx_word' id='word_1_26' title='bbox 283 386 449 411; x_wconf 89' lang='lat' dir='ltr'>manum</span> <span class='ocrx_word' id='word_1_27' title='bbox 478 374 558 411; x_wconf 88' lang='lat' dir='ltr'>sint</span> <span class='ocrx_word' id='word_1_28' title='bbox 575 378 615 411; x_wconf 88' lang='lat' dir='ltr'>et</span> <span class='ocrx_word' id='word_1_29' title='bbox 631 373 910 426; x_wconf 80' lang='lat' dir='ltr'>inspiciantur,</span> <span class='ocrx_word' id='word_1_30' title='bbox 935 386 957 410; x_wconf 92' lang='lat' dir='ltr'>e</span> <span class='ocrx_word' id='word_1_31' title='bbox 985 372 1130 424; x_wconf 91' lang='lat' dir='ltr'>quibus</span> <span class='ocrx_word' id='word_1_32' title='bbox 1149 379 1188 410; x_wconf 90' lang='lat' dir='ltr'>et</span> <span class='ocrx_word' id='word_1_33' title='bbox 1203 371 1474 412; x_wconf 75' lang='lat' dir='ltr'>diversitatem</span> <span class='ocrx_word' id='word_1_34' title='bbox 1494 372 1731 422; x_wconf 84' lang='lat' dir='ltr'>formarum,</span> 
     </span>
     <span class='ocr_line' id='line_1_6' title="bbox 285 426 1736 482; baseline -0.001 -15"><span class='ocrx_word' id='word_1_35' title='bbox 285 435 324 467; x_wconf 89' lang='lat' dir='ltr'>et</span> <span class='ocrx_word' id='word_1_36' title='bbox 342 427 545 482; x_wconf 91' lang='lat' dir='ltr'>quomodo</span> <span class='ocrx_word' id='word_1_37' title='bbox 567 441 750 467; x_wconf 89' lang='lat' dir='ltr'>successu</span> <span class='ocrx_word' id='word_1_38' title='bbox 775 428 965 480; x_wconf 87' lang='lat' dir='ltr'>temporis</span> <span class='ocrx_word' id='word_1_39' title='bbox 988 429 1113 480; x_wconf 84' lang='lat' dir='ltr'>magis</span> <span class='ocrx_word' id='word_1_40' title='bbox 1129 427 1370 480; x_wconf 85' lang='lat' dir='ltr'>compositae</span> <span class='ocrx_word' id='word_1_41' title='bbox 1388 435 1507 481; x_wconf 81' lang='lat' dir='ltr'>atque</span> <span class='ocrx_word' id='word_1_42' title='bbox 1536 426 1736 480; x_wconf 75' lang='grc' dir='ltr'><strong><em>φορτικαὶ</em></strong></span> 
     </span>
     <span class='ocr_line' id='line_1_7' title="bbox 283 481 1732 536; baseline -0.001 -14"><span class='ocrx_word' id='word_1_43' title='bbox 283 490 325 522; x_wconf 92' lang='lat' dir='ltr'>et</span> <span class='ocrx_word' id='word_1_44' title='bbox 352 482 559 522; x_wconf 81' lang='lat' dir='ltr'>affectatae</span> <span class='ocrx_word' id='word_1_45' title='bbox 586 482 836 536; x_wconf 87' lang='lat' dir='ltr'>simplicibus</span> <span class='ocrx_word' id='word_1_46' title='bbox 865 482 1157 536; x_wconf 84' lang='lat' dir='ltr'>antiquioribus</span> <span class='ocrx_word' id='word_1_47' title='bbox 1195 483 1455 522; x_wconf 88' lang='lat' dir='ltr'>successerint</span> <span class='ocrx_word' id='word_1_48' title='bbox 1473 512 1485 533; x_wconf 93' lang='lat'>‚</span> <span class='ocrx_word' id='word_1_49' title='bbox 1519 481 1732 535; x_wconf 84' lang='lat' dir='ltr'>intelligas.</span> 
     </span>
     <span class='ocr_line' id='line_1_8' title="bbox 286 537 1734 587; baseline 0 -11"><span class='ocrx_word' id='word_1_50' title='bbox 286 538 509 577; x_wconf 87' lang='lat' dir='ltr'>Gestabant</span> <span class='ocrx_word' id='word_1_51' title='bbox 532 567 543 586; x_wconf 86' lang='lat'>‚</span> <span class='ocrx_word' id='word_1_52' title='bbox 594 545 641 576; x_wconf 87' lang='lat' dir='ltr'>ut</span> <span class='ocrx_word' id='word_1_53' title='bbox 675 546 820 577; x_wconf 90' lang='lat' dir='ltr'>notum</span> <span class='ocrx_word' id='word_1_54' title='bbox 858 544 942 587; x_wconf 88' lang='lat' dir='ltr'>est,</span> <span class='ocrx_word' id='word_1_55' title='bbox 983 539 1128 577; x_wconf 89' lang='lat' dir='ltr'>veteris</span> <span class='ocrx_word' id='word_1_56' title='bbox 1154 538 1307 576; x_wconf 86' lang='lat' dir='ltr'>Romae</span> <span class='ocrx_word' id='word_1_57' title='bbox 1351 538 1536 577; x_wconf 89' lang='lat' dir='ltr'>consules</span> <span class='ocrx_word' id='word_1_58' title='bbox 1561 537 1734 576; x_wconf 83' lang='lat' dir='ltr'>trabeas.</span> 
     </span>
     <span class='ocr_line' id='line_1_9' title="bbox 284 592 1736 646; baseline -0.001 -14"><span class='ocrx_word' id='word_1_59' title='bbox 284 593 373 633; x_wconf 87' lang='lat' dir='ltr'>Hae</span> <span class='ocrx_word' id='word_1_60' title='bbox 403 600 518 632; x_wconf 85' lang='lat' dir='ltr'>erant</span> <span class='ocrx_word' id='word_1_61' title='bbox 557 592 629 632; x_wconf 88' lang='lat' dir='ltr'>lati</span> <span class='ocrx_word' id='word_1_62' title='bbox 668 593 771 632; x_wconf 87' lang='lat' dir='ltr'>clavi</span> <span class='ocrx_word' id='word_1_63' title='bbox 800 593 990 646; x_wconf 86' lang='lat' dir='ltr'>purpurei</span> <span class='ocrx_word' id='word_1_64' title='bbox 1021 622 1032 642; x_wconf 86' lang='lat'>‚</span> <span class='ocrx_word' id='word_1_65' title='bbox 1061 599 1178 646; x_wconf 82' lang='lat' dir='ltr'>togae</span> <span class='ocrx_word' id='word_1_66' title='bbox 1219 593 1358 631; x_wconf 87' lang='lat' dir='ltr'>intexti</span> <span class='ocrx_word' id='word_1_67' title='bbox 1401 601 1474 632; x_wconf 88' lang='lat' dir='ltr'>aut</span> <span class='ocrx_word' id='word_1_68' title='bbox 1499 594 1623 631; x_wconf 83' lang='lat' dir='ltr'>assuti</span> <span class='ocrx_word' id='word_1_69' title='bbox 1665 599 1736 632; x_wconf 83' lang='lat' dir='ltr'>aut</span> 
     </span>
     <span class='ocr_line' id='line_1_10' title="bbox 285 646 1734 701; baseline -0.001 -14"><span class='ocrx_word' id='word_1_70' title='bbox 285 648 460 701; x_wconf 87' lang='lat' dir='ltr'>denique</span> <span class='ocrx_word' id='word_1_71' title='bbox 489 647 614 687; x_wconf 89' lang='lat' dir='ltr'>libere</span> <span class='ocrx_word' id='word_1_72' title='bbox 652 649 937 701; x_wconf 68' lang='lat' dir='ltr'>superiniecfi,</span> <span class='ocrx_word' id='word_1_73' title='bbox 971 647 1021 686; x_wconf 90' lang='lat' dir='ltr'>ad</span> <span class='ocrx_word' id='word_1_74' title='bbox 1062 649 1187 686; x_wconf 88' lang='lat' dir='ltr'>instar</span> <span class='ocrx_word' id='word_1_75' title='bbox 1222 648 1348 687; x_wconf 88' lang='lat' dir='ltr'>trabis</span> <span class='ocrx_word' id='word_1_76' title='bbox 1387 655 1482 698; x_wconf 85' lang='lat' dir='ltr'>aut,</span> <span class='ocrx_word' id='word_1_77' title='bbox 1528 648 1561 686; x_wconf 90' lang='lat' dir='ltr'>si</span> <span class='ocrx_word' id='word_1_78' title='bbox 1589 646 1734 698; x_wconf 83' lang='lat' dir='ltr'>malis,</span> 
     </span>
     <span class='ocr_line' id='line_1_11' title="bbox 284 702 1734 756; baseline -0.001 -13"><span class='ocrx_word' id='word_1_79' title='bbox 284 703 439 743; x_wconf 81' lang='lat' dir='ltr'>balthei</span> <span class='ocrx_word' id='word_1_80' title='bbox 469 704 534 743; x_wconf 92' lang='lat' dir='ltr'>vel</span> <span class='ocrx_word' id='word_1_81' title='bbox 562 703 667 751; x_wconf 84' lang='lat' dir='ltr'>lori,</span> <span class='ocrx_word' id='word_1_82' title='bbox 709 718 778 756; x_wconf 80' lang='lat' dir='ltr'>pei·</span> <span class='ocrx_word' id='word_1_83' title='bbox 806 711 944 756; x_wconf 83' lang='lat' dir='ltr'>pectus</span> <span class='ocrx_word' id='word_1_84' title='bbox 973 709 1012 741; x_wconf 89' lang='lat' dir='ltr'>et</span> <span class='ocrx_word' id='word_1_85' title='bbox 1039 702 1204 742; x_wconf 87' lang='lat' dir='ltr'>dorsum</span> <span class='ocrx_word' id='word_1_86' title='bbox 1227 705 1486 742; x_wconf 88' lang='lat' dir='ltr'>transversim</span> <span class='ocrx_word' id='word_1_87' title='bbox 1513 710 1734 742; x_wconf 85' lang='lat' dir='ltr'>currentes.</span> 
     </span>
     <span class='ocr_line' id='line_1_12' title="bbox 285 757 1733 812; baseline 0 -15"><span class='ocrx_word' id='word_1_88' title='bbox 285 759 438 797; x_wconf 65' lang='lat' dir='ltr'>Desinit</span> <span class='ocrx_word' id='word_1_89' title='bbox 482 759 663 798; x_wconf 88' lang='lat' dir='ltr'>trabeam</span> <span class='ocrx_word' id='word_1_90' title='bbox 692 758 1018 798; x_wconf 78' lang='lat' dir='ltr'>montfauconius</span> <span class='ocrx_word' id='word_1_91' title='bbox 1055 758 1212 797; x_wconf 86' lang='lat' dir='ltr'>T.111.</span> <span class='ocrx_word' id='word_1_92' title='bbox 1252 758 1420 812; x_wconf 85' lang='lat' dir='ltr'>Antiqu.</span> <span class='ocrx_word' id='word_1_93' title='bbox 1458 757 1654 812; x_wconf 84' lang='lat' dir='ltr'>Explicat.</span> <span class='ocrx_word' id='word_1_94' title='bbox 1689 772 1733 811; x_wconf 89' lang='lat' dir='ltr'>p.</span> 
     </span>
     <span class='ocr_line' id='line_1_13' title="bbox 289 812 1736 868; baseline -0.001 -15"><span class='ocrx_word' id='word_1_95' title='bbox 289 813 357 865; x_wconf 68' lang='lat'>24.</span> <span class='ocrx_word' id='word_1_96' title='bbox 381 815 461 853; x_wconf 89' lang='lat' dir='ltr'>sic:</span> <span class='ocrx_word' id='word_1_97' title='bbox 491 815 534 853; x_wconf 87' lang='lat' dir='ltr'>la</span> <span class='ocrx_word' id='word_1_98' title='bbox 564 813 694 852; x_wconf 78' lang='lat' dir='ltr'>trabe&#39;e</span> <span class='ocrx_word' id='word_1_99' title='bbox 739 814 831 852; x_wconf 83' lang='lat' dir='ltr'>e&#39;toit</span> <span class='ocrx_word' id='word_1_100' title='bbox 863 814 968 852; x_wconf 81' lang='lat' dir='ltr'>ainsi</span> <span class='ocrx_word' id='word_1_101' title='bbox 1002 812 1183 867; x_wconf 79' lang='lat' dir='ltr'>appelle&#39;e</span> <span class='ocrx_word' id='word_1_102' title='bbox 1197 841 1208 863; x_wconf 90' lang='lat'>‚</span> <span class='ocrx_word' id='word_1_103' title='bbox 1240 828 1283 851; x_wconf 84' lang='lat' dir='ltr'>ce</span> <span class='ocrx_word' id='word_1_104' title='bbox 1315 829 1389 868; x_wconf 83' lang='lat' dir='ltr'>que</span> <span class='ocrx_word' id='word_1_105' title='bbox 1415 813 1497 852; x_wconf 86' lang='lat' dir='ltr'>l&#39;on</span> <span class='ocrx_word' id='word_1_106' title='bbox 1542 815 1656 861; x_wconf 85' lang='lat' dir='ltr'>croit,</span> <span class='ocrx_word' id='word_1_107' title='bbox 1684 813 1736 852; x_wconf 80' lang='lat' dir='ltr'>de</span> 
     </span>
     <span class='ocr_line' id='line_1_14' title="bbox 286 869 1738 924; baseline 0 -17"><span class='ocrx_word' id='word_1_108' title='bbox 286 870 475 908; x_wconf 77' lang='lat' dir='ltr'>cer-taines</span> <span class='ocrx_word' id='word_1_109' title='bbox 494 869 656 919; x_wconf 62' lang='lat' dir='ltr'>hames,</span> <span class='ocrx_word' id='word_1_110' title='bbox 677 870 747 924; x_wconf 81' lang='lat' dir='ltr'>qui</span> <span class='ocrx_word' id='word_1_111' title='bbox 768 869 1023 907; x_wconf 64' lang='lat' dir='ltr'>tranet-soient</span> <span class='ocrx_word' id='word_1_112' title='bbox 1045 883 1114 907; x_wconf 77' lang='lat' dir='ltr'>sut·</span> <span class='ocrx_word' id='word_1_113' title='bbox 1143 869 1185 906; x_wconf 87' lang='lat' dir='ltr'>la</span> <span class='ocrx_word' id='word_1_114' title='bbox 1201 869 1374 922; x_wconf 80' lang='lat' dir='ltr'>poitrine</span> <span class='ocrx_word' id='word_1_115' title='bbox 1395 869 1563 923; x_wconf 63' lang='lat' dir='ltr'>presque</span> <span class='ocrx_word' id='word_1_116' title='bbox 1586 882 1738 907; x_wconf 83' lang='lat' dir='ltr'>comme</span> 
     </span>
     <span class='ocr_line' id='line_1_15' title="bbox 288 923 1738 979; baseline 0 -16"><span class='ocrx_word' id='word_1_117' title='bbox 288 939 361 963; x_wconf 84' lang='lat' dir='ltr'>une</span> <span class='ocrx_word' id='word_1_118' title='bbox 383 926 550 979; x_wconf 82' lang='lat' dir='ltr'>echarpe</span> <span class='ocrx_word' id='word_1_119' title='bbox 575 925 675 962; x_wconf 78' lang='lat' dir='ltr'>mais</span> <span class='ocrx_word' id='word_1_120' title='bbox 703 925 773 979; x_wconf 79' lang='lat' dir='ltr'>qui</span> <span class='ocrx_word' id='word_1_121' title='bbox 792 923 933 962; x_wconf 84' lang='lat' dir='ltr'>e&#39;toient</span> <span class='ocrx_word' id='word_1_122' title='bbox 954 924 1085 962; x_wconf 76' lang='lat' dir='ltr'>tisszoes</span> <span class='ocrx_word' id='word_1_123' title='bbox 1108 923 1208 962; x_wconf 80' lang='lat' dir='ltr'>dans</span> <span class='ocrx_word' id='word_1_124' title='bbox 1230 923 1256 960; x_wconf 88' lang='lat' dir='ltr'>l’</span> <span class='ocrx_word' id='word_1_125' title='bbox 1283 924 1393 962; x_wconf 80' lang='lat' dir='ltr'>habit</span> <span class='ocrx_word' id='word_1_126' title='bbox 1422 925 1560 963; x_wconf 59' lang='lat' dir='ltr'>metne-</span> <span class='ocrx_word' id='word_1_127' title='bbox 1616 923 1738 963; x_wconf 83' lang='lat' dir='ltr'>Tales</span> 
     </span>
     <span class='ocr_line' id='line_1_16' title="bbox 287 976 1737 1031; baseline -0.001 -13"><span class='ocrx_word' id='word_1_128' title='bbox 287 979 422 1018; x_wconf 90' lang='lat' dir='ltr'>trabes</span> <span class='ocrx_word' id='word_1_129' title='bbox 448 979 514 1018; x_wconf 89' lang='lat' dir='ltr'>vel</span> <span class='ocrx_word' id='word_1_130' title='bbox 542 979 629 1018; x_wconf 88' lang='lat' dir='ltr'>lora</span> <span class='ocrx_word' id='word_1_131' title='bbox 657 985 883 1017; x_wconf 86' lang='lat' dir='ltr'>transversa</span> <span class='ocrx_word' id='word_1_132' title='bbox 932 985 1046 1016; x_wconf 85' lang='lat' dir='ltr'>erant</span> <span class='ocrx_word' id='word_1_133' title='bbox 1076 979 1190 1016; x_wconf 88' lang='lat' dir='ltr'>initio</span> <span class='ocrx_word' id='word_1_134' title='bbox 1221 976 1460 1031; x_wconf 83' lang='lat' dir='ltr'>singularia,</span> <span class='ocrx_word' id='word_1_135' title='bbox 1488 978 1530 1017; x_wconf 94' lang='lat' dir='ltr'>id</span> <span class='ocrx_word' id='word_1_136' title='bbox 1558 985 1617 1017; x_wconf 88' lang='lat' dir='ltr'>est</span> <span class='ocrx_word' id='word_1_137' title='bbox 1643 980 1737 1017; x_wconf 86' lang='lat' dir='ltr'>unis</span> 
     </span>
     <span class='ocr_line' id='line_1_17' title="bbox 289 1032 1738 1087; baseline -0.001 -14"><span class='ocrx_word' id='word_1_138' title='bbox 289 1048 372 1073; x_wconf 91' lang='lat' dir='ltr'>non</span> <span class='ocrx_word' id='word_1_139' title='bbox 401 1034 517 1087; x_wconf 84' lang='lat' dir='ltr'>plura</span> <span class='ocrx_word' id='word_1_140' title='bbox 537 1063 548 1084; x_wconf 89' lang='lat'>‚</span> <span class='ocrx_word' id='word_1_141' title='bbox 579 1041 620 1073; x_wconf 90' lang='lat' dir='ltr'>et</span> <span class='ocrx_word' id='word_1_142' title='bbox 649 1032 882 1073; x_wconf 89' lang='lat' dir='ltr'>consulibus</span> <span class='ocrx_word' id='word_1_143' title='bbox 908 1034 1096 1086; x_wconf 82' lang='lat' dir='ltr'>propria3</span> <span class='ocrx_word' id='word_1_144' title='bbox 1129 1033 1197 1072; x_wconf 88' lang='lat' dir='ltr'>sed</span> <span class='ocrx_word' id='word_1_145' title='bbox 1240 1047 1422 1073; x_wconf 87' lang='lat' dir='ltr'>successu</span> <span class='ocrx_word' id='word_1_146' title='bbox 1447 1034 1637 1087; x_wconf 85' lang='lat' dir='ltr'>temporis</span> <span class='ocrx_word' id='word_1_147' title='bbox 1666 1034 1738 1072; x_wconf 88' lang='lat' dir='ltr'>fie-</span> 
     </span>
     <span class='ocr_line' id='line_1_18' title="bbox 288 1088 1739 1142; baseline 0 -14"><span class='ocrx_word' id='word_1_148' title='bbox 288 1089 390 1128; x_wconf 88' lang='lat' dir='ltr'>bant</span> <span class='ocrx_word' id='word_1_149' title='bbox 430 1091 611 1142; x_wconf 85' lang='lat' dir='ltr'>gemina,</span> <span class='ocrx_word' id='word_1_150' title='bbox 650 1096 690 1127; x_wconf 90' lang='lat' dir='ltr'>et</span> <span class='ocrx_word' id='word_1_151' title='bbox 732 1088 1134 1127; x_wconf 86' lang='lat' dir='ltr'>communicabantur</span> <span class='ocrx_word' id='word_1_152' title='bbox 1168 1102 1250 1126; x_wconf 87' lang='lat' dir='ltr'>non</span> <span class='ocrx_word' id='word_1_153' title='bbox 1288 1095 1446 1128; x_wconf 87' lang='lat' dir='ltr'>tantum</span> <span class='ocrx_word' id='word_1_154' title='bbox 1487 1088 1739 1128; x_wconf 84' lang='lat' dir='ltr'>senatoribus</span> 
     </span>
     <span class='ocr_line' id='line_1_19' title="bbox 291 1143 1738 1194; baseline -0.001 -11"><span class='ocrx_word' id='word_1_155' title='bbox 291 1143 481 1184; x_wconf 84' lang='lat' dir='ltr'>omnibus</span> <span class='ocrx_word' id='word_1_156' title='bbox 501 1174 514 1194; x_wconf 95' lang='lat'>‚</span> <span class='ocrx_word' id='word_1_157' title='bbox 555 1143 624 1183; x_wconf 91' lang='lat' dir='ltr'>sed</span> <span class='ocrx_word' id='word_1_158' title='bbox 653 1143 771 1183; x_wconf 82' lang='lat' dir='ltr'>ctiam</span> <span class='ocrx_word' id='word_1_159' title='bbox 812 1143 1085 1182; x_wconf 83' lang='lat' dir='ltr'>sacerdotibus</span> <span class='ocrx_word' id='word_1_160' title='bbox 1112 1150 1151 1182; x_wconf 91' lang='lat' dir='ltr'>et</span> <span class='ocrx_word' id='word_1_161' title='bbox 1177 1143 1372 1185; x_wconf 87' lang='lat' dir='ltr'>foeminis.</span> <span class='ocrx_word' id='word_1_162' title='bbox 1427 1144 1475 1182; x_wconf 90' lang='lat' dir='ltr'>ln</span> <span class='ocrx_word' id='word_1_163' title='bbox 1503 1158 1599 1183; x_wconf 87' lang='lat' dir='ltr'>arcu</span> <span class='ocrx_word' id='word_1_164' title='bbox 1628 1144 1738 1183; x_wconf 91' lang='lat' dir='ltr'>Con-</span> 
     </span>
     <span class='ocr_line' id='line_1_20' title="bbox 248 1196 1737 1252; baseline 0.001 -14"><span class='ocrx_word' id='word_1_165' title='bbox 248 1196 254 1206; x_wconf 71' lang='lat'>¹</span> <span class='ocrx_word' id='word_1_166' title='bbox 290 1200 456 1238; x_wconf 83' lang='lat' dir='ltr'>stantini</span> <span class='ocrx_word' id='word_1_167' title='bbox 489 1200 548 1238; x_wconf 89' lang='lat' dir='ltr'>M.</span> <span class='ocrx_word' id='word_1_168' title='bbox 583 1199 690 1252; x_wconf 89' lang='lat' dir='ltr'>apud</span> <span class='ocrx_word' id='word_1_169' title='bbox 720 1199 892 1237; x_wconf 89' lang='lat' dir='ltr'>eundem</span> <span class='ocrx_word' id='word_1_170' title='bbox 907 1198 1254 1237; x_wconf 81' lang='lat' dir='ltr'>Montfaueonium</span> <span class='ocrx_word' id='word_1_171' title='bbox 1285 1198 1313 1237; x_wconf 89' lang='lat' dir='ltr'>l.</span> <span class='ocrx_word' id='word_1_172' title='bbox 1334 1214 1371 1238; x_wconf 86' lang='lat' dir='ltr'>c.</span> <span class='ocrx_word' id='word_1_173' title='bbox 1402 1199 1487 1238; x_wconf 88' lang='lat' dir='ltr'>tab.</span> <span class='ocrx_word' id='word_1_174' title='bbox 1519 1199 1576 1238; x_wconf 81' lang='lat'>13.</span> <span class='ocrx_word' id='word_1_175' title='bbox 1605 1213 1647 1252; x_wconf 87' lang='lat' dir='ltr'>p.</span> <span class='ocrx_word' id='word_1_176' title='bbox 1673 1199 1737 1241; x_wconf 80' lang='lat'>52.</span> 
     </span>
     <span class='ocr_line' id='line_1_21' title="bbox 291 1252 1738 1307; baseline 0.001 -15"><span class='ocrx_word' id='word_1_177' title='bbox 291 1254 333 1293; x_wconf 90' lang='lat' dir='ltr'>in</span> <span class='ocrx_word' id='word_1_178' title='bbox 363 1256 449 1307; x_wconf 89' lang='lat' dir='ltr'>ipso</span> <span class='ocrx_word' id='word_1_179' title='bbox 477 1254 738 1293; x_wconf 90' lang='lat' dir='ltr'>Constantino</span> <span class='ocrx_word' id='word_1_180' title='bbox 767 1261 807 1292; x_wconf 88' lang='lat' dir='ltr'>et</span> <span class='ocrx_word' id='word_1_181' title='bbox 831 1253 968 1292; x_wconf 89' lang='lat' dir='ltr'>multis</span> <span class='ocrx_word' id='word_1_182' title='bbox 996 1253 1245 1292; x_wconf 85' lang='lat' dir='ltr'>adstantibus</span> <span class='ocrx_word' id='word_1_183' title='bbox 1276 1255 1351 1306; x_wconf 90' lang='lat' dir='ltr'>ipsi</span> <span class='ocrx_word' id='word_1_184' title='bbox 1379 1253 1612 1307; x_wconf 88' lang='lat' dir='ltr'>proceribus</span> <span class='ocrx_word' id='word_1_185' title='bbox 1637 1252 1738 1294; x_wconf 86' lang='lat' dir='ltr'>tales</span> 
     </span>
     <span class='ocr_line' id='line_1_22' title="bbox 291 1308 1737 1362; baseline 0 -14"><span class='ocrx_word' id='word_1_186' title='bbox 291 1308 427 1348; x_wconf 88' lang='lat' dir='ltr'>trabes</span> <span class='ocrx_word' id='word_1_187' title='bbox 456 1323 526 1348; x_wconf 85' lang='lat' dir='ltr'>seu</span> <span class='ocrx_word' id='word_1_188' title='bbox 556 1309 643 1348; x_wconf 90' lang='lat' dir='ltr'>lora</span> <span class='ocrx_word' id='word_1_189' title='bbox 674 1316 812 1362; x_wconf 89' lang='lat' dir='ltr'>pectus</span> <span class='ocrx_word' id='word_1_190' title='bbox 841 1316 880 1347; x_wconf 89' lang='lat' dir='ltr'>et</span> <span class='ocrx_word' id='word_1_191' title='bbox 907 1308 1071 1347; x_wconf 84' lang='lat' dir='ltr'>dorsum</span> <span class='ocrx_word' id='word_1_192' title='bbox 1098 1315 1368 1347; x_wconf 85' lang='lat' dir='ltr'>transversum</span> <span class='ocrx_word' id='word_1_193' title='bbox 1387 1311 1559 1348; x_wconf 88' lang='lat' dir='ltr'>secantia</span> <span class='ocrx_word' id='word_1_194' title='bbox 1578 1311 1737 1362; x_wconf 88' lang='lat' dir='ltr'>conspi-</span> 
     </span>
     <span class='ocr_line' id='line_1_23' title="bbox 293 1363 1737 1418; baseline 0.001 -16"><span class='ocrx_word' id='word_1_195' title='bbox 293 1366 479 1412; x_wconf 85' lang='lat' dir='ltr'>ciuntur,</span> <span class='ocrx_word' id='word_1_196' title='bbox 528 1379 631 1418; x_wconf 90' lang='lat' dir='ltr'>quae</span> <span class='ocrx_word' id='word_1_197' title='bbox 655 1364 808 1403; x_wconf 87' lang='lat' dir='ltr'>balthei</span> <span class='ocrx_word' id='word_1_198' title='bbox 832 1364 898 1404; x_wconf 86' lang='lat' dir='ltr'>vix</span> <span class='ocrx_word' id='word_1_199' title='bbox 927 1363 1116 1403; x_wconf 87' lang='lat' dir='ltr'>videntur</span> <span class='ocrx_word' id='word_1_200' title='bbox 1145 1378 1251 1412; x_wconf 84' lang='lat' dir='ltr'>esse,</span> <span class='ocrx_word' id='word_1_201' title='bbox 1283 1364 1332 1403; x_wconf 90' lang='lat' dir='ltr'>de</span> <span class='ocrx_word' id='word_1_202' title='bbox 1359 1364 1506 1417; x_wconf 92' lang='lat' dir='ltr'>quibus</span> <span class='ocrx_word' id='word_1_203' title='bbox 1536 1364 1635 1403; x_wconf 87' lang='lat' dir='ltr'>haec</span> <span class='ocrx_word' id='word_1_204' title='bbox 1661 1364 1737 1404; x_wconf 86' lang='lat' dir='ltr'>ha-</span> 
     </span>
     <span class='ocr_line' id='line_1_24' title="bbox 294 1418 1739 1474; baseline 0.001 -16"><span class='ocrx_word' id='word_1_205' title='bbox 294 1418 365 1458; x_wconf 87' lang='lat' dir='ltr'>bet</span> <span class='ocrx_word' id='word_1_206' title='bbox 396 1419 582 1458; x_wconf 89' lang='lat' dir='ltr'>laudatus</span> <span class='ocrx_word' id='word_1_207' title='bbox 597 1419 845 1459; x_wconf 87' lang='lat' dir='ltr'>Monachus:</span> <span class='ocrx_word' id='word_1_208' title='bbox 879 1418 1106 1458; x_wconf 75' lang='lat' dir='ltr'>Constantia</span> <span class='ocrx_word' id='word_1_209' title='bbox 1135 1428 1248 1474; x_wconf 79' lang='lat' dir='ltr'>porte</span> <span class='ocrx_word' id='word_1_210' title='bbox 1269 1434 1317 1458; x_wconf 87' lang='lat' dir='ltr'>en</span> <span class='ocrx_word' id='word_1_211' title='bbox 1342 1419 1506 1474; x_wconf 71' lang='lat' dir='ltr'>e&#39;clzarpe</span> <span class='ocrx_word' id='word_1_212' title='bbox 1537 1434 1611 1458; x_wconf 87' lang='lat' dir='ltr'>une</span> <span class='ocrx_word' id='word_1_213' title='bbox 1627 1420 1739 1473; x_wconf 79' lang='lat' dir='ltr'>large</span> 
     </span>
     <span class='ocr_line' id='line_1_25' title="bbox 292 1474 1736 1529; baseline 0.001 -17"><span class='ocrx_word' id='word_1_214' title='bbox 292 1474 435 1525; x_wconf 82' lang='lat' dir='ltr'>bande,</span> <span class='ocrx_word' id='word_1_215' title='bbox 459 1483 663 1514; x_wconf 81' lang='lat' dir='ltr'>ornement</span> <span class='ocrx_word' id='word_1_216' title='bbox 692 1489 766 1529; x_wconf 82' lang='lat' dir='ltr'>que</span> <span class='ocrx_word' id='word_1_217' title='bbox 795 1483 954 1529; x_wconf 80' lang='lat' dir='ltr'>portent</span> <span class='ocrx_word' id='word_1_218' title='bbox 989 1475 1095 1513; x_wconf 78' lang='lat' dir='ltr'>aussi</span> <span class='ocrx_word' id='word_1_219' title='bbox 1108 1475 1298 1528; x_wconf 78' lang='lat' dir='ltr'>plusieurs</span> <span class='ocrx_word' id='word_1_220' title='bbox 1323 1475 1374 1513; x_wconf 86' lang='lat' dir='ltr'>de</span> <span class='ocrx_word' id='word_1_221' title='bbox 1412 1490 1457 1514; x_wconf 80' lang='lat' dir='ltr'>sa</span> <span class='ocrx_word' id='word_1_222' title='bbox 1490 1477 1736 1529; x_wconf 80' lang='lat' dir='ltr'>compagm&#39;e.</span> 
     </span>
     <span class='ocr_line' id='line_1_26' title="bbox 295 1527 1741 1585; baseline 0.001 -17"><span class='ocrx_word' id='word_1_223' title='bbox 295 1530 400 1569; x_wconf 72' lang='lat' dir='ltr'>Cc’tte</span> <span class='ocrx_word' id='word_1_224' title='bbox 424 1529 589 1584; x_wconf 76' lang='lat' dir='ltr'>e&#39;clzarpe</span> <span class='ocrx_word' id='word_1_225' title='bbox 615 1530 839 1584; x_wconf 82' lang='lat' dir='ltr'>s&#39;appelloit</span> <span class='ocrx_word' id='word_1_226' title='bbox 871 1527 978 1568; x_wconf 84' lang='lat' dir='ltr'>selon</span> <span class='ocrx_word' id='word_1_227' title='bbox 1024 1530 1277 1585; x_wconf 77' lang='lat' dir='ltr'>quelqlaesuns</span> <span class='ocrx_word' id='word_1_228' title='bbox 1311 1531 1486 1568; x_wconf 75' lang='lat' dir='ltr'>orarium</span> <span class='ocrx_word' id='word_1_229' title='bbox 1506 1539 1543 1568; x_wconf 87' lang='lat' dir='ltr'>et</span> <span class='ocrx_word' id='word_1_230' title='bbox 1556 1531 1741 1581; x_wconf 70' lang='lat' dir='ltr'>fictjbrt</span> 
     </span>
     <span class='ocr_line' id='line_1_27' title="bbox 291 1584 1739 1640; baseline 0.001 -17"><span class='ocrx_word' id='word_1_231' title='bbox 291 1599 340 1624; x_wconf 83' lang='lat' dir='ltr'>en</span> <span class='ocrx_word' id='word_1_232' title='bbox 371 1599 486 1637; x_wconf 79' lang='lat' dir='ltr'>usage</span> <span class='ocrx_word' id='word_1_233' title='bbox 509 1586 610 1624; x_wconf 77' lang='lat' dir='ltr'>dans</span> <span class='ocrx_word' id='word_1_234' title='bbox 632 1586 687 1623; x_wconf 84' lang='lat' dir='ltr'>les</span> <span class='ocrx_word' id='word_1_235' title='bbox 717 1594 814 1623; x_wconf 78' lang='lat' dir='ltr'>tems</span> <span class='ocrx_word' id='word_1_236' title='bbox 829 1584 1077 1639; x_wconf 53' lang='lat' dir='ltr'>postera-urs.</span> <span class='ocrx_word' id='word_1_237' title='bbox 1142 1585 1207 1623; x_wconf 86' lang='lat' dir='ltr'>On</span> <span class='ocrx_word' id='word_1_238' title='bbox 1233 1586 1354 1634; x_wconf 76' lang='lat' dir='ltr'>croit,</span> <span class='ocrx_word' id='word_1_239' title='bbox 1373 1600 1446 1640; x_wconf 83' lang='lat' dir='ltr'>qzoe</span> <span class='ocrx_word' id='word_1_240' title='bbox 1466 1586 1508 1623; x_wconf 85' lang='lat' dir='ltr'>la</span> <span class='ocrx_word' id='word_1_241' title='bbox 1551 1585 1643 1623; x_wconf 82' lang='lat' dir='ltr'>robe</span> <span class='ocrx_word' id='word_1_242' title='bbox 1668 1598 1739 1625; x_wconf 77' lang='lat' dir='ltr'>sur</span> 
     </span>
     <span class='ocr_line' id='line_1_28' title="bbox 286 1638 1736 1695; baseline 0.002 -18"><span class='ocrx_word' id='word_1_243' title='bbox 286 1640 464 1695; x_wconf 79' lang='lat' dir='ltr'>laquelle</span> <span class='ocrx_word' id='word_1_244' title='bbox 493 1655 544 1679; x_wconf 88' lang='lat' dir='ltr'>on</span> <span class='ocrx_word' id='word_1_245' title='bbox 587 1642 737 1694; x_wconf 76' lang='lat' dir='ltr'>portoit</span> <span class='ocrx_word' id='word_1_246' title='bbox 778 1654 838 1678; x_wconf 79' lang='lat' dir='ltr'>ces</span> <span class='ocrx_word' id='word_1_247' title='bbox 868 1640 1012 1679; x_wconf 78' lang='lat' dir='ltr'>bandes</span> <span class='ocrx_word' id='word_1_248' title='bbox 1047 1655 1095 1678; x_wconf 83' lang='lat' dir='ltr'>en</span> <span class='ocrx_word' id='word_1_249' title='bbox 1112 1638 1300 1694; x_wconf 80' lang='lat' dir='ltr'>e&#39;clearpe,</span> <span class='ocrx_word' id='word_1_250' title='bbox 1327 1640 1551 1695; x_wconf 81' lang='lat' dir='ltr'>s&#39;appelloit</span> <span class='ocrx_word' id='word_1_251' title='bbox 1577 1640 1710 1680; x_wconf 85' lang='lat' dir='ltr'>trabea</span> <span class='ocrx_word' id='word_1_252' title='bbox 1723 1669 1736 1692; x_wconf 90' lang='lat'><strong>‚</strong></span> 
     </span>
     <span class='ocr_line' id='line_1_29' title="bbox 291 1695 1103 1750; baseline 0 -17"><span class='ocrx_word' id='word_1_253' title='bbox 291 1704 330 1734; x_wconf 78' lang='lat' dir='ltr'>et</span> <span class='ocrx_word' id='word_1_254' title='bbox 351 1695 492 1750; x_wconf 76' lang='lat' dir='ltr'>qu&#39;elle</span> <span class='ocrx_word' id='word_1_255' title='bbox 527 1695 637 1734; x_wconf 75' lang='lat' dir='ltr'>avoit</span> <span class='ocrx_word' id='word_1_256' title='bbox 656 1696 744 1750; x_wconf 81' lang='lat' dir='ltr'>pris</span> <span class='ocrx_word' id='word_1_257' title='bbox 774 1709 843 1734; x_wconf 80' lang='lat' dir='ltr'>son</span> <span class='ocrx_word' id='word_1_258' title='bbox 857 1709 949 1734; x_wconf 83' lang='lat' dir='ltr'>nom</span> <span class='ocrx_word' id='word_1_259' title='bbox 970 1695 1020 1733; x_wconf 85' lang='lat' dir='ltr'>de</span> <span class='ocrx_word' id='word_1_260' title='bbox 1046 1696 1103 1733; x_wconf 63' lang='lat' dir='ltr'>lez.</span> 
     </span>
    </p>

    <p class='ocr_par' dir='ltr' id='par_1_4' title="bbox 290 1749 1738 2795">
     <span class='ocr_line' id='line_1_30' title="bbox 403 1749 1738 1803; baseline 0.001 -15"><span class='ocrx_word' id='word_1_261' title='bbox 403 1750 773 1790; x_wconf 88' lang='lat' dir='ltr'>Animadvertenda</span> <span class='ocrx_word' id='word_1_262' title='bbox 818 1750 933 1789; x_wconf 90' lang='lat' dir='ltr'>nobis</span> <span class='ocrx_word' id='word_1_263' title='bbox 977 1749 1028 1789; x_wconf 90' lang='lat' dir='ltr'>ad</span> <span class='ocrx_word' id='word_1_264' title='bbox 1068 1750 1177 1788; x_wconf 88' lang='lat' dir='ltr'>hunc</span> <span class='ocrx_word' id='word_1_265' title='bbox 1213 1750 1346 1789; x_wconf 88' lang='lat' dir='ltr'>locum</span> <span class='ocrx_word' id='word_1_266' title='bbox 1387 1749 1580 1803; x_wconf 88' lang='lat' dir='ltr'>quaedam</span> <span class='ocrx_word' id='word_1_267' title='bbox 1615 1757 1738 1802; x_wconf 85' lang='lat' dir='ltr'>sunt,</span> 
     </span>
     <span class='ocr_line' id='line_1_31' title="bbox 291 1804 1738 1859; baseline 0.001 -16"><span class='ocrx_word' id='word_1_268' title='bbox 291 1818 396 1858; x_wconf 87' lang='lat' dir='ltr'>quae</span> <span class='ocrx_word' id='word_1_269' title='bbox 425 1807 529 1844; x_wconf 87' lang='lat' dir='ltr'>inter</span> <span class='ocrx_word' id='word_1_270' title='bbox 556 1806 632 1844; x_wconf 87' lang='lat' dir='ltr'>hoc</span> <span class='ocrx_word' id='word_1_271' title='bbox 658 1807 847 1859; x_wconf 87' lang='lat' dir='ltr'>primum.</span> <span class='ocrx_word' id='word_1_272' title='bbox 917 1805 1089 1844; x_wconf 89' lang='lat' dir='ltr'>Taenias</span> <span class='ocrx_word' id='word_1_273' title='bbox 1116 1804 1203 1844; x_wconf 89' lang='lat' dir='ltr'>illas</span> <span class='ocrx_word' id='word_1_274' title='bbox 1231 1805 1425 1844; x_wconf 86' lang='lat' dir='ltr'>coloratas</span> <span class='ocrx_word' id='word_1_275' title='bbox 1441 1835 1452 1853; x_wconf 88' lang='lat'>‚</span> <span class='ocrx_word' id='word_1_276' title='bbox 1483 1820 1582 1859; x_wconf 91' lang='lat' dir='ltr'>quas</span> <span class='ocrx_word' id='word_1_277' title='bbox 1606 1813 1738 1859; x_wconf 89' lang='lat' dir='ltr'>gesta-</span> 
     </span>
     <span class='ocr_line' id='line_1_32' title="bbox 293 1859 1738 1914; baseline 0.001 -16"><span class='ocrx_word' id='word_1_278' title='bbox 293 1874 337 1898; x_wconf 89' lang='lat' dir='ltr'>re</span> <span class='ocrx_word' id='word_1_279' title='bbox 367 1859 494 1899; x_wconf 89' lang='lat' dir='ltr'>solent</span> <span class='ocrx_word' id='word_1_280' title='bbox 522 1875 705 1914; x_wconf 85' lang='lat' dir='ltr'>proceres</span> <span class='ocrx_word' id='word_1_281' title='bbox 755 1860 875 1900; x_wconf 89' lang='lat' dir='ltr'>hodie</span> <span class='ocrx_word' id='word_1_282' title='bbox 918 1859 1052 1913; x_wconf 85' lang='lat' dir='ltr'>aliquo</span> <span class='ocrx_word' id='word_1_283' title='bbox 1079 1861 1134 1899; x_wconf 90' lang='lat' dir='ltr'>sic</span> <span class='ocrx_word' id='word_1_284' title='bbox 1169 1860 1367 1899; x_wconf 89' lang='lat' dir='ltr'>dictorum</span> <span class='ocrx_word' id='word_1_285' title='bbox 1394 1860 1583 1900; x_wconf 84' lang='lat' dir='ltr'>ordinum</span> <span class='ocrx_word' id='word_1_286' title='bbox 1613 1875 1738 1913; x_wconf 89' lang='lat' dir='ltr'>eque-</span> 
     </span>
     <span class='ocr_line' id='line_1_33' title="bbox 293 1915 1736 1968; baseline 0.002 -16"><span class='ocrx_word' id='word_1_287' title='bbox 293 1916 436 1953; x_wconf 90' lang='lat' dir='ltr'>strium</span> <span class='ocrx_word' id='word_1_288' title='bbox 481 1915 667 1955; x_wconf 87' lang='lat' dir='ltr'>honorati</span> <span class='ocrx_word' id='word_1_289' title='bbox 688 1945 700 1965; x_wconf 89' lang='lat'><em>,</em></span> <span class='ocrx_word' id='word_1_290' title='bbox 747 1916 923 1968; x_wconf 82' lang='lat' dir='ltr'>(cordons</span> <span class='ocrx_word' id='word_1_291' title='bbox 964 1915 1166 1968; x_wconf 85' lang='lat' dir='ltr'>appellant</span> <span class='ocrx_word' id='word_1_292' title='bbox 1204 1916 1376 1965; x_wconf 87' lang='lat' dir='ltr'>Franci,</span> <span class='ocrx_word' id='word_1_293' title='bbox 1423 1923 1470 1954; x_wconf 92' lang='lat' dir='ltr'>ut</span> <span class='ocrx_word' id='word_1_294' title='bbox 1525 1917 1562 1954; x_wconf 86' lang='lat' dir='ltr'>le</span> <span class='ocrx_word' id='word_1_295' title='bbox 1586 1917 1736 1956; x_wconf 76' lang='lat' dir='ltr'>cordon</span> 
     </span>
     <span class='ocr_line' id='line_1_34' title="bbox 290 1970 1737 2025; baseline 0.002 -18"><span class='ocrx_word' id='word_1_296' title='bbox 290 1970 379 2008; x_wconf 75' lang='lat' dir='ltr'>hlea</span> <span class='ocrx_word' id='word_1_297' title='bbox 409 1970 503 2025; x_wconf 86' lang='lat' dir='ltr'>etc.)</span> <span class='ocrx_word' id='word_1_298' title='bbox 534 1972 663 2010; x_wconf 89' lang='lat' dir='ltr'>videri</span> <span class='ocrx_word' id='word_1_299' title='bbox 692 1970 743 2009; x_wconf 89' lang='lat' dir='ltr'>ab</span> <span class='ocrx_word' id='word_1_300' title='bbox 774 1971 836 2010; x_wconf 91' lang='lat' dir='ltr'>his</span> <span class='ocrx_word' id='word_1_301' title='bbox 863 1970 1061 2018; x_wconf 86' lang='lat' dir='ltr'>trabibus,</span> <span class='ocrx_word' id='word_1_302' title='bbox 1094 1970 1242 2010; x_wconf 86' lang='lat' dir='ltr'>trabeis</span> <span class='ocrx_word' id='word_1_303' title='bbox 1261 2001 1272 2021; x_wconf 88' lang='lat'>,</span> <span class='ocrx_word' id='word_1_304' title='bbox 1301 1971 1423 2020; x_wconf 87' lang='lat' dir='ltr'>loris,</span> <span class='ocrx_word' id='word_1_305' title='bbox 1459 1970 1628 2010; x_wconf 74' lang='lat' dir='ltr'>baltheis</span> <span class='ocrx_word' id='word_1_306' title='bbox 1647 1999 1659 2021; x_wconf 91' lang='lat'>,</span> <span class='ocrx_word' id='word_1_307' title='bbox 1689 1978 1737 2010; x_wconf 84' lang='lat' dir='ltr'>ut</span> 
     </span>
     <span class='ocr_line' id='line_1_35' title="bbox 293 2024 1737 2080; baseline 0.001 -17"><span class='ocrx_word' id='word_1_308' title='bbox 293 2024 495 2078; x_wconf 87' lang='lat' dir='ltr'>appellare</span> <span class='ocrx_word' id='word_1_309' title='bbox 523 2026 663 2075; x_wconf 89' lang='lat' dir='ltr'>malis,</span> <span class='ocrx_word' id='word_1_310' title='bbox 696 2027 890 2080; x_wconf 84' lang='lat' dir='ltr'>originem</span> <span class='ocrx_word' id='word_1_311' title='bbox 925 2026 1102 2064; x_wconf 82' lang='lat' dir='ltr'>traxisse.</span> <span class='ocrx_word' id='word_1_312' title='bbox 1159 2025 1343 2065; x_wconf 89' lang='lat' dir='ltr'>Alterum</span> <span class='ocrx_word' id='word_1_313' title='bbox 1364 2057 1374 2074; x_wconf 88' lang='lat'>‚</span> <span class='ocrx_word' id='word_1_314' title='bbox 1405 2027 1438 2065; x_wconf 87' lang='lat' dir='ltr'>si</span> <span class='ocrx_word' id='word_1_315' title='bbox 1463 2041 1534 2079; x_wconf 88' lang='lat' dir='ltr'>per</span> <span class='ocrx_word' id='word_1_316' title='bbox 1557 2027 1737 2066; x_wconf 79' lang='lat' dir='ltr'>orarium</span> 
     </span>
     <span class='ocr_line' id='line_1_36' title="bbox 292 2079 1736 2134; baseline 0.001 -16"><span class='ocrx_word' id='word_1_317' title='bbox 292 2079 530 2133; x_wconf 82' lang='lat' dir='ltr'>intelligitur</span> <span class='ocrx_word' id='word_1_318' title='bbox 556 2081 624 2120; x_wconf 89' lang='lat' dir='ltr'>illa</span> <span class='ocrx_word' id='word_1_319' title='bbox 652 2082 798 2129; x_wconf 87' lang='lat' dir='ltr'>taenia,</span> <span class='ocrx_word' id='word_1_320' title='bbox 829 2095 949 2134; x_wconf 91' lang='lat' dir='ltr'>quam</span> <span class='ocrx_word' id='word_1_321' title='bbox 963 2081 1187 2120; x_wconf 88' lang='lat' dir='ltr'>sacerdotes</span> <span class='ocrx_word' id='word_1_322' title='bbox 1216 2080 1401 2120; x_wconf 87' lang='lat' dir='ltr'>ecclesiae</span> <span class='ocrx_word' id='word_1_323' title='bbox 1429 2081 1629 2121; x_wconf 83' lang='lat' dir='ltr'>Romanae</span> <span class='ocrx_word' id='word_1_324' title='bbox 1656 2083 1736 2120; x_wconf 89' lang='lat' dir='ltr'>cir-</span> 
     </span>
     <span class='ocr_line' id='line_1_37' title="bbox 294 2135 1735 2190; baseline 0.002 -17"><span class='ocrx_word' id='word_1_325' title='bbox 294 2149 340 2173; x_wconf 91' lang='lat' dir='ltr'>ca</span> <span class='ocrx_word' id='word_1_326' title='bbox 369 2135 518 2174; x_wconf 88' lang='lat' dir='ltr'>collum</span> <span class='ocrx_word' id='word_1_327' title='bbox 554 2144 699 2190; x_wconf 87' lang='lat' dir='ltr'>gerunt</span> <span class='ocrx_word' id='word_1_328' title='bbox 733 2138 924 2189; x_wconf 88' lang='lat' dir='ltr'>utrinque</span> <span class='ocrx_word' id='word_1_329' title='bbox 965 2150 1084 2188; x_wconf 88' lang='lat' dir='ltr'>super</span> <span class='ocrx_word' id='word_1_330' title='bbox 1114 2143 1251 2189; x_wconf 89' lang='lat' dir='ltr'>pectus</span> <span class='ocrx_word' id='word_1_331' title='bbox 1278 2143 1386 2175; x_wconf 81' lang='lat' dir='ltr'>recta</span> <span class='ocrx_word' id='word_1_332' title='bbox 1414 2136 1520 2176; x_wconf 89' lang='lat' dir='ltr'>linea</span> <span class='ocrx_word' id='word_1_333' title='bbox 1549 2137 1735 2176; x_wconf 87' lang='lat' dir='ltr'>deorsum</span> 
     </span>
     <span class='ocr_line' id='line_1_38' title="bbox 292 2191 1733 2244; baseline 0.001 -15"><span class='ocrx_word' id='word_1_334' title='bbox 292 2191 562 2244; x_wconf 85' lang='lat' dir='ltr'>pendentem,</span> <span class='ocrx_word' id='word_1_335' title='bbox 608 2199 677 2230; x_wconf 91' lang='lat' dir='ltr'>aut</span> <span class='ocrx_word' id='word_1_336' title='bbox 702 2193 822 2231; x_wconf 87' lang='lat' dir='ltr'>etiam</span> <span class='ocrx_word' id='word_1_337' title='bbox 851 2192 1086 2230; x_wconf 85' lang='lat' dir='ltr'>decussatim</span> <span class='ocrx_word' id='word_1_338' title='bbox 1116 2191 1167 2229; x_wconf 91' lang='lat' dir='ltr'>ad</span> <span class='ocrx_word' id='word_1_339' title='bbox 1195 2192 1363 2231; x_wconf 85' lang='lat' dir='ltr'>formam</span> <span class='ocrx_word' id='word_1_340' title='bbox 1395 2194 1522 2232; x_wconf 82' lang='lat' dir='ltr'>crucis</span> <span class='ocrx_word' id='word_1_341' title='bbox 1550 2192 1733 2231; x_wconf 82' lang='lat' dir='ltr'>Andrea-</span> 
     </span>
     <span class='ocr_line' id='line_1_39' title="bbox 296 2246 1734 2300; baseline 0.001 -17"><span class='ocrx_word' id='word_1_342' title='bbox 296 2259 374 2284; x_wconf 87' lang='lat' dir='ltr'>nac</span> <span class='ocrx_word' id='word_1_343' title='bbox 412 2249 696 2300; x_wconf 83' lang='lat' dir='ltr'>compositam,</span> <span class='ocrx_word' id='word_1_344' title='bbox 739 2247 893 2296; x_wconf 78' lang='lat' dir='ltr'>(stolam</span> <span class='ocrx_word' id='word_1_345' title='bbox 909 2276 919 2293; x_wconf 88' lang='lat'><em>‚</em></span> <span class='ocrx_word' id='word_1_346' title='bbox 969 2247 1010 2284; x_wconf 89' lang='lat' dir='ltr'>ni</span> <span class='ocrx_word' id='word_1_347' title='bbox 1039 2246 1181 2296; x_wconf 85' lang='lat' dir='ltr'>fallor,</span> <span class='ocrx_word' id='word_1_348' title='bbox 1206 2247 1326 2286; x_wconf 89' lang='lat' dir='ltr'>hodie</span> <span class='ocrx_word' id='word_1_349' title='bbox 1353 2247 1555 2300; x_wconf 86' lang='lat' dir='ltr'>appellant</span> <span class='ocrx_word' id='word_1_350' title='bbox 1571 2249 1599 2298; x_wconf 88' lang='lat'>‚)</span> <span class='ocrx_word' id='word_1_351' title='bbox 1626 2253 1734 2285; x_wconf 86' lang='lat' dir='ltr'>recte</span> 
     </span>
     <span class='ocr_line' id='line_1_40' title="bbox 293 2298 1733 2355; baseline 0.001 -17"><span class='ocrx_word' id='word_1_352' title='bbox 293 2298 416 2339; x_wconf 84' lang='lat' dir='ltr'>habet</span> <span class='ocrx_word' id='word_1_353' title='bbox 446 2302 554 2355; x_wconf 89' lang='lat' dir='ltr'>quod</span> <span class='ocrx_word' id='word_1_354' title='bbox 602 2302 766 2351; x_wconf 82' lang='lat' dir='ltr'>asserit,</span> <span class='ocrx_word' id='word_1_355' title='bbox 809 2302 986 2340; x_wconf 89' lang='lat' dir='ltr'>orarium</span> <span class='ocrx_word' id='word_1_356' title='bbox 1028 2309 1067 2340; x_wconf 89' lang='lat' dir='ltr'>et</span> <span class='ocrx_word' id='word_1_357' title='bbox 1105 2302 1284 2341; x_wconf 88' lang='lat' dir='ltr'>trabeam</span> <span class='ocrx_word' id='word_1_358' title='bbox 1329 2303 1433 2341; x_wconf 90' lang='lat' dir='ltr'>idem</span> <span class='ocrx_word' id='word_1_359' title='bbox 1459 2302 1604 2352; x_wconf 82' lang='lat' dir='ltr'>fuisse3</span> <span class='ocrx_word' id='word_1_360' title='bbox 1634 2308 1674 2340; x_wconf 90' lang='lat' dir='ltr'>et</span> <span class='ocrx_word' id='word_1_361' title='bbox 1699 2301 1733 2340; x_wconf 88' lang='lat' dir='ltr'>si</span> 
     </span>
     <span class='ocr_line' id='line_1_41' title="bbox 294 2353 1733 2410; baseline 0.001 -17"><span class='ocrx_word' id='word_1_362' title='bbox 294 2353 478 2408; x_wconf 80' lang='lat' dir='ltr'>legimus,</span> <span class='ocrx_word' id='word_1_363' title='bbox 511 2372 532 2396; x_wconf 92' lang='lat' dir='ltr'>a</span> <span class='ocrx_word' id='word_1_364' title='bbox 553 2357 814 2396; x_wconf 88' lang='lat' dir='ltr'>Constantino</span> <span class='ocrx_word' id='word_1_365' title='bbox 847 2357 905 2394; x_wconf 87' lang='lat' dir='ltr'>M.</span> <span class='ocrx_word' id='word_1_366' title='bbox 924 2370 1152 2396; x_wconf 89' lang='lat' dir='ltr'>concessum</span> <span class='ocrx_word' id='word_1_367' title='bbox 1190 2357 1322 2408; x_wconf 85' lang='lat' dir='ltr'>clero,</span> <span class='ocrx_word' id='word_1_368' title='bbox 1351 2365 1397 2396; x_wconf 90' lang='lat' dir='ltr'>ut</span> <span class='ocrx_word' id='word_1_369' title='bbox 1425 2357 1733 2410; x_wconf 86' lang='lat' dir='ltr'>superhumera-</span> 
     </span>
     <span class='ocr_line' id='line_1_42' title="bbox 293 2408 1733 2465; baseline 0.001 -18"><span class='ocrx_word' id='word_1_370' title='bbox 293 2408 323 2447; x_wconf 90' lang='lat' dir='ltr'>li</span> <span class='ocrx_word' id='word_1_371' title='bbox 353 2410 418 2449; x_wconf 93' lang='lat' dir='ltr'>vel</span> <span class='ocrx_word' id='word_1_372' title='bbox 452 2411 539 2451; x_wconf 92' lang='lat' dir='ltr'>loro</span> <span class='ocrx_word' id='word_1_373' title='bbox 568 2419 771 2459; x_wconf 87' lang='lat' dir='ltr'>uteretur,</span> <span class='ocrx_word' id='word_1_374' title='bbox 812 2411 1119 2465; x_wconf 86' lang='lat' dir='ltr'>ordinatumque</span> <span class='ocrx_word' id='word_1_375' title='bbox 1146 2412 1267 2452; x_wconf 85' lang='lat' dir='ltr'>fuisse</span> <span class='ocrx_word' id='word_1_376' title='bbox 1293 2428 1316 2452; x_wconf 88' lang='lat' dir='ltr'>a</span> <span class='ocrx_word' id='word_1_377' title='bbox 1347 2413 1529 2462; x_wconf 87' lang='lat' dir='ltr'>clericis,</span> <span class='ocrx_word' id='word_1_378' title='bbox 1558 2418 1604 2449; x_wconf 92' lang='lat' dir='ltr'>ut</span> <span class='ocrx_word' id='word_1_379' title='bbox 1640 2425 1733 2463; x_wconf 86' lang='lat' dir='ltr'>pre-</span> 
     </span>
     <span class='ocr_line' id='line_1_43' title="bbox 297 2463 1733 2520; baseline 0.001 -18"><span class='ocrx_word' id='word_1_380' title='bbox 297 2463 448 2518; x_wconf 83' lang='lat' dir='ltr'>sbyteri</span> <span class='ocrx_word' id='word_1_381' title='bbox 479 2466 804 2520; x_wconf 87' lang='lat' dir='ltr'>superhumerale</span> <span class='ocrx_word' id='word_1_382' title='bbox 847 2481 965 2519; x_wconf 86' lang='lat' dir='ltr'>super</span> <span class='ocrx_word' id='word_1_383' title='bbox 995 2474 1166 2520; x_wconf 91' lang='lat' dir='ltr'>utroque</span> <span class='ocrx_word' id='word_1_384' title='bbox 1205 2468 1400 2518; x_wconf 88' lang='lat' dir='ltr'>humero,</span> <span class='ocrx_word' id='word_1_385' title='bbox 1421 2467 1594 2505; x_wconf 79' lang='lat' dir='ltr'>&#39;diaconi</span> <span class='ocrx_word' id='word_1_386' title='bbox 1635 2480 1733 2505; x_wconf 83' lang='lat' dir='ltr'>vero</span> 
     </span>
     <span class='ocr_line' id='line_1_44' title="bbox 293 2520 1732 2575; baseline 0.003 -20"><span class='ocrx_word' id='word_1_387' title='bbox 293 2523 574 2561; x_wconf 86' lang='lat' dir='ltr'>tantummodo</span> <span class='ocrx_word' id='word_1_388' title='bbox 603 2537 722 2575; x_wconf 89' lang='lat' dir='ltr'>super</span> <span class='ocrx_word' id='word_1_389' title='bbox 749 2536 830 2560; x_wconf 88' lang='lat' dir='ltr'>uno</span> <span class='ocrx_word' id='word_1_390' title='bbox 861 2530 1068 2574; x_wconf 85' lang='lat' dir='ltr'>gererent,</span> <span class='ocrx_word' id='word_1_391' title='bbox 1100 2523 1141 2560; x_wconf 92' lang='lat' dir='ltr'>id</span> <span class='ocrx_word' id='word_1_392' title='bbox 1171 2523 1220 2561; x_wconf 91' lang='lat' dir='ltr'>de</span> <span class='ocrx_word' id='word_1_393' title='bbox 1247 2523 1334 2562; x_wconf 92' lang='lat' dir='ltr'>loro</span> <span class='ocrx_word' id='word_1_394' title='bbox 1359 2521 1422 2561; x_wconf 92' lang='lat' dir='ltr'>vel</span> <span class='ocrx_word' id='word_1_395' title='bbox 1450 2520 1550 2560; x_wconf 89' lang='lat' dir='ltr'>stola</span> <span class='ocrx_word' id='word_1_396' title='bbox 1576 2521 1651 2560; x_wconf 89' lang='lat' dir='ltr'>hac</span> <span class='ocrx_word' id='word_1_397' title='bbox 1670 2522 1732 2560; x_wconf 86' lang='lat' dir='ltr'>in-</span> 
     </span>
     <span class='ocr_line' id='line_1_45' title="bbox 293 2573 1731 2631; baseline 0.003 -21"><span class='ocrx_word' id='word_1_398' title='bbox 293 2573 551 2627; x_wconf 81' lang='lat' dir='ltr'>telligendum</span> <span class='ocrx_word' id='word_1_399' title='bbox 580 2592 675 2617; x_wconf 88' lang='lat' dir='ltr'>esse.</span> <span class='ocrx_word' id='word_1_400' title='bbox 741 2577 879 2615; x_wconf 89' lang='lat' dir='ltr'>Tertio</span> <span class='ocrx_word' id='word_1_401' title='bbox 920 2584 1028 2630; x_wconf 88' lang='lat' dir='ltr'>patet</span> <span class='ocrx_word' id='word_1_402' title='bbox 1055 2578 1148 2616; x_wconf 91' lang='lat' dir='ltr'>hinc</span> <span class='ocrx_word' id='word_1_403' title='bbox 1176 2579 1287 2631; x_wconf 83' lang='lat' dir='ltr'>origo</span> <span class='ocrx_word' id='word_1_404' title='bbox 1311 2578 1451 2616; x_wconf 84' lang='lat' dir='ltr'>talium</span> <span class='ocrx_word' id='word_1_405' title='bbox 1477 2576 1699 2615; x_wconf 77' lang='lat' dir='ltr'>oran-iorum</span> <span class='ocrx_word' id='word_1_406' title='bbox 1716 2606 1731 2628; x_wconf 90' lang='lat'>‚</span> 
     </span>
     <span class='ocr_line' id='line_1_46' title="bbox 294 2628 1731 2685; baseline 0.004 -21"><span class='ocrx_word' id='word_1_407' title='bbox 294 2628 513 2681; x_wconf 85' lang='lat' dir='ltr'>stolarum,</span> <span class='ocrx_word' id='word_1_408' title='bbox 543 2632 721 2672; x_wconf 89' lang='lat' dir='ltr'>lororum</span> <span class='ocrx_word' id='word_1_409' title='bbox 742 2661 754 2682; x_wconf 86' lang='lat'>,</span> <span class='ocrx_word' id='word_1_410' title='bbox 783 2631 1013 2671; x_wconf 89' lang='lat' dir='ltr'>trabearum</span> <span class='ocrx_word' id='word_1_411' title='bbox 1033 2662 1045 2683; x_wconf 91' lang='lat'>,</span> <span class='ocrx_word' id='word_1_412' title='bbox 1083 2639 1174 2671; x_wconf 89' lang='lat' dir='ltr'>utut</span> <span class='ocrx_word' id='word_1_413' title='bbox 1202 2631 1398 2685; x_wconf 85' lang='lat' dir='ltr'>appellare</span> <span class='ocrx_word' id='word_1_414' title='bbox 1425 2630 1551 2669; x_wconf 88' lang='lat' dir='ltr'>malis.</span> <span class='ocrx_word' id='word_1_415' title='bbox 1607 2633 1731 2670; x_wconf 86' lang='lat' dir='ltr'>Gere-</span> 
     </span>
     <span class='ocr_line' id='line_1_47' title="bbox 294 2680 1731 2740; baseline 0.005 -22"><span class='ocrx_word' id='word_1_416' title='bbox 294 2680 447 2721; x_wconf 86' lang='lat' dir='ltr'>bantur</span> <span class='ocrx_word' id='word_1_417' title='bbox 489 2688 596 2725; x_wconf 88' lang='lat' dir='ltr'>enim</span> <span class='ocrx_word' id='word_1_418' title='bbox 639 2687 753 2726; x_wconf 89' lang='lat' dir='ltr'>initio</span> <span class='ocrx_word' id='word_1_419' title='bbox 799 2701 968 2740; x_wconf 88' lang='lat' dir='ltr'>mappae</span> <span class='ocrx_word' id='word_1_420' title='bbox 1013 2686 1206 2725; x_wconf 87' lang='lat' dir='ltr'>candidae</span> <span class='ocrx_word' id='word_1_421' title='bbox 1231 2700 1349 2739; x_wconf 90' lang='lat' dir='ltr'>super</span> <span class='ocrx_word' id='word_1_422' title='bbox 1377 2686 1544 2724; x_wconf 87' lang='lat' dir='ltr'>humero</span> <span class='ocrx_word' id='word_1_423' title='bbox 1571 2687 1731 2725; x_wconf 83' lang='lat' dir='ltr'>sinistro</span> 
     </span>
     <span class='ocr_line' id='line_1_48' title="bbox 294 2737 1732 2795; baseline 0.005 -21"><span class='ocrx_word' id='word_1_424' title='bbox 294 2737 532 2791; x_wconf 85' lang='lat' dir='ltr'>singulares,</span> <span class='ocrx_word' id='word_1_425' title='bbox 576 2755 679 2794; x_wconf 82' lang='lat' dir='ltr'>quae</span> <span class='ocrx_word' id='word_1_426' title='bbox 708 2741 844 2782; x_wconf 82' lang='lat' dir='ltr'>sudori</span> <span class='ocrx_word' id='word_1_427' title='bbox 868 2741 1106 2795; x_wconf 84' lang='lat' dir='ltr'>extergendo</span> <span class='ocrx_word' id='word_1_428' title='bbox 1148 2748 1187 2781; x_wconf 82' lang='lat' dir='ltr'>et</span> <span class='ocrx_word' id='word_1_429' title='bbox 1214 2740 1301 2781; x_wconf 76' lang='lat' dir='ltr'>aliis</span> <span class='ocrx_word' id='word_1_430' title='bbox 1327 2741 1559 2782; x_wconf 83' lang='lat' dir='ltr'>amovendis</span> <span class='ocrx_word' id='word_1_431' title='bbox 1584 2754 1606 2780; x_wconf 88' lang='lat' dir='ltr'>c</span> <span class='ocrx_word' id='word_1_432' title='bbox 1631 2742 1732 2781; x_wconf 80' lang='lat' dir='ltr'>facie</span> 
     </span>
    </p>
   </div>
  </div>
 </body>
</html>
