1826 3126
274 145 350 214 64
549 165 623 207 10.
666 163 772 206 1Ac.
810 164 1007 206 nmsxu
1047 164 1423 210 communit

275 282 376 307 voce
401 274 471 306 aut
494 266 736 320 presbyteris
757 281 893 320 preces
923 267 1181 307 recitantibus
1195 298 1208 318 ‚
1247 273 1318 307 aut
1342 267 1480 322 psaltis
1509 269 1551 308 in
1575 268 1719 310 ambo-

249 360 251 363 .
277 338 354 370 ne,
385 330 454 361 aut
469 321 618 375 populo
639 321 747 360 fideli
765 322 960 361 utendum
978 330 1079 362 esset
1107 331 1226 377 atque
1253 323 1568 363 acclamandum.
1626 325 1717 378 Ipse

273 378 497 430 Imperator
517 379 559 414 in
583 377 700 415 Circo
734 377 891 416 sublata
923 392 1103 431 purpura
1130 393 1226 427 sua,
1269 381 1311 417 in
1341 386 1491 418 certam
1518 379 1717 433 plicarum

273 433 443 471 formam
486 434 705 484 composita
720 461 731 482 ‚
774 446 896 486 quam
935 431 1167 485 ῥωσθέλιον
1195 433 1451 487 appellabant
1468 463 1480 484 ‚
1519 435 1718 488 populum

274 488 468 526 adorabat
500 486 565 526 vel
602 487 823 535 salutabat,
873 490 942 542 qui
980 490 1081 527 ritus
1112 496 1293 528 vetustae
1334 489 1510 528 missioni
1548 503 1719 543 mappae

274 542 493 582 consularis
523 544 711 582 successit
728 573 739 590 ,
771 550 818 582 ut
847 557 920 582 suo
948 542 1036 582 loco
1064 543 1300 583 videbimus.
1361 545 1447 583 Iam
1474 544 1525 583 de
1552 545 1584 584 si
1685 545 1694 554 ⁶

272 612 400 651 pauca
439 597 636 651 quaedam
669 597 876 637 addemus.
935 598 997 637 De
1029 613 1140 638 more
1174 599 1374 639 concussis
1416 599 1514 639 olim
1554 600 1719 654 quidem

272 654 445 703 tunicis,
476 653 619 693 deinde
648 667 746 694 vero
770 654 910 693 orariis
926 681 936 701 ‚
967 653 1117 693 favoris
1142 654 1339 694 Circensis
1357 655 1603 708 significandi
1627 669 1721 708 gra-

273 710 354 758 tia,
385 708 645 748 casaubonus
666 716 706 748 et
724 709 940 748 Salmasius
963 717 1129 762 egerunt
1146 710 1304 750 abunde
1333 710 1384 749 ad
1405 710 1566 764 Vopisci
1588 709 1722 749 Aure-

275 762 428 802 lianum
457 778 545 816 cap.
570 763 656 818 49„
687 779 768 818 quo
785 766 840 803 ait
862 779 953 803 eum
973 765 1258 818 Imperatorem
1278 767 1452 820 primum
1469 765 1622 804 dedisse
1634 779 1726 804 ora-

274 820 341 856 ria
363 820 512 873 populo
545 820 721 859 Romano
734 850 746 869 ‚
777 821 912 876 quibus
937 822 969 858 is
989 821 1046 859 ad
1051 822 1246 872 savorem
1272 829 1453 859 uter-etur.
1510 820 1605 874 Egit
1623 832 1723 874 quo-

274 888 354 927 que
376 874 566 913 Petavius
590 875 641 913 ad
667 875 934 914 'themistium
961 889 1001 928 p.
1029 875 1143 927 5oo.‚
1171 876 1242 915 ubi
1260 882 1395 915 tamen
1419 876 1578 915 sinistre
1597 876 1724 915 inter-

276 936 456 983 pretatus
492 930 567 968 suit
602 929 737 969 locum
773 930 1008 969 Philostrati
1039 931 1125 970 Vit.
1154 930 1342 983 Apollon.
1375 931 1507 984 Tyan.
1548 944 1582 970 1.
1607 929 1648 970 5.
1681 937 1724 971 et

278 984 493 1023 dictionem
522 979 651 1039 ὀθόνῃ
686 981 850 1025 διδόναι
878 986 928 1025 de
967 999 1104 1037 more,
1148 987 1217 1040 qui
1253 985 1495 1026 Philostrato
1513 1011 1524 1033 ‚
1572 985 1725 1026 nedum

277 1039 498 1092 Apollonio
530 1039 607 1078 fuit
626 1043 837 1080 recentior.
897 1041 1057 1080 Rectius
1082 1042 1364 1095 interpretatus
1386 1055 1478 1080 eum
1507 1035 1586 1080 fuit
1600 1040 1725 1081 Olea-

279 1095 377 1134 rius.
437 1095 678 1148 Nuperrime
709 1096 759 1135 de
787 1096 864 1136 hoc
885 1111 997 1136 more
1018 1097 1236 1150 disputavit
1264 1097 1315 1136 cl.
1353 1097 1564 1136 Reimarus
1593 1096 1644 1135 ad
1674 1095 1725 1136 il-

279 1148 352 1188 lud
371 1150 570 1202 Xiphilini
598 1165 640 1205 p.
669 1165 785 1191 ¹000.
815 1152 865 1190 de
894 1153 1043 1191 Seneca
1073 1159 1112 1191 et
1139 1152 1297 1192 Burrho
1314 1181 1326 1203 ‚
1365 1153 1436 1206 qui
1459 1158 1646 1191 cantante
1680 1153 1724 1191 in

281 1219 399 1244 scena
424 1206 580 1245 Nerone
611 1202 687 1252 τιίς
706 1219 750 1246 τε
770 1211 919 1259 χεῖρας
942 1207 1016 1247 καί
1039 1203 1090 1246 τὰ
1126 1203 1299 1258 ἱμάτια,
1342 1201 1468 1246 ὁπότε
1501 1200 1726 1260 φθέγξαιτό

280 1273 343 1309 τι,
391 1258 577 1300 ἆνέσειον
604 1260 677 1300 καί
709 1256 807 1308 τούς
845 1255 998 1309 ἄλλους
1034 1263 1334 1313 προσεσπῶντο.
1390 1261 1558 1315 Insignis
1592 1268 1652 1301 est
1682 1261 1726 1301 in

280 1314 386 1354 hanc
414 1330 500 1355 rem
532 1316 645 1357 locus
678 1317 853 1370 Georgii.
876 1317 1135 1356 Alexandrini
1167 1319 1210 1355 in
1249 1318 1332 1356 vita
1359 1317 1419 1356 Io.
1449 1317 1727 1370 Chryso‘stomi

281 1369 394 1410 locus
410 1401 420 1418 ‚
453 1386 488 1410 e.
514 1371 610 1423 ξας
643 1369 839 1424 ἐκρότουν
865 1369 992 1412 αὐτὸν
1017 1371 1225 1423 ὑψοῦντες
1248 1370 1307 1419 εἷς
1327 1367 1400 1411 τὸν
1423 1369 1528 1424 ἀέρα
1543 1402 1557 1420 ,
1587 1367 1627 1410 οἱ
1647 1370 1730 1421 μὲν

280 1423 356 1472 τὰς
388 1425 590 1478 χλανίδας
624 1421 811 1472 ἑαυτῶν,
857 1423 895 1466 οἱ
929 1426 976 1467 δὲ
1005 1424 1057 1467 τὰ
1098 1422 1301 1480 πτερύγια
1330 1425 1414 1466 τῶν
1438 1421 1730 1475 κουτζούλων,

281 1476 419 1533 ἕτεροι
445 1480 491 1522 δὲ
511 1479 563 1522 τὰ
585 1479 841 1535 ἐγχειρίδια,
880 1478 954 1521 καὶ
981 1475 1100 1522 ἄλλοι
1120 1478 1171 1521 τὰ
1205 1477 1432 1535 φακιώλια.
1489 1480 1560 1520 Ait
1589 1488 1738 1521 auctor

284 1535 480 1588 quosdam
501 1536 709 1578 chlanidas
737 1551 806 1576 seu
829 1537 983 1577 tunicas
1006 1552 1096 1577 suas
1117 1538 1157 1576 in
1176 1537 1308 1576 >altum
1331 1536 1560 1576 sublevasse
1584 1543 1729 1576 testan-

282 1591 326 1629 di
364 1591 512 1631 favoris
545 1607 662 1640 cansa
680 1622 691 1639 ‚
735 1592 834 1632 alios
864 1607 955 1632 oras
989 1597 1152 1632 extimas
1166 1623 1178 1641 ‚
1222 1592 1404 1646 cuspides
1441 1591 1506 1630 vel
1535 1590 1727 1646 angulos,

284 1653 355 1685 aut
381 1646 463 1686 alas
479 1679 488 1695 ‚
533 1647 760 1687 casularum
794 1662 957 1687 suarum
974 1678 984 1696 .,
1035 1647 1131 1688 alios
1161 1662 1324 1701 mappas
1352 1646 1583 1694 manuales,
1630 1646 1730 1687 alios

286 1701 460 1755 denique
493 1705 616 1743 tiaras
655 1717 773 1750 suas,
821 1710 890 1742 aut
923 1703 1099 1757 capitum
1134 1703 1343 1742 involucra
1360 1731 1372 1752 ‚
1418 1701 1572 1741 facialia
1606 1701 1728 1740 dieta.

288 1756 351 1795 De
375 1772 510 1808 more,
540 1773 621 1813 quo
651 1761 898 1812 praepositus
917 1759 1112 1798 submisso
1135 1758 1319 1797 nonnihil
1349 1757 1478 1810 capite
1495 1785 1508 1806 ,
1536 1763 1575 1795 et
1599 1751 1734 1796 levata

284 1811 487 1852 tantillum
518 1816 655 1854 tunica
682 1815 966 1867 Imperatorem
993 1815 1180 1853 monebat
1194 1845 1205 1861 ‚
1253 1820 1411 1866 tempus
1438 1825 1521 1851 esse
1546 1810 1737 1864 surgendi

287 1875 408 1921 atquc
435 1869 702 1922 procedendi,
734 1877 901 1908 testatur
936 1876 974 1908 et
997 1869 1062 1908 hic
1093 1875 1229 1908 noster
1254 1867 1365 1907 locus
1381 1897 1393 1915 ‚
1440 1874 1481 1906 et
1503 1866 1571 1906 alii
1604 1867 1735 1906 nostri

287 1924 460 1974 codicis,
483 1932 522 1964 et
545 1925 613 1964 ille
649 1926 687 1964 in
711 1926 851 1978 primis
884 1925 932 1963 L.
966 1925 1020 1963 ΙΙ.
1051 1939 1087 1963 c.
1118 1938 1178 1962 10.
1212 1938 1252 1976 p.
1278 1921 1374 1962 315.
1397 1922 1443 1961 Β.
1503 1919 1739 1974 εἰσέρχεται

288 1975 313 2015 ὁ
341 1975 613 2030 πραιπόσιτος
636 1979 709 2019 καί
731 1981 960 2033 προσκυνεῖ
976 1977 1294 2031 σχηματοειδῶς
1326 1990 1414 2023 πως
1444 1971 1520 2039 τὴζν
1546 1971 1734 2030 κεφαλὴν

288 2030 547 2084 ὕποκλίνων,
578 2033 651 2074 καί
681 2038 773 2082 ταῖς
809 2033 935 2086 χερσί
963 2032 1143 2084 μετρίως
1171 2031 1383 2086 κουφίζων
1413 2027 1459 2070 τὸ
1484 2030 1637 2071 εαυτοῦ
1658 2044 1738 2084 σα-

290 2087 395 2139 yc'ov.
449 2089 532 2129 Pro
558 2103 676 2143 sago,
706 2089 771 2128 vel
792 2090 927 2142 sagio,
958 2089 1192 2128 nominatur
1220 2089 1263 2126 in
1294 2087 1383 2126 loco
1413 2093 1552 2126 nostro
1580 2092 1620 2127 et
1639 2084 1738 2125 alibi

290 2139 318 2194 ἦ
347 2143 508 2194 χλανίς.
562 2145 686 2185 Estne
702 2146 823 2198 igitur
844 2144 951 2184 idem
974 2157 1112 2197 sagum
1140 2150 1179 2182 et
1203 2141 1381 2193 χλανίςῖ
1436 2141 1666 2196 Equidem,
1691 2144 1740 2179 ut

293 2210 438 2238 verum
462 2200 587 2240 fatear
605 2230 616 2251 ‚
658 2200 805 2239 nescio.
865 2200 968 2238 Tam
1006 2200 1274 2238 inconstanter
1299 2205 1338 2236 et
1367 2196 1536 2237 obscure
1563 2195 1743 2250 loquun-

290 2258 359 2291 tur
379 2283 390 2302 ,
419 2262 466 2293 ut
491 2255 541 2294 de
577 2257 684 2295 omni
719 2268 762 2294 re
791 2255 1004 2304 vestiarIa‚
1035 2255 1089 2293 ita
1118 2254 1167 2292 de
1191 2267 1285 2306 sago
1315 2266 1477 2307 quoque
1495 2258 1535 2290 et
1554 2250 1742 2304 chlanide

294 2308 529 2360 scriptores,
562 2319 608 2350 ut
635 2312 889 2351 diversumne
919 2324 942 2349 a
968 2309 1177 2363 chlamyde
1201 2308 1322 2347 fuerit
1339 2339 1350 2359 ,
1390 2322 1443 2353 an
1469 2307 1600 2355 idem,
1633 2305 1741 2345 chla-

291 2362 356 2399 nis
377 2363 529 2416 liquido
557 2381 639 2405 non
670 2373 835 2405 constet.
893 2365 996 2404 Sunt
1020 2364 1130 2411 loca,
1166 2378 1187 2402 e
1217 2364 1364 2417 quibus
1383 2368 1571 2417 appareat
1601 2360 1742 2400 eadem

295 2429 380 2455 esse
403 2433 539 2471 sagum
569 2429 607 2461 et
638 2421 861 2461 chlanidem
881 2451 893 2471 ‚
924 2424 1016 2459 sunt
1047 2434 1185 2459 rursus
1217 2419 1294 2458 alia
1312 2449 1323 2470 ‚
1363 2433 1385 2458 e
1407 2417 1554 2472 quibus
1581 2422 1743 2456 contra·-

297 2472 404 2510 rium
431 2474 618 2529 colligas;
651 2491 777 2530 quare
797 2477 919 2515 velim
942 2489 1015 2515 nos
1045 2481 1248 2514 excusatos
1271 2473 1439 2523 habeat,
1465 2472 1498 2511 si
1526 2470 1615 2524 quis
1634 2470 1742 2522 forte

294 2527 430 2565 credat
460 2543 532 2567 nos
569 2546 752 2583 peccasse
802 2545 942 2571 vocem
975 2529 1123 2583 χλανίς
1159 2530 1303 2568 Latina
1341 2528 1472 2567 tunica
1518 2525 1738 2579 reddendo·-

295 2580 443 2634 Sagum
480 2591 518 2622 et
551 2586 805 2641 chlamydem
842 2594 911 2626 aut
945 2586 1050 2625 idem
1080 2591 1150 2624 aut
1190 2582 1480 2638 propemodum
1516 2577 1622 2620 idem
1643 2593 1746 2634 *esse

296 2649 380 2674 non
405 2638 627 2678 dubitatur.
688 2643 862 2692 Quando
887 2643 1008 2696 igitur
1036 2640 1173 2679 eadem
1208 2640 1248 2677 in
1278 2653 1324 2678 re
1347 2652 1429 2676 uno
1451 2634 1543 2675 loco
1571 2630 1741 2682 chlamis,

225 2689 230 2693 ⁴
299 2691 424 2731 altero
445 2707 582 2746 sagum
604 2697 853 2748 appellatur,
884 2711 965 2736 non
982 2693 1298 2750 improbabiliter
1312 2691 1499 2732 coniicias
1517 2693 1593 2729 ista
1603 2690 1744 2744 *omnia

298 2746 403 2788 idem
425 2763 522 2788 esse.
582 2751 628 2789 Id
651 2751 780 2791 adhuc
806 2753 931 2806 magis
953 2751 1109 2806 stringit
1126 2779 1139 2802 7
1169 2746 1279 2803 quod
1295 2748 1348 2787 de
1369 2743 1538 2800 χλανίδι
1563 2745 1744 2792 dicatur,
