1884 3132
312 139 423 212 294
619 154 691 194 10.
732 152 841 194 1AC.
881 153 1076 193 masau
1108 151 1491 203 ,comiffiuau

423 261 469 297 Β.
505 257 578 300 ult.
610 257 724 312 [276‚
759 255 840 310 19.]
886 258 1140 307 σημεντεῖον.
1199 257 1258 294 Μ.
1305 256 1595 310 σημεντέϊνον,
1623 258 1667 296 id
1692 265 1751 298 est

309 315 601 367 segmencinum.
660 311 983 361 subintelligitur
1002 312 1299 361 camelaucium,
1328 309 1394 350 vel
1415 321 1575 353 stemma
1602 315 1753 355 factum

312 385 357 408 ex
387 369 596 422 segmentis
612 398 623 418 ‚
652 368 693 406 id
720 375 778 405 est
803 367 933 405 fasciis
960 366 1087 418 longis
1115 373 1154 405 et
1176 365 1266 404 latis
1291 367 1405 405 serici
1429 366 1573 408 villosi.
1629 369 1754 409 Unde

314 439 387 464 vox
405 431 542 462 nostra
565 423 743 461 Samma
766 423 925 460 videtur
957 435 1118 474 quoque
1145 422 1390 474 provenisse.
1451 422 1512 461 De
1540 426 1754 478 segmentis

313 479 428 518 aliter
471 485 604 517 censet
619 477 835 516 Salmasius
857 477 908 515 T.
934 476 987 515 11.
1011 477 1115 515 Hist.
1155 477 1263 530 Aug.
1299 491 1338 530 p.
1369 475 1478 531 57o.‚
1499 479 1647 519 scilicet
1672 495 1756 520 esse

313 548 412 574 auro
437 540 624 572 consutas
653 541 692 572 et
711 539 912 571 contextas
933 546 1023 571 oras
1048 533 1220 571 vestium
1236 562 1246 578 ‚
1281 539 1531 585 praetextas,
1559 549 1757 590 paragau-

313 591 394 638 dia,
427 589 582 628 frisium
602 588 667 627 vel
694 588 1000 641 plirygionicum
1026 602 1142 640 opus.
1200 589 1355 627 Verum
1381 601 1462 627 non
1487 588 1649 629 videtur
1678 592 1757 644 ipsi

312 645 448 684 favere
477 643 588 682 locus
617 651 774 690 noster,
810 645 849 682 in
875 658 955 696 quo
978 650 1225 682 memoratur
1255 641 1543 683 camel-aucium
1573 659 1756 699 segmen-

315 703 448 739 tinum
466 729 477 749 ‚
507 713 600 737 cum
614 713 794 752 purpura
822 713 947 752 pura,
978 698 1020 737 id
1047 705 1106 737 est
1136 712 1235 736 auro
1259 712 1341 736 non
1365 699 1550 752 insignita
1567 730 1578 751 ‚
1608 701 1758 755 absque

314 762 452 795 sutura
481 768 600 793 aurea
619 754 683 794 vel
712 769 832 807 opere
866 754 1053 807 phrygio.
1109 754 1247 792 Potest
1283 754 1418 792 tamen
1447 751 1649 808 πόρφυρε·
1675 771 1758 797 non

315 811 364 849 de
396 809 637 849 camelaucio
660 809 724 848 vel
749 809 899 859 infula,
930 809 999 847 sed
1022 809 1072 847 de
1102 808 1338 862 chlamyde,
1367 810 1399 846 si
1426 810 1517 862 quis
1539 810 1662 861 velit,
1690 826 1759 851 ac-

314 866 406 918 cipi.
424 865 522 918 Pag.
550 879 639 919 ¹7¹·
661 866 713 903 D.
747 879 786 903 2.
809 864 1002 903 habemus
1028 859 1367 916 χρυσοσήμεντα,
1388 878 1510 903 aurea
1537 876 1758 919 segmenta:

316 920 426 974 quod
450 922 569 959 etiam
596 920 786 959 adversus
815 919 1050 958 Salmasium
1073 933 1251 972 pugnare
1273 919 1445 958 videtur.

431 976 478 1013 B.
510 975 585 1014 ult.
618 974 728 1029 [276,
766 974 850 1029 19.]
882 972 1102 1027 πορφύρας
1133 974 1262 1027 λιτῆς.
1321 974 1508 1027 Purpura
1534 982 1623 1025 est,
1657 991 1761 1030 quae

316 1044 417 1069 auro
447 1038 665 1083 argentove
693 1038 763 1069 aut
791 1030 869 1069 alio
899 1037 1007 1068 caret
1038 1036 1200 1068 ornatu.

428 1085 473 1123 C.
507 1084 547 1124 8.
584 1085 696 1139 [277‚
728 1087 788 1137 2.]
817 1085 887 1135 τῆς
918 1082 1134 1136 αἰτήσεως.
1202 1085 1378 1136 Quando
1411 1092 1556 1138 rogant
1577 1100 1760 1139 proceres

316 1147 357 1179 et
388 1139 605 1189 factiones⁷
635 1148 681 1179 ut
705 1141 780 1179 sibi
809 1139 926 1179 liceat
955 1154 1089 1179 coram
1123 1141 1368 1192 Imperatore
1409 1141 1763 1182 saximodeximum

316 1210 386 1234 seu
415 1196 638 1248 tripudium
690 1195 754 1235 vel
785 1194 1044 1249 pyrrhicham
1074 1194 1300 1246 celebrare,
1347 1209 1475 1248 eoque
1498 1196 1619 1235 modo
1645 1205 1760 1236 nata-

317 1250 375 1289 les
423 1252 580 1303 imperii
614 1252 698 1289 eius
728 1251 931 1290 decorare.
989 1251 1023 1288 F
1026 1249 1223 1289 ormulam
1249 1251 1466 1303 rogationis
1496 1249 1619 1290 habet
1640 1260 1762 1306 caput

318 1319 504 1358 sequens.
567 1306 672 1344 Huic
692 1321 787 1345 vero
812 1306 1016 1359 inscriptio
1045 1319 1125 1344 non
1148 1308 1347 1358 congruit.
1403 1307 1540 1357 Quare
1571 1309 1684 1360 coepi
1711 1308 1763 1347 de

317 1359 461 1399 lacuna
491 1361 698 1414 suspicari.
756 1362 858 1399 Sane
891 1361 1113 1413 perfectum
1140 1361 1242 1399 nihil
1264 1369 1322 1400 est
1347 1361 1485 1400 hocin
1508 1363 1660 1414 capite,
1689 1376 1763 1401 ne-

317 1430 396 1468 que
425 1415 577 1469 liquet,
608 1417 671 1454 cui
695 1415 922 1455 solennitati
964 1416 1110 1455 faciant
1156 1430 1226 1466 ea,
1260 1430 1364 1469 quae
1391 1417 1598 1469 praecipit.
1655 1417 1762 1457 Con—

317 1471 452 1510 firmat
478 1485 541 1510 ine
572 1472 613 1509 in
634 1471 709 1510 hac
735 1471 928 1510 sententia
947 1471 1068 1510 dictio
1097 1467 1153 1516 ὥς
1180 1469 1440 1523 προείρηται,
1457 1486 1499 1526 p.
1528 1471 1616 1512 168.
1641 1471 1697 1511 D.
1721 1487 1760 1512 2.

319 1526 443 1579 Atqui
483 1526 548 1565 hic
586 1525 663 1565 loci
690 1526 830 1575 debuit
861 1527 1014 1565 dictum
1051 1526 1195 1575 fuisse,
1225 1528 1267 1564 in
1298 1526 1452 1576 frusto,
1483 1527 1594 1580 quod
1621 1529 1763 1580 periit,

319 1580 450 1630 illud,
481 1581 591 1635 quod
624 1582 679 1620 ibi
715 1582 861 1621 dicitur
898 1583 978 1620 iam
1012 1583 1054 1620 in
1091 1582 1364 1634 superioribus
1409 1589 1765 1622 commemoratum

319 1636 437 1675 fnisse
457 1665 466 1685 ‚
497 1645 536 1676 et
558 1644 693 1676 tamen
717 1652 916 1691 nusquam
945 1644 1122 1690 apparet.
1186 1638 1293 1675 Haec
1316 1643 1450 1676 autem
1473 1638 1507 1676 si
1529 1638 1762 1676 coniectura

322 1692 551 1745 displiceat,
596 1692 713 1731 debet
739 1691 923 1744 κλήσεως
957 1700 1027 1730 aut
1059 1688 1315 1744 ἄριστήσεως
1338 1699 1408 1730 aut
1440 1687 1664 1738 ἑστιάσεως
1690 1706 1767 1745 pro

321 1745 525 1798 αἰτήσεως
557 1750 712 1800 reponi.
771 1749 903 1801 Caput
943 1749 1050 1786 enim
1091 1748 1278 1800 exponit,
1309 1746 1510 1800 quomodo
1539 1747 1644 1800 Imp.
1670 1761 1766 1800 pro-

322 1816 430 1841 ceres
459 1805 646 1843 convivio
675 1804 857 1856 excipiat.

405 1857 499 1897 162.
531 1860 578 1897 B.
611 1859 653 1908 [4.
686 1858 798 1913 [278,
831 1857 894 1912 2.]
927 1855 972 1897 ἐν
999 1855 1191 1910 κυριακῇ.
1249 1857 1308 1895 Μ.
1339 1854 1383 1895 ἐν
1410 1855 1628 1908 κυριακῆς,
1660 1863 1767 1896 recte

321 1927 367 1952 ex
394 1927 506 1952 more
538 1928 668 1953 novae
697 1915 901 1952 Graeciae.
960 1913 1014 1951 V.
1046 1912 1098 1950 ad
1129 1926 1171 1964 p.
1195 1911 1291 1950 312.
1328 1911 1381 1950 A.
1410 1910 1485 1949 ult.

433 1969 478 2006 B.
513 1969 553 2009 8.
588 1969 698 2023 [278‚
732 1968 797 2022 6.]
826 1968 871 2007 ἐν
892 1964 1116 2022 παραμονῇ
1145 1965 1328 2015 δεξιζαου.
1382 1965 1519 2005 Pridie
1547 1966 1630 2006 eius
1656 1967 1762 2015 diei,

323 2024 395 2076 qui
425 2024 662 2077 Imperatori
691 2024 833 2063 natalis
863 2023 1019 2077 imperii
1054 2028 1138 2070 est,
1169 2028 1209 2059 et
1238 2034 1320 2074 quo
1350 2020 1566 2060 solenniter
1591 2022 1767 2061 adoran-

323 2079 422 2117 dum
457 2094 498 2118 se
533 2080 629 2118 dare
659 2079 898 2118 factionibus
940 2078 1073 2117 debet.
1143 2077 1204 2115 De
1242 2076 1308 2114 die
1347 2076 1469 2116 natali
1502 2076 1657 2130 imperii
1686 2076 1770 2116 hoe

325 2135 454 2186 eapite
482 2137 571 2186 agi,
602 2134 727 2187 liquet
750 2149 772 2173 e
800 2135 854 2172 D.
877 2134 935 2173 3.:
965 2129 1040 2184 τὴν
1069 2128 1401 2183 αὖτοκρατορίαν
1425 2144 1501 2170 σου
1537 2127 1767 2181 αἰτούμεθα

325 2184 537 2240 ἑορτάσαι.
609 2190 760 2228 Videor
802 2189 901 2227 mihi
935 2188 1011 2226 hoc
1054 2188 1095 2225 in
1137 2186 1225 2225 loco
1258 2188 1470 2240 vestigium
1507 2187 1666 2234 aetatis,
1714 2186 1766 2224 ad

325 2258 446 2296 quam
483 2245 620 2283 referri
659 2243 918 2294 ¹cerimoniale
973 2249 1156 2281 nostrum
1197 2242 1315 2280 debet
1328 2274 1340 2289 ,
1383 2240 1679 2294 deprehendere
1693 2269 1704 2289 .,
1733 2242 1766 2279 si

326 2299 447 2337 modo
468 2300 517 2338 de
549 2307 727 2352 tempore
759 2313 831 2338 suo
866 2298 1022 2338 locutus
1050 2297 1124 2336 fuit
1140 2305 1280 2335 auctor
1321 2296 1386 2335 hic
1410 2296 1515 2348 loci,
1544 2309 1676 2348 neque
1703 2301 1766 2334 to-

326 2360 413 2391 tum
442 2355 518 2394 hoc
560 2362 678 2408 caput
716 2369 809 2394 cum
845 2353 1103 2407 sequentibus
1142 2367 1163 2391 e
1197 2353 1321 2390 veteri
1351 2349 1594 2390 cerimoniali
1634 2357 1766 2388 trans-

328 2410 510 2460 scripsit,
543 2417 614 2449 aut
641 2411 735 2449 anni
758 2418 938 2462 tempora
972 2408 1154 2462 persequi
1187 2406 1330 2446 voluit.
1388 2404 1544 2444 Scilicet
1570 2407 1770 2457 exceptio-

327 2476 419 2500 nem
449 2464 663 2504 factionum
684 2464 971 2518 gratulantium
996 2464 1231 2516 Imperatori
1261 2460 1434 2500 natalem
1457 2459 1613 2512 imperii
1641 2459 1769 2499 collo-

328 2524 392 2554 cat
423 2527 562 2557 auctor
594 2527 686 2559 ante
721 2534 888 2559 aureum
915 2521 1105 2568 circense,
1134 2517 1242 2572 quod
1281 2519 1323 2555 in
1351 2516 1456 2554 diem
1490 2514 1610 2553 lunae
1631 2516 1769 2567 proxi-

329 2584 441 2609 mum
473 2588 495 2610 a
537 2575 735 2614 dominica
770 2577 811 2613 in
846 2575 947 2613 albis
989 2574 1110 2612 fuisse
1152 2571 1394 2611 celebratum
1421 2576 1589 2608 constat.
1649 2569 1770 2608 Unde

330 2626 543 2666 concludas
559 2659 569 2678 ‚
615 2630 727 2668 illum
764 2631 1049 2683 Imperatorem
1065 2658 1077 2679 ‚
1105 2628 1157 2666 ad
1184 2640 1303 2679 quem
1327 2625 1404 2663 hoc
1432 2631 1549 2677 capnt
1570 2626 1740 2678 pertinet
1754 2650 1773 2674 ,›

332 2680 541 2731 imperium
573 2691 664 2722 ante
693 2685 805 2723 illum
839 2686 945 2723 diem
978 2685 1133 2722 adiisse.
1192 2679 1497 2727 Constantinus,
1529 2680 1672 2718 Leonis
1697 2679 1770 2717 Sa-

330 2734 471 2787 pientis
508 2736 611 2776 filius
630 2768 641 2785 ‚
682 2739 747 2778 ille
783 2741 921 2792 nequit
951 2752 1061 2788 esse3
1091 2737 1234 2790 quippe
1261 2736 1332 2788 qui
1354 2749 1376 2773 a
1399 2742 1510 2787 patre
1546 2735 1631 2788 ipso
1669 2733 1767 2774 festo
