1826 3126
248 130 321 197 42
563 147 636 190 ιο.
678 144 782 187 1Ac.
824 147 1020 187 Rfflsxn
1058 144 1437 190 COMMENTARH

248 251 383 290 condi.
441 250 556 289 Certe
583 250 707 289 habet
732 249 802 288 Du
832 249 967 303 Gange
1001 248 1134 288 Gloss.
1163 250 1237 289 Gr.
1269 264 1361 304 pag.
1397 250 1515 297 1285.
1545 253 1700 294 iambos

248 306 308 353 εἰς
333 302 432 352 τούς
461 304 616 359 ῥαφεϊς
643 298 736 357 ἤτοι
773 301 1055 357 βεστιαρίους.
1115 305 1268 344 Omnes
1299 305 1390 346 illos
1424 321 1508 348 uno
1535 311 1700 350 nomine

249 360 525 415 complectitur
543 361 665 399 dictio
708 355 748 399 οἱ
775 358 850 399 ἐπὶ
873 361 959 400 τῶν
988 357 1228 411 ἆλλαξίμων
1243 393 1255 412 ,
1290 361 1355 402 vel
1394 359 1701 414 ἇλλαξιμάτων.

249 418 468 456 Vestitores
483 416 516 455 si
543 415 719 455 officium
733 422 886 469 spectes
899 446 912 468 ,
941 415 1134 455 deberent
1151 417 1315 470 quidem
1336 417 1531 471 spadones
1553 419 1698 471 fuisse3

247 472 291 511 id
308 480 415 511 certe
439 471 490 511 de
505 470 737 511 hominibus
757 479 999 525 exspectares
1015 500 1027 521 ‚
1055 472 1125 525 qui
1142 486 1300 512 sacrum
1317 487 1464 527 corpus
1477 481 1562 514 tam
1577 490 1702 529 prope

247 529 541 582 contingerent.
596 528 736 567 Fuisse
766 534 902 566 tamen
926 526 1115 566 barbatos
1130 557 1142 578 ‚
1180 542 1251 567 seu
1280 530 1454 582 integros
1485 530 1594 570 viros
1610 559 1623 583 ‚
1652 545 1699 571 ex

246 597 295 622 eo
312 590 423 636 patet
437 583 545 636 quod
569 597 661 637 pag.
692 582 762 635 41.
781 583 828 622 B.
858 584 984 622 nostri
1014 583 1160 622 codicis
1183 583 1501 636 βεστιτορίσσας
1525 599 1699 626 comme-

208 634 214 638 *
246 641 396 678 morari
411 639 546 689 video,
576 653 720 678 uxores
729 640 970 691 vestitorum,
996 645 1083 692 etp.
1098 637 1300 691 415.A.4.
1317 642 1525 680 vestitores
1533 640 1701 695 Syncle-

246 695 338 734 ticis
364 694 595 748 proceribus
619 701 937 734 annumerantur
954 725 965 746 ,
994 709 1077 734 non
1094 692 1283 734 basilicis.
1340 695 1451 750 Ergo
1479 697 1701 751 nequibant

247 750 422 790 eunuchi
447 764 544 789 esse.
600 749 718 789 Patet
733 751 854 789 etiam
878 764 924 789 ex
947 764 1011 800 e0‚
1040 750 1149 803 quod
1166 764 1256 803 pag.
1283 751 1373 805 173.
1393 752 1448 790 D.
1467 750 1545 792 ult.
1564 752 1700 792 dicun-

245 812 316 845 tur
333 808 539 846 vestitores
557 813 769 860 postquam
786 806 1023 860 Imperatori
1041 805 1296 860 chlamydem
1325 807 1701 861 circumposuissent

247 875 301 905 ex.
322 863 408 901 eius
434 868 647 915 conspectu
672 861 806 912 abire,
851 876 932 916 quo
957 862 1062 916 Imp.
1097 863 1220 915 possit
1253 860 1443 913 infulari,
1484 866 1578 917 quia
1611 878 1700 903 mos

247 918 435 971 antiquus
469 917 520 956 sit
542 918 828 971 Imperatorem
860 932 995 956 coram
1024 917 1195 957 barbato
1228 932 1311 956 non
1338 917 1534 970 infulari3
1574 919 1616 958 id
1641 927 1702 958 est

248 980 370 1027 eaput
395 973 549 1012 nudare
565 1002 576 1023 ,
610 973 720 1027 quod
751 974 836 1012 ficri
857 973 976 1012 debet
991 1003 1003 1026 ‚
1036 975 1070 1012 si
1097 973 1232 1012 demto
1263 972 1507 1013 camelaucio
1531 980 1699 1014 stemma

207 1045 209 1047 ·
245 1042 316 1068 seu
350 1027 479 1067 infula
509 1029 753 1094 imponenda
781 1037 854 1069 est.
912 1028 998 1068 Hos
1033 1030 1243 1069 vestitores
1269 1027 1442 1083 appellat
1477 1029 1699 1070 Cinnamus

245 1097 288 1137 p.
311 1085 378 1124 23.
400 1084 456 1123 A.
512 1098 609 1130 τους
636 1083 708 1124 ἐπὶ
733 1085 808 1137 τῆς
837 1084 916 1123 τοῦ
942 1083 1152 1136 βασιλέως
1180 1080 1432 1138 ἁλουργίδος
1463 1080 1674 1139 ὑπηρέτας
1684 1101 1699 1136 ,-

246 1153 341 1178 nam
366 1141 544 1193 ipsorum
562 1139 738 1180 officium
762 1140 802 1179 id
829 1153 959 1178 unum
980 1154 1106 1194 paene
1129 1147 1230 1192 erat,
1262 1147 1310 1179 ut
1329 1154 1571 1194 purpuream
1587 1140 1701 1181 chla-

245 1195 408 1248 mydem
445 1196 680 1249 Imperatori
718 1196 942 1235 iniicerent.
1000 1196 1107 1235 Nam
1129 1203 1243 1235 erant
1267 1194 1362 1246 alii,
1393 1196 1464 1250 qui
1488 1195 1639 1237 calceos
1659 1204 1701 1236 et

247 1249 422 1305 bruggas
450 1252 522 1305 ipsi
549 1252 847 1299 ministrarent,
892 1250 1120 1304 χοσβαΐται
1158 1251 1254 1290 dicti
1272 1281 1283 1303 ,
1323 1250 1394 1291 alii
1432 1253 1503 1306 qui
1529 1251 1700 1292 infulam

247 1306 502 1360 imponerent
515 1337 527 1357 ‚
571 1309 783 1362 praepositi
808 1322 968 1362 nempe.

358 1362 414 1402 D.
435 1361 477 1414 4.
513 1362 576 1417 [6‚
599 1362 689 1420 24]
747 1358 822 1415 τήν
848 1358 1070 1415 μωσαϊκὴν
1098 1357 1268 1415 ῥάβδον.
1322 1362 1422 1402 Fuit
1462 1363 1579 1415 virga
1607 1362 1704 1403 Mo-

246 1419 354 1456 saica
387 1419 492 1457 inter
518 1417 676 1458 cimelia
711 1419 925 1472 praecipua
959 1418 1123 1472 Imperii
1147 1418 1302 1457 CPtani
1319 1447 1331 1470 ,
1375 1425 1422 1456 ut
1448 1425 1559 1471 patet
1589 1432 1612 1457 e
1633 1433 1702 1458 ca·-

247 1473 329 1526 pite
358 1471 452 1512 libri
474 1473 639 1514 secundi
669 1473 971 1528 quadragesimo
986 1503 998 1527 ,
1035 1488 1117 1527 quo
1140 1472 1298 1513 cimelia
1323 1474 1446 1512 variis
1468 1474 1512 1512 in
1533 1473 1701 1514 aedibus

248 1527 409 1567 condita
439 1536 711 1569 recensentur.
769 1529 858 1569 Non
884 1536 984 1582 puto
997 1559 1010 1580 ‚
1055 1530 1229 1568 Graecos
1261 1535 1347 1568 tam
1382 1528 1516 1568 fatuos
1550 1529 1672 1568 fuisse
1685 1560 1698 1581 ,

248 1591 295 1622 ut
313 1584 521 1624 crederent
533 1615 544 1635 ‚
570 1586 697 1638 ipsam
712 1586 868 1639 virgam
879 1585 1001 1624 Mosis
1019 1583 1302 1624 miraculosam
1318 1597 1360 1623 se
1379 1583 1545 1623 habere.
1602 1583 1699 1636 Sed,

249 1646 296 1677 ut
322 1639 422 1678 mihi
441 1641 604 1694 quidem
623 1641 812 1691 videtur,
842 1640 1024 1679 fecerunt
1041 1654 1087 1679 ex
1113 1647 1279 1694 argento
1307 1653 1459 1679 aurove
1486 1653 1581 1679 cum
1595 1654 1700 1693 gem-

247 1695 323 1733 mis
352 1695 646 1735 imitamentum
672 1695 779 1735 illius
802 1696 938 1750 virgae
954 1726 966 1746 ‚
995 1695 1105 1750 quod
1131 1697 1286 1750 virgam
1306 1695 1526 1734 Mosaicam
1546 1709 1571 1733 a
1588 1696 1701 1734 simi-

248 1747 420 1790 litudine
439 1751 641 1791 dixerunt.
700 1751 862 1790 Habent
887 1751 1021 1790 adhuc
1054 1753 1209 1805 virgam
1238 1751 1361 1790 Mosis
1390 1750 1571 1801 Romae,
1600 1749 1699 1790 Flo-

247 1807 430 1859 rentiae,
476 1807 659 1846 Viennae
695 1807 931 1846 Austriacae
967 1814 1007 1845 et
1050 1807 1332 1847 Hannoverae.
1389 1804 1488 1844 Vid.
1527 1804 1700 1845 Keisleri

249 1861 391 1902 Itiner.
421 1877 466 1915 p.
490 1862 586 1903 266.
610 1861 705 1919 578.
734 1861 832 1916 498.
853 1870 893 1901 et
924 1862 1043 1902 1218.

360 1917 470 1957 Ibid.
500 1917 564 1972 [6,
589 1916 680 1972 25.]
705 1916 939 1971 εΰκτηρίου.
964 1917 1152 1956 Ειιοίεήα
1166 1946 1178 1966 ,
1215 1919 1392 1957 oratoria
1407 1945 1420 1969 ,
1449 1923 1566 1956 erant
1581 1917 1687 1957 sacel

250 1971 289 2011 la
305 2002 317 2023 ‚
348 1980 433 2012 tam
460 1974 502 2012 in
534 1972 622 2013 aliis
649 1972 847 2024 ecclesiis,
876 1987 998 2026 quam
1018 1973 1060 2011 in
1080 1972 1244 2026 privatis
1271 1972 1439 2012 aedibus
1452 1980 1699 2024 constructa,

250 2026 302 2065 ab
325 2028 525 2082 Episcopo
553 2035 782 2068 consecrata
798 2058 810 2080 ‚
849 2027 1090 2081 imaginibus
1119 2036 1159 2068 et
1186 2042 1255 2066 ara
1283 2028 1478 2068 instructa
1492 2057 1504 2079 ‚
1546 2031 1590 2068 in
1617 2042 1699 2082 qua

250 2096 361 2121 sacra
382 2083 527 2124 licebat
553 2098 741 2139 peragere
756 2113 768 2134 ‚
807 2085 978 2137 exceptis
1007 2083 1148 2123 diebus
1174 2083 1283 2123 festis
1307 2083 1542 2123 maioribus.
1598 2083 1697 2124 Vid.

249 2138 318 2176 Du
337 2139 468 2193 Gange
485 2139 553 2179 Gl.
573 2139 646 2179 lat.
666 2154 709 2179 v.
735 2141 950 2179 oratorium
969 2145 1008 2177 et
1032 2139 1247 2179 oraculum.
1304 2139 1348 2179 Si
1376 2140 1419 2178 in
1439 2138 1599 2192 templis
1614 2137 1704 2179 aliis

251 2201 381 2232 essent
411 2194 506 2234 talia
536 2189 755 2249 εὕκτήρια,
797 2202 911 2234 erant
946 2195 1052 2233 intra
1085 2195 1230 2246 Bema,
1276 2209 1346 2235 seu
1382 2194 1588 2234 tribunam
1603 2224 1616 2246 ‚
1662 2201 1703 2234 et

252 2257 366 2288 erant
396 2249 465 2289 alii
491 2259 627 2290 sancto
655 2251 836 2290 dedicata
850 2280 861 2302 ‚
891 2264 1012 2303 quam
1039 2252 1104 2289 cui
1126 2250 1328 2303 reliquum
1351 2249 1562 2303 templum.
1618 2249 1700 2288 Ex-

252 2303 428 2357 emplum
458 2308 621 2346 orahorii
642 2307 808 2361 privatis
838 2306 1004 2345 aedibus
1018 2335 1030 2356 ‚
1061 2314 1131 2345 aut
1163 2306 1349 2345 cubiculo
1380 2305 1557 2346 adiuncti
1572 2334 1584 2357 ‚
1626 2302 1702 2343 ha-

252 2357 392 2398 bemus
405 2389 417 2409 ‚
459 2370 618 2415 praeter
647 2363 761 2402 hune
793 2368 1042 2416 praesentem
1074 2360 1208 2402 locum
1222 2391 1234 2412 ‚
1285 2361 1393 2416 apud
1429 2361 1515 2400 Scri
1542 2367 1578 2399 t.
1612 2367 1702 2413 post

252 2413 494 2467 Theophan.
526 2432 569 2471 p.
592 2416 662 2473 89.
683 2418 739 2458 D.
764 2418 825 2470 5.,
860 2417 931 2456 ubi
956 2431 1084 2456 unum
1113 2416 1215 2456 illud
1245 2419 1448 2470 privatum
1480 2409 1702 2467 ευκτὴριον

253 2468 335 2508 duo
362 2466 555 2523 βήματα,
584 2488 653 2512 seu
681 2473 864 2513 tribunas
885 2487 979 2512 cum
1000 2471 1123 2512 arulis
1151 2472 1298 2512 dicitur
1326 2471 1540 2522 habuisse,
1572 2483 1702 2508 unum

252 2539 326 2576 pro
361 2525 475 2564 B.V.
494 2556 505 2577 ‚
532 2522 712 2568 ‘alterum
744 2543 817 2583 pro
842 2529 886 2568 S.
909 2527 1106 2567 Michaele
1136 2525 1408 2581 Archangelo.
1466 2526 1554 2564 lam
1581 2524 1706 2564 Iusti·

252 2580 363 2618 niani
385 2587 563 2634 tempore
581 2583 676 2623 talia
706 2586 879 2624 oratoria
904 2583 1059 2637 privata
1084 2584 1127 2621 in
1146 2597 1222 2622 usu
1249 2590 1378 2623 erant.
1437 2579 1701 2620 Innocentius

253 2635 460 2675 Mai-oniae
489 2637 645 2690 praesul
667 2670 678 2690 ‚
708 2641 777 2693 qui
801 2654 894 2679 eum
918 2653 1052 2678 coram
1073 2638 1227 2677 audivit
1242 2669 1254 2687 ‚
1282 2639 1326 2676 in
1349 2635 1513 2690 epistola
1530 2634 1580 2674 ad
1596 2634 1703 2674 Tho-

252 2697 399 2729 matem
424 2700 562 2731 narrat
581 2694 664 2732 eius
681 2710 749 2734 ore
768 2696 882 2735 haec.
922 2695 1120 2747 Ingressus
1141 2708 1223 2732 sum
1240 2696 1282 2732 in
1306 2692 1520 2737 oratorium
1543 2691 1709 2743 gloriosi

254 2745 462 2786 ffilichaelis
496 2748 756 2801 Archangeli,
809 2751 917 2805 quod
943 2760 998 2790 esc
1025 2751 1068 2790 in
1106 2749 1262 2789 Coclzilo
1273 2779 1285 2798 ‚
1335 2757 1373 2787 et
1395 2747 1538 2799 rogavi
1575 2745 1707 2787 domi·
