1884 3132
306 153 411 227 780
565 171 637 211 10.
685 170 788 211 1Ac.
826 171 1020 211 Rssisxn
1064 169 1436 212 οοΜΜΕΝΤΑΒιι

410 274 454 312 Β.
478 272 519 311 6.
569 273 686 328 [653‚
726 273 809 327 ι4.]
842 269 1024 325 Φύγελα.
1081 274 1276 314 Scribitur
1304 275 1457 328 Pygela
1483 280 1524 315 et
1551 274 1730 330 Pkygela

301 337 340 368 et
380 329 586 380 Plgrrgellcc.
644 330 718 368 Est
755 329 852 368 urbs
893 329 1077 368 thematis
1114 329 1422 369 Thracesiorum
1466 344 1535 369 seu
1577 331 1728 371 Ioniae.

302 386 509 422 Traiectus
537 383 645 422 illinc
676 391 735 422 est
763 385 805 423 in
822 385 998 434 Cretam3
1026 399 1066 424 v.
1101 383 1246 424 Ortelii
1274 385 1470 424 Thesaur.
1499 386 1648 439 Geogr.
1683 400 1727 427 v.

302 439 457 492 Pygela
484 445 523 477 et
553 439 731 491 Phygela
756 446 797 478 et
831 440 975 478 Ricaut
1000 439 1052 478 de
1078 438 1238 492 l’Eglise
1265 440 1447 493 Greeque
1474 455 1518 493 p.
1544 440 1610 479 50.

413 494 454 534 B.
483 492 522 532 6.
557 492 673 547 [658,
701 492 785 548 14.]
810 494 974 534 σακκία.
1041 492 1118 533 Res
1143 494 1227 547 ipsa
1241 493 1431 548 loquitur,
1448 509 1521 548 pro
1542 494 1617 534 hac
1636 507 1735 535 voce

303 548 621 588 substituendum
649 562 733 587 esse
762 548 947 602 καρφία,
975 549 1087 603 quod
1113 549 1153 587 in
1181 550 1334 588 Latinis
1360 549 1530 590 reddidi.

413 603 458 641 Β.
486 603 637 656 penult.
671 602 784 658 [658,
814 602 895 658 ¹9·]
916 599 1097 651 πάθνας.
1125 603 1173 643 Id
1193 611 1251 643 est
1271 600 1442 659 φάτνας.
1496 601 1602 645 Novi
1618 604 1736 643 Grae-

305 661 340 698 ci
373 660 598 711 saepissime
627 673 656 695 π
685 665 725 697 et
755 672 786 712 φ
821 660 1045 711 promiscue
1076 657 1240 698 habent.
1297 659 1433 698 Potest
1470 673 1546 699 vox
1574 660 1743 713 proprio

305 714 526 766 significatu
544 713 667 765 accipi
697 720 735 752 et
757 716 965 768 praesepia
994 722 1159 764 notare3
1200 714 1336 753 aderat
1363 716 1470 754 enim
1497 714 1591 753 huic
1620 728 1738 768 expe-

305 769 448 807 ditioni
475 770 673 822 equitatus
701 782 875 821 quoque.
930 769 1066 809 Potest
1093 775 1226 808 tamen
1257 771 1376 808 etiam
1388 771 1510 822 mes
1535 777 1672 810 notare
1699 774 1739 808 et

306 825 485 863 armaria
504 854 514 870 ‚
545 825 648 862 vasis
676 823 731 862 ibi
759 824 1010 876 reponendis.

418 879 466 917 C.
505 879 545 918 3.
592 877 709 932 [658‚
729 878 819 933 22]
861 881 1165 930 κοινοστομαῖο.
1236 878 1283 917 Id
1322 885 1380 918 est
1418 880 1743 929 κοινοστομαῖον.

307 933 437 972 Valde
465 932 654 971 fluctuavi
692 933 743 972 ad
779 934 883 973 hanc
918 948 1057 973 vocem
1085 935 1241 974 nescius
1268 941 1398 973 rectae
1427 934 1592 973 rationis
1618 934 1741 972 inter-

307 988 503 1042 pretandi.
559 989 656 1028 Fuit
682 1002 807 1041 quum
828 988 991 1028 credens
1019 1002 1059 1028 οι
1087 1003 1165 1042 pro
1188 1003 1214 1028 v
1242 989 1415 1042 positum
1442 988 1579 1036 fuisse,
1610 995 1744 1027 verte-

309 1059 394 1082 rem
425 1057 564 1082 canum
597 1044 730 1081 rostris
767 1044 968 1086 similium.
1026 1044 1144 1094 Quod
1178 1057 1304 1097 quum
1332 1043 1514 1096 deinceps
1542 1042 1745 1083 videretur

309 1112 472 1151 prorsus
511 1097 796 1150 improbabile,
826 1099 991 1138 assumsi
1015 1097 1126 1137 aliud
1154 1099 1251 1151 quid
1268 1127 1281 1148 ‚
1321 1099 1469 1151 magis,
1497 1112 1548 1137 ne
1572 1110 1745 1137 vacuum

309 1153 444 1192 locum
469 1154 662 1200 sinerem,
693 1167 813 1205 quam
843 1153 1111 1207 persuasione,
1137 1155 1192 1193 sic
1222 1153 1456 1192 vertendum
1484 1167 1582 1192 esse.

422 1208 468 1246 C.
502 1222 543 1261 9.
586 1206 699 1261 [659‚
721 1206 784 1263 5.]
822 1207 1116 1260 γερακαραίας.
1171 1209 1303 1247 Inesse
1339 1208 1434 1247 huic
1469 1209 1558 1247 voci
1596 1207 1750 1261 aliquid

312 1262 362 1301 de
389 1261 511 1316 γέραξ
549 1263 613 1301 vel
640 1259 781 1316 ἱέραξ,
807 1265 1015 1317 aeczim'cer,
1028 1261 1150 1316 falco
1166 1292 1178 1316 ,
1208 1263 1352 1315 vide03
1381 1277 1462 1302 non
1490 1269 1623 1302 autem
1651 1262 1755 1316 quid

311 1318 396 1370 ipsa
425 1332 501 1356 vox
542 1317 617 1356 sibi
645 1316 754 1358 velit.

422 1373 477 1412 D.
504 1371 546 1424 4.
579 1370 689 1426 [659,
719 1373 800 1426 10.]
827 1368 955 1412 καλὸν
984 1362 1094 1426 ὅρος.
1151 1370 1235 1411 Ubi
1264 1373 1383 1412 situm
1421 1372 1540 1412 fuerit
1565 1371 1644 1411 hoe
1673 1371 1758 1412 Ca—

314 1427 381 1466 lon
415 1427 517 1467 Oros
546 1441 615 1467 seu
642 1427 759 1467 Illons
786 1429 970 1483 pulcher,
999 1442 1081 1467 non
1108 1429 1230 1478 novi,
1258 1442 1388 1481 neque
1415 1428 1588 1467 invenio.

399 1481 492 1521 581.
535 1482 590 1521 A.
635 1496 670 1521 1.
713 1481 824 1538 [659,
863 1482 944 1538 ¹7·]
989 1480 1320 1537 Κορφιτιάνους.
1391 1483 1499 1534 Quid
1545 1482 1755 1524 Corfitiani

315 1537 413 1575 mihi
441 1537 653 1576 videantur
682 1537 828 1590 fuisse,
859 1539 1022 1591 exposui
1050 1538 1092 1576 in
1120 1539 1205 1590 ipsa
1233 1538 1573 1591 interpretatione.
1627 1537 1753 1577 Vide-

316 1593 399 1631 rint
428 1592 520 1643 alii,
549 1607 670 1646 quam
698 1601 804 1632 recte
833 1594 1156 1632 coniectaverim.
1213 1592 1332 1631 Nunc
1359 1592 1636 1632 tantummodo
1665 1599 1753 1645 ety-

316 1647 530 1700 mologiam
568 1647 742 1687 nominis
778 1649 909 1699 Corfi'z
951 1648 1121 1697 addam,
1169 1661 1251 1700 quo
1291 1647 1414 1686 hodie
1451 1647 1624 1687 insulam
1658 1646 1756 1686 olim

317 1703 534 1756 Corcyram
565 1702 714 1741 dictam
742 1695 957 1757 appellant.
1015 1702 1174 1741 Scilicet
1200 1701 1322 1741 habet
1349 1717 1501 1742 novum
1518 1715 1664 1741 nomen
1691 1701 1755 1739 in-

317 1757 404 1797 sula
431 1772 454 1796 a
481 1758 754 1810 promontorio
786 1754 998 1812 Κορυφώ,
1043 1757 1150 1795 unde
1175 1764 1376 1796 contracte
1403 1757 1553 1796 factum
1582 1756 1662 1795 Cor
1687 1757 1758 1794 hos

319 1820 358 1852 et
387 1813 553 1868 Corplziz
582 1819 622 1852 et
650 1813 822 1868 Cor-plac.
878 1813 989 1852 Illius
1016 1812 1278 1866 promontorii
1306 1813 1455 1851 mentio
1483 1812 1527 1851 fit
1554 1825 1633 1866 apu
1682 1810 1757 1850 Ni-

320 1875 448 1907 eetam
476 1882 514 1921 p.
543 1867 610 1907 58.
645 1867 699 1908 Α.

431 1922 487 1963 A.
516 1922 558 1962 6.
590 1922 700 1978 [659,
724 1920 797 1977 21]
827 1918 1108 1976 παρακοόπιον.
1180 1921 1351 1961 Videtur
1411 1934 1544 1961 remus
1591 1919 1762 1961 vicarius

1705 1984 1743 2008 n

324 2035 430 2076 esse,
467 2024 591 2064 fracto
620 2031 690 2064 aut
715 2025 861 2064 amisso
887 2022 1200 2063 substituendus.
1257 2021 1302 2061 In
1331 2022 1388 2062 M.
1433 2029 1516 2062 erat
1543 2031 1733 2084 παρακοι)Ζ

436 2079 488 2118 A.
520 2079 563 2120 8.
591 2079 703 2134 [660,
731 2079 784 2134 n]
811 2075 1045 2132 τριβολιῖυν.
1097 2077 1361 2117 Tribulorum
1385 2091 1455 2116 seu
1482 2077 1680 2116 muricum
1720 2089 1765 2115 m

325 2135 440 2175 bellis
478 2135 715 2173 usitatorum
754 2141 979 2173 accuratam
1005 2135 1167 2172 memini
1195 2146 1259 2171 me
1296 2133 1432 2185 legisse
1460 2132 1766 2185 descriptionem

327 2192 370 2229 in
398 2191 584 2242 Procopii
613 2190 803 2239 historia,
832 2187 1003 2228 Gothica
1030 2189 1076 2226 ni
1101 2187 1235 2239 fallor,
1270 2187 1338 2227 sed
1366 2185 1610 2242 locumgnon
1637 2198 1766 2226 anno-

326 2246 429 2294 tavi3
458 2244 527 2283 vid
552 2244 603 2283 ad
632 2259 672 2297 p.
701 2242 794 2298 389.
822 2243 875 2284 A.
896 2242 973 2282 ult.

439 2299 494 2339 A.
528 2313 589 2338 10.
620 2298 738 2353 [660‚
760 2297 823 2352 3.]
859 2296 1087 2351 περσυνῶν.
1143 2297 1205 2336 Ita
1242 2304 1300 2336 est
1330 2297 1373 2336 in
1421 2297 1478 2342 M.
1506 2297 1628 2337 Forte
1669 2294 1765 2334 novi

330 2354 472 2393 Graeci
501 2355 556 2392 sic
585 2355 795 2392 enuntiant
821 2367 895 2406 pro
921 2350 1168 2402 περυσινῶν.

441 2409 491 2446 Β.
523 2423 557 2451 1.
589 2407 706 2463 [660‚
729 2407 792 2462 7.]
819 2407 900 2447 τῶν
928 2406 1079 2446 αὐτῶν.
1137 2406 1259 2446 Forte
1287 2405 1369 2447 τῶν
1390 2405 1540 2446 α’στῶν.
1595 2405 1641 2444 Id
1659 2411 1772 2443 certe

332 2466 372 2502 in
402 2463 553 2502 Latims
580 2463 775 2515 expressi3
815 2470 855 2501 at
885 2461 1011 2501 solent
1040 2461 1178 2500 ambae
1203 2475 1320 2501 voces
1357 2475 1381 2500 a
1409 2461 1580 2500 librariis
1611 2473 1766 2513 permu-

331 2520 406 2557 tari
426 2549 437 2569 ,
467 2525 511 2555 ut
531 2519 764 2556 monstravit
782 2516 888 2556 doct.
908 2518 966 2555 Io.
986 2517 1202 2556 Piersonus
1222 2515 1452 2555 Verosimil.
1470 2516 1520 2553 L.
1536 2515 1567 2551 1.
1589 2514 1627 2553 3.
1642 2529 1683 2567 p.
1698 2513 1765 2567 37.

441 2571 486 2610 B.
518 2571 593 2610 ult.
623 2571 737 2625 [660‚
768 2569 849 2624 14.‘]
879 2570 959 2612 ι’νὸ.
991 2569 1042 2624 η’.
1109 2571 1252 2609 Incidit
1293 2573 1334 2609 in
1363 2571 1417 2609 A.
1447 2569 1491 2607 C.
1526 2567 1644 2621 935.‚
1686 2581 1765 2621 qua

332 2633 464 2663 tamen
504 2625 544 2664 in
572 2627 760 2678 temporis
788 2633 882 2666 nota
913 2626 1071 2666 subesse
1119 2625 1273 2666 videtur
1298 2639 1432 2672 error,
1474 2629 1519 2661 ut
1546 2637 1568 2661 e
1595 2623 1773 2662 dicendis

335 2680 386 2717 ad
426 2680 587 2720 titulum
619 2681 843 2734 proximum
869 2682 1076 2721 constabit.
1155 2680 1357 2719 Romanus
1384 2693 1463 2718 non
1493 2677 1656 2730 Iunior,
1703 2677 1772 2716 sed

336 2734 569 2787 Lecapenus
594 2735 845 2788 intelligitur.
1387 2749 1390 2752 ’

446 2789 490 2826 C.
513 2801 551 2826 2.
583 2789 696 2842 [660²
722 2789 805 2843 16]
837 2787 1156 2839 βασιλοπ).όί“μα.
1225 2786 1301 2826 vel
1317 2788 1451 2835 etiam,
1475 2788 1503 2826 si
1529 2788 1618 2841 quis
1645 2784 1775 2837 malit,
