1826 3126
236 216 312 258 An
348 213 645 259 com-rm.
683 214 878 256 Pomm.
917 214 991 255 nn
1027 213 1220 256 cmm·
1245 215 1347 259 Lm.
1377 217 1412 257 1.
1467 196 1537 271 73

107 311 290 359 sermone
324 331 399 358 suo
439 316 604 359 dixisse:
650 315 746 356 ἴδοῦ
781 318 898 363 ποῖός
931 316 1142 369 χωράης;
1196 312 1382 371 κάθηται
1412 313 1539 368 μόνος

106 373 427 427 παρισταμένων
453 367 568 427 αὐτῷ
596 372 682 411 τῶν
704 366 906 410 τοιούτων
931 367 1156 422 ἡγεμόνων.
1210 373 1316 412 Eeoe
1343 374 1444 412 mihi
1469 387 1539 412 ru—

106 430 242 468 sticum
270 428 411 466 illwn!
465 426 675 480 (Aletium
701 425 953 477 designabat)
991 428 1094 466 solus
1127 428 1235 466 sedet
1260 436 1318 467 tot
1342 429 1539 483 principi-

107 484 178 522 bus
207 482 462 522 ads-cantibus.
517 481 714 534 Lepidum
744 495 907 534 quoque
943 489 1003 520 est
1019 511 1032 533 ‚
1080 483 1190 535 quod
1217 484 1364 522 Maitre
1388 483 1540 522 Wacce

109 552 162 577 en
187 552 262 578 son
289 538 445 576 Roman
471 535 523 575 de
546 537 637 575 Rou
674 536 782 589 apud
809 537 877 575 Du
907 536 1043 589 Cange
1069 537 1200 576 Gloss.
1232 539 1323 576 Lat.
1354 551 1396 576 v.
1427 538 1540 576 Ban-

107 606 173 632 οω
209 599 372 641 nan-at,
419 591 640 630 Rohertum
666 591 937 630 Normanniae
972 591 1116 630 ducem
1145 591 1242 630 CPli
1277 605 1370 630 cum
1397 592 1541 632 Alexio

108 647 426 701 colloquentem,
469 659 562 685 cum
588 659 670 685 non
704 646 860 685 videret
886 646 960 685 sibi
990 647 1123 686 sedem
1150 648 1325 700 porrigi,
1369 655 1408 687 et
1435 655 1542 687 stare

109 701 201 742 dedi
256 709 419 750 aretur,
458 700 691 740 mantellum
713 715 830 741 suum
859 701 934 740 sibi
961 701 1073 740 humi
1102 702 1390 754 substravisse,
1436 710 1477 741 et
1504 703 1541 742 ei

107 716 313 796 mseffise.
370 756 492 807 Quod
529 763 705 796 caeteros
740 770 921 810 proceres
947 756 1202 796 Non-mannos
1216 787 1228 808 ‚
1268 771 1393 810 quum
1427 757 1542 796 vide-

30 815 43 833 '·
106 819 226 866 rent,
252 813 427 852 imitatos
453 811 588 851 fuisse.
647 812 752 851 Hinc
780 813 939 851 iussisse
967 812 1154 852 Alexium
1169 842 1182 863 ,
1230 819 1276 852 ut
1302 813 1346 850 in
1373 813 1540 864 parieti-

106 866 185 906 bus
210 867 443 907 Consistorii
469 867 693 906 audientiae
719 881 881 907 scamna
908 868 1062 907 fierent.
1117 869 1249 908 Locus
1285 866 1430 922 dignus
1455 873 1542 919 est,

67 935 70 938 ·
109 923 180 975 qui
206 921 386 977 legatur,
413 936 546 976 neque
571 922 722 976 pigebit
747 922 995 963 adscribere:

326 979 419 1018 Par
449 978 761 1017 Constantinoble
782 992 928 1033 passa,

328 1032 388 1073 Et
411 1034 440 1071 ὰ
469 1033 501 1071 l’
518 1032 740 1088 Empe-reus·
771 1041 911 1082 torna,

327 1088 398 1128 En
417 1087 647 1127 dementia-s
667 1087 736 1144 qu'
758 1090 788 1126 ἃ.
815 1089 875 1127 lui
892 1087 1017 1144 par-Ia

327 1142 371 1183 A
395 1143 439 1182 la
465 1151 654 1182 coustume
673 1145 744 1198 qui
762 1151 819 1183 est
841 1144 907 1194 la,

326 1197 411 1237 Son
434 1198 686 1249 mantelius,
717 1200 746 1237 ἲι
769 1206 871 1238 ten-e
900 1200 1012 1248 mist,

332 1252 436 1292 Tout
451 1252 635 1306 defouble'
649 1253 762 1292 desus-
782 1254 816 1293 ε’
834 1256 942 1293 asist.

328 1307 397 1347 Au
419 1310 557 1364 partit·
579 1317 703 1364 quant
729 1309 764 1348 il
782 1309 817 1348 s'
839 1324 889 1349 en
920 1317 1035 1348 torna

329 1363 389 1402 Le
414 1363 562 1403 mantel
575 1363 759 1432 prendat
792 1379 841 1404 ne
872 1364 1037 1417 daigna.

334 1416 401 1457 Un
425 1419 477 1458 de
500 1419 599 1458 Gres
625 1419 681 1458 les
704 1421 765 1458 vit
787 1419 964 1471 defuble‘,

328 1472 414 1512 Son
442 1473 589 1514 mantel
614 1474 648 1512 li
667 1487 695 1513 α
717 1474 868 1524 oelwd,

332 1525 431 1566 Dist
454 1529 514 1567 lm·
539 1542 614 1583 que
640 1543 708 1568 son
728 1529 876 1568 mantel
897 1530 1023 1583 pn'st,

330 1581 391 1621 Et
408 1585 437 1620 ὰ
457 1597 529 1622 son
551 1583 617 1621 col
641 1583 679 1622 le
701 1583 909 1638 mpendsst.

331 1636 392 1676 Et
417 1637 452 1676 il
475 1637 664 1692 respondi
684 1652 768 1692 par
786 1639 943 1689 nobloy.

334 1690 511 1732 Qut-sam
533 1693 599 1731 dis
622 1693 823 1732 Nor-mam
843 1693 990 1732 azar-esi

330 1745 418 1786 Son
442 1748 592 1787 mantel
615 1762 643 1786 α
666 1756 767 1787 tert-e
788 1749 942 1802 gaer-pi.

115 1799 218 1840 Cum
259 1798 348 1841 aliis
378 1801 497 1856 longe
528 1802 711 1856 plurimis
746 1805 936 1842 institutis
970 1799 1086 1840 aulae
1120 1797 1306 1838 CPtanae
1341 1796 1543 1849 Graecae,

116 1870 220 1910 quae
246 1855 307 1895 illi
334 1860 522 1897 successit
538 1887 551 1908 ‚
580 1859 864 1898 Ottomannica
890 1858 1004 1911 quasi
1033 1854 1253 1895 hereditate
1281 1853 1358 1891 hoc
1382 1867 1546 1906 quoque

115 1911 292 1964 accepit,
350 1919 398 1951 ut
436 1912 589 1967 legatus
630 1913 790 1964 nullus,
842 1927 974 1966 neque
1017 1911 1119 1950 alius
1156 1911 1366 1962 quisquam
1411 1922 1548 1948 coram

115 1979 262 2019 magno
298 1965 462 2007 domino
492 1968 641 2008 sedeat.
698 1970 791 2019 Quo
822 1969 995 2018 factum,
1033 1974 1081 2005 ut
1108 1965 1259 2018 legatus
1288 1962 1431 2015 aliquis
1457 1962 1547 2001 An·

115 2019 268 2074 3116118,
309 2023 422 2061 cuius
454 2037 603 2063 nomen
633 2024 776 2063 excidit
804 2025 1023 2072 memoria,
1069 2019 1196 2060 CPlin
1240 2033 1264 2057 a
1305 2016 1547 2057 Cmmwello

115 2077 282 2129 missus,
308 2090 443 2116 coram
473 2078 641 2117 Sultano
670 2086 775 2118 stare
793 2079 1010 2132 dedignans
1024 2106 1035 2125 ‚
1065 2078 1107 2115 in
1129 2073 1324 2113 famulum
1347 2071 1548 2125 quendam

115 2143 234 2169 suum
249 2160 263 2181 ,
290 2133 475 2172 manibus
493 2134 740 2187 pedibusque
753 2130 1058 2185 τετραποδηδὸν
1081 2132 1277 2177 innixum,
1305 2127 1543 2166 consideret.

116 2185 196 2238 Ipsi
230 2199 392 2239 quoque
421 2188 564 2227 Clerici
591 2202 727 2227 coram
752 2189 995 2242 Imperatore
1025 2188 1177 2226 Graeco
1205 2183 1376 2223 stabant.
1433 2182 1547 2232 Qua-

115 2253 162 2278 re
195 2254 288 2279 eum
326 2241 541 2294 aliquando
585 2243 842 2283 Andronicus
872 2244 1099 2282 comnenus
1132 2241 1227 2292 ipsis
1241 2268 1270 2295 ².
1299 2244 1346 2276 ut
1376 2237 1547 2290 gratiam

115 2296 266 2347 gratiae
297 2297 531 2348 rependeret
547 2326 559 2348 ‚
599 2312 735 2338 eoram
764 2312 808 2337 se
835 2300 878 2338 in
907 2299 1078 2337 scamnis
1113 2294 1248 2333 sedere
1274 2293 1545 2347 permisisset,

112 2348 251 2402 paullo
280 2358 372 2403 post
398 2351 600 2392 sublatum
629 2353 731 2392 illud
761 2353 1015 2406 privilegium
1046 2357 1086 2390 et
1109 2349 1295 2388 reductus
1322 2354 1439 2387 vetus
1457 2359 1547 2385 mos

113 2403 193 2442 fuit
224 2411 326 2444 tecte
363 2406 504 2446 Niceta
547 2421 591 2461 p.
623 2407 713 2460 146.
745 2409 804 2447 B:
834 2401 1087 2457 θαυμαστήν
1125 2417 1219 2443 τινα
1250 2404 1428 2455 παρεῖχε
1461 2397 1542 2467 tq}

115 2455 300 2524 ἆμθιβᾷν
333 2464 417 2507 τοῖς
442 2461 528 2500 τῶν
562 2461 853 2514 ἐπιταγμάτων
891 2460 1027 2501 αὐτοῦ’
1061 2460 1311 2511 πληρωταῖς.
1365 2453 1392 2508 ἦ
1421 2453 1469 2495 δὲ
1495 2467 1549 2506 ην

113 2511 195 2551 τῶν
218 2526 313 2552 τοτε
337 2514 415 2564 μὲν
442 2515 694 2568 αἰτηθέντων
721 2515 847 2571 ῥᾳδία
873 2512 1142 2568 τερμάτωσις,
1160 2536 1176 2544 -
1192 2507 1260 2565 -ἦ
1290 2510 1337 2551 δὲ
1361 2508 1547 2563 μεγώτη,

113 2562 163 2605 τὸ
192 2565 456 2620 συνεδρεύειν
495 2569 677 2620 ἐκείνους
704 2571 820 2611 αὐτῶ
846 2568 1154 2619 σκιμποδὰτκων
1180 2565 1548 2620 παρατιθεμένων,

115 2619 190 2683 καὶ
223 2624 620 2677 παρεισφερομένων
652 2626 711 2680 τῷ·
746 2612 944 2679 βασιλείῳ
986 2622 1127 2679 θρόνῳ
1164 2620 1360 2671 κλισμῶν.
1414 2616 1440 2658 ὃ
1475 2617 1551 2659 καί

117 2686 198 2725 ⁰¹³7:
224 2669 342 2727 ἧττον
368 2678 429 2724 εἰς
453 2679 614 2730 γέλωτα
637 2681 719 2720 τῶν
754 2678 963 2730 ἑλομένων
999 2677 1075 2716 καί
1106 2675 1447 2726 καταδεξαμένων
1473 2671 1549 2723 εἰρ-

114 2730 291 2792 χιερέων
317 2730 394 2771 οὐκ
419 2731 491 2772 ἐπὶ
515 2739 691 2786 συχναῖς
726 2733 903 2787 ἤμέραις
938 2729 1126 2783 συμβὰν,
1166 2725 1274 2787 ᾗπερ
1313 2724 1551 2791 φαντασιαν

118 2795 210 2821 τινα
235 2787 383 2838 τιμῆς,
421 2788 495 2827 καί
518 2785 722 2840 ἴνδαλμα,
759 2787 833 2830 ἐπὶ
855 2786 929 2841 τὴν
955 2786 1159 2840 προτέραν
1185 2786 1395 2838 ἐπανῆλθε
1419 2797 1553 2840 ,συνη-
