1884 3132
331 107 444 166 850
659 121 1507 168 10.1Ac.nssisx11commNTAR11
1552 130 1561 133 ⁷

335 230 426 269 niae
453 227 631 267 inferimi
662 234 702 267 et
740 226 876 280 Belgio
903 232 1096 279 usurpata
1132 237 1207 279 pm
1237 224 1418 265 femorali
1462 225 1780 279 praecinctorio,
1766 237 1781 251 ¹

336 291 383 324 ut
412 282 606 336 intelligas
636 296 680 321 ex
709 283 872 321 nomine
899 282 1122 331 Perizomi,
1165 281 1275 333 quod
1301 279 1445 334 aliquis
1475 281 1525 319 de
1562 281 1781 321 maioribus

337 338 583 379 celeberrimi
615 337 854 376 Professoris
884 334 1111 383 Leidensis‚
1144 334 1277 374 Iacobi
1305 335 1530 386 Perizonii,
1574 349 1688 376 more
1717 335 1780 375 sui

338 393 486 435 saeculi
533 393 780 443 assumebat,
826 391 982 430 abiecto
1026 392 1152 430 veteri
1185 390 1323 444 gentili
1349 391 1511 430 nomine
1541 390 1588 429 V
1582 391 1784 443 orbrugge

339 450 522 490 Gestasse
548 448 751 487 Romanos
779 446 1034 486 saeculiVlI.
1061 446 1161 485 tales
1193 446 1326 496 hosas,
1354 445 1480 499 liquet
1508 459 1554 484 ex
1582 445 1782 499 Ciampini

338 505 424 543 tab.
451 505 519 543 32.
551 505 646 542 tomi
676 501 838 542 secundi
866 503 1122 540 Monument.
1151 507 1231 540 v.et
1257 531 1269 551 ,
1300 500 1371 539 ubi
1406 500 1615 539 exhibetur
1649 503 1782 554 imago

339 559 382 599 S.
410 558 630 598 sebastiani
663 572 707 596 ex
734 559 890 596 musivo
918 555 1104 595 eeclesiae
1128 556 1171 595 S.
1216 556 1328 595 Petri
1350 555 1402 594 ad
1428 554 1601 594 Vincula
1630 556 1750 595 Urbis
1766 582 1779 607 ,

341 628 448 654 anno
478 613 579 652 Clu.
608 612 703 653 682.
739 618 988 658 exstinctae,
1018 626 1098 664 qua
1130 613 1170 649 in
1200 611 1370 675 imagine
1400 617 1558 664 praetei
1584 610 1660 649 alia
1688 610 1784 650 vul-

344 672 455 724 garia
483 668 682 707 notandae
708 675 801 706 sunt
837 666 957 706 hosae
985 680 1052 705 seu
1081 665 1229 719 caligae
1255 668 1295 705 in
1324 680 1406 704 una
1450 679 1580 706 massa
1628 679 1699 705 seu
1734 679 1783 706 ex

340 739 425 763 uno
464 722 591 762 solido
617 737 753 776 panno
793 723 945 768 sactae,
986 721 1095 785 apud
1138 721 1263 760 talum
1291 721 1538 771 desinentes,
1567 719 1622 760 sic
1648 728 1784 762 tamen

341 779 580 830 distinctae,
609 786 655 818 ut
687 777 989 830 auriphrygium
1018 778 1059 815 in
1086 776 1247 830 regione
1274 790 1378 830 genu
1406 776 1580 829 positum
1599 775 1783 816 videatur

341 834 549 874 femoralia
587 848 611 872 a
661 833 887 872 ermalibus
943 831 1131 870 diiimere
1178 831 1293 870 velle.
1351 831 1573 885 Procopius
1614 844 1679 870 eas
1724 833 1783 872 ait

341 902 385 944 Ρ.
407 891 474 929 52.
493 888 692 928 Anecdot.
751 889 924 926 Graecos
962 889 1102 926 aetatis
1130 900 1224 926 suae
1253 892 1424 953 gestasse
1450 886 1504 925 ab
1533 886 1692 926 Hunnis
1713 900 1783 926 ac-

343 951 508 997 ceptas:
539 941 583 983 αἱ
611 941 816 1005 ἑπωμίδες
838 956 909 981 και
937 939 1183 1005 ἀναξυρίδες
1210 955 1278 980 και
1305 939 1387 980 τῶν
1394 937 1694 1005 ὑποδημάτων
1724 955 1778 980 τα

342 1000 518 1038 πλεῖστα
553 997 597 1044 ἐς
624 997 706 1037 τῶν
751 990 921 1036 Ου’ννων
948 993 1011 1042 τό,
1016 1008 1058 1035 τε
1100 988 1230 1047 ὄνομα
1262 995 1336 1035 και
1359 991 1430 1035 τὸν
1458 993 1608 1048 τρόπον
1635 990 1786 1035 ἆποκέ-

350 1065 482 1105 κριτο.
537 1052 610 1092 Ait
655 1053 827 1090 Graecos
863 1051 914 1089 ab
958 1051 1116 1090 Hunnis
1143 1050 1371 1090 assumsisse
1396 1064 1478 1089 non
1505 1057 1662 1089 tantum
1686 1064 1786 1114 epo-

346 1107 475 1146 mides
513 1114 553 1147 et
591 1106 824 1160 anaxyrides
860 1113 899 1144 et
925 1119 993 1144 oc1
996 1120 1086 1156 eas,
1124 1106 1193 1144 sed
1221 1107 1340 1144 etiam
1370 1119 1509 1144 earum
1534 1119 1669 1144 rerum
1696 1107 1784 1159 ipsa

342 1164 523 1202 nomina.
575 1162 767 1214 Designat
793 1161 1031 1200 armelausm
1062 1167 1101 1199 et
1127 1162 1239 1200 hosas
1266 1168 1306 1199 et
1331 1169 1505 1213 tzangas.
1560 1159 1615 1199 Et
1641 1161 1783 1214 procul

345 1216 471 1256 dubio
499 1217 731 1256 Hunnicum
758 1222 878 1269 atque
905 1215 1118 1254 Gothicum
1147 1222 1346 1268 gestamen
1373 1222 1468 1255 sunt
1493 1214 1640 1266 hosaeg
1681 1230 1783 1269 qua·—

344 1279 509 1326 propter
536 1286 602 1311 eas
634 1271 850 1310 Mauricius
888 1285 931 1323 p.
963 1271 1056 1310 302.
1098 1271 1217 1309 etiam
1253 1269 1461 1320 ζωστάρια
1491 1269 1531 1309 Γ
1528 1265 1673 1309 orthaea
1710 1285 1783 1324 ap-

344 1327 480 1379 pellat.
537 1327 691 1380 Inspice
718 1325 871 1364 Gothos
897 1325 961 1365 vel
987 1325 1155 1379 Scythas
1182 1327 1223 1364 in
1251 1340 1295 1364 a1
1297 1339 1347 1364 cu
1367 1324 1649 1364 Theodosiano
1676 1325 1784 1379 apud

345 1381 612 1420 Bandurium.
672 1382 839 1420 Gestant
866 1379 984 1420 hosas
1015 1380 1108 1420 satis
1136 1380 1243 1419 laxas
1278 1375 1516 1433 κρωσσοτὰς
1550 1387 1619 1419 aut
1644 1380 1787 1420 denta—

347 1443 432 1487 tas,
476 1437 519 1475 id
546 1444 606 1476 est
643 1438 810 1486 excisas,
853 1442 891 1474 et
919 1435 972 1475 ab
1010 1436 1058 1475 iis
1096 1435 1266 1474 Romani
1306 1436 1488 1488 protinus
1515 1435 1784 1476 assumebant.

345 1490 539 1530 Consul·
529 1506 570 1530 in
599 1491 790 1545 diptycho
817 1491 884 1528 Du
898 1491 1037 1544 Cangii
1067 1491 1150 1541 (tab
1178 1491 1210 1528 Ι.
1242 1491 1398 1530 dissert.
1421 1490 1472 1529 de
1491 1492 1665 1529 nummis
1697 1493 1785 1531 aevi

346 1547 590 1599 posterioris)
629 1546 747 1585 hosas
789 1546 1032 1598 conspicitur
1069 1560 1207 1598 gerens
1235 1559 1358 1599 paene
1383 1545 1542 1584 talares.
1599 1545 1678 1584 Sed
1703 1547 1786 1586 iam

347 1601 500 1639 dudum
530 1609 622 1640 ante
648 1600 852 1640 saeculum
878 1601 934 1640 V.
974 1602 1175 1640 Romanos
1198 1608 1369 1654 gestasse
1403 1600 1545 1650 hosas,
1589 1601 1674 1653 ipso
1701 1601 1783 1640 iam

347 1656 506 1695 saeculo
536 1656 612 1695 111.
633 1670 656 1694 a
684 1655 844 1694 Christo
865 1663 987 1702 nato,
1017 1654 1160 1709 colligo
1191 1671 1236 1694 ex
1257 1655 1344 1694 loco
1369 1655 1588 1694 Herodiani
1618 1655 1691 1694 lv.
1717 1656 1780 1696 13.

347 1709 385 1763 ᾗ.
411 1725 473 1749 11.
491 1740 502 1758 ‚
533 1710 602 1749 ubi
623 1710 850 1749 describens
875 1711 1036 1749 caedem
1057 1709 1254 1749 Antonini
1282 1709 1509 1748 Caracallae
1541 1723 1565 1749 a
1604 1709 1783 1750 Martiali

347 1765 523 1818 quodam
553 1772 755 1819 peractam
782 1766 837 1804 sic
861 1773 1014 1805 narrat.
1069 1766 1117 1804 In
1143 1766 1284 1804 itinere
1321 1765 1587 1810 ‚Antoninum
1637 1778 1782 1804 exone-

346 1820 463 1858 randi
492 1822 642 1859 ventris
670 1835 787 1860 causa
808 1823 1023 1860 secessisse.
1076 1821 1302 1860 Martialem
1323 1821 1445 1873 igitur
1464 1849 1477 1871 ,
1521 1820 1636 1873 quasi
1678 1827 1782 1860 nutu

347 1873 404 1912 ab
439 1889 486 1914 eo
530 1882 742 1925 vocatum,
783 1878 1027 1926 accunrisse,
1066 1882 1106 1914 et
1141 1890 1232 1914 eum
1271 1890 1295 1914 a
1334 1876 1484 1928 postica
1529 1874 1779 1923 confodisse,

347 1929 444 1967 dum
475 1931 515 1968 in
537 1945 583 1969 eo
614 1937 716 1970 esset
732 1930 935 1969 Caracalla
951 1959 963 1979 ,
996 1937 1056 1993 Ut..
1061 1938 1187 1970 vestes
1208 1931 1403 1969 femorum
1426 1930 1501 1969 sibi
1527 1930 1778 1969 detraheret·
1765 1959 1782 1980 ,

345 1980 515 2030 ἐπιστὰς
543 1983 658 2040 αὐτῶ
685 1981 762 2030 τὰς
789 1983 971 2037 ἐσθῆτας
997 1984 1078 2024 τῶν
1099 1985 1244 2038 μηοῶν
1269 1984 1510 2024 καθέλκοντι
1538 1979 1779 2036 ἅπεστραμ-

344 2036 454 2092 μένω
483 2036 598 2078 παίει
624 2024 805 2094 ξιφιδίω.
864 2041 944 2090 Qui
972 2040 1101 2092 potuit
1121 2040 1324 2079 Caracalla
1341 2047 1469 2079 vestes
1495 2039 1544 2078 de
1564 2039 1784 2078 femoribus

345 2077 582 2144 detraheie,
611 2077 796 2133 demsum
825 2094 1079 2148 destringere,
1109 2096 1142 2134 si
1168 2095 1286 2134 hosas
1315 2109 1396 2133 non
1427 2097 1544 2148 gessit
1561 2098 1580 2134 ‘l
1635 2095 1779 2134 Graeci

346 2153 388 2185 et
423 2147 594 2187 Romani
631 2156 813 2189 ventrem
853 2149 1021 2188 laxaturi
1057 2164 1137 2188 non
1181 2149 1469 2214 detrahebant,
1509 2148 1577 2188 sed
1605 2149 1780 2188 attrahe-

347 2200 790 2254 bant‚1exolv,ebant
819 2204 1050 2257 regelebant
1079 2205 1119 2243 in
1135 2207 1316 2258 superius
1333 2212 1482 2252 vestes,
1511 2211 1558 2243 ut
1585 2204 1780 2243 foeminae

346 2263 520 2296 nostiae.
577 2258 679 2297 Hinc
719 2258 835 2298 hosas
869 2261 988 2298 etiam
1023 2257 1278 2313 ἀναξυρίδας
1317 2258 1600 2312 appellabant,
1643 2259 1684 2297 id
1722 2265 1781 2297 est

344 2307 606 2363 α’νασύρτους
640 2312 844 2365 ἐσθῆτας,
904 2315 1133 2367 adaptantes
1172 2312 1475 2368 appellationem
1524 2312 1626 2352 mori
1673 2327 1746 2352 suo
1764 2342 1777 2361 ,

345 2378 428 2404 non
458 2369 635 2419 gentium
664 2369 791 2415 mori,
823 2369 872 2407 de
898 2370 1043 2422 quibus
1070 2369 1348 2436 loquebantur.
1397 2369 1527 2408 Hosae
1555 2369 1659 2408 enim
1685 2382 1781 2420 pro-

345 2422 436 2472 prie
461 2428 553 2460 sunt
584 2421 880 2475 καταξυρίδες,
901 2425 1169 2474 descrit-toria,
1202 2439 1285 2464 non
1319 2421 1584 2477 ἆναξυοίδες,
1612 2432 1779 2474 regesto-

344 2476 422 2514 rzssa
476 2476 628 2514 Ve1um
657 2491 688 2515 Sl
716 2477 833 2516 hosas
861 2478 1141 2531 καταξυρίδας
1169 2477 1456 2531 appellassent,
1486 2476 1631 2530 vulgus
1651 2478 1778 2516 Grae-

344 2543 437 2567 cum
476 2544 557 2569 non
596 2531 845 2570 intellexisset
863 2562 874 2582 ,
913 2547 1038 2586 quum
1078 2533 1281 2573 femoralia
1310 2533 1549 2586 destringere
1574 2545 1655 2570 non
1683 2547 1778 2585 pos-

345 2591 459 2630 sent,
489 2586 557 2624 sed
585 2600 737 2638 semper
764 2595 1004 2639 regerereut.
1073 2589 1207 2628 Hosae
1235 2591 1356 2642 igitur
1397 2589 1496 2636 hae,
1537 2600 1777 2641 quocunque

343 2636 505 2676 demum
536 2648 716 2693 tempme
747 2642 926 2680 invectae
955 2644 996 2681 in
1025 2658 1141 2682 usum
1161 2645 1433 2682 Romanorum
1451 2648 1490 2680 et
1510 2641 1683 2680 Glaecm
1675 2658 1768 2689 um,

341 2689 515 2743 duplicis
545 2702 658 2734 erant
684 2709 806 2748 genex
809 2697 856 2748 is,
886 2707 1037 2750 vastae,
1066 2698 1203 2752 quales
1230 2705 1373 2738 nautae
1394 2704 1432 2736 et
1453 2695 1624 2738 Helvetii
1645 2698 1779 2738 adhue
