1884 3132
180 165 254 207 An
302 164 596 208 consrmr.
634 165 828 207 ponpa.
870 167 942 206 m:
980 165 1158 207 cmm.
1197 162 1294 206 m.
1318 166 1370 206 11.
1413 146 1520 220 877

108 265 312 307 Chronico
339 244 559 306 'Anselmns
597 266 924 320 Havelbergensis
961 266 1115 320 Dialog.
1138 266 1213 308 111.
1238 279 1317 314 12„
1357 266 1528 305 incredi-

109 321 190 360 bile
215 328 347 360 tamen
376 329 458 372 est,
501 321 729 360 concionem
755 323 996 361 Graecorum
1016 321 1228 369 hominum·
1246 321 1387 360 Latine
1422 320 1532 360 haud

109 375 336 414 callentium
369 377 602 414 Latinorum
643 375 778 415 laudes
816 383 854 414 et
886 375 1118 415 intellexisse
1153 382 1193 414 et
1223 377 1418 415 recitasse.
1471 375 1532 414 Ut

108 438 239 469 autem
301 431 430 470 Latini
469 429 583 483 legati
628 431 788 469 Latinas
827 430 962 469 laudes
1006 429 1311 482 Imperatoribus
1359 429 1530 469 CPtanis

109 485 380 525 acclamabant
397 514 410 535 ,
454 488 510 524 ita
540 485 712 524 vicissim
740 487 879 524 Graeci
906 485 1022 537 legati
1060 486 1230 524 Graecas
1259 483 1533 524 acclamabant

110 540 419 593 Imperator-ibus
450 539 678 578 Occidentis
701 547 740 578 et
768 540 1027 579 Pontificibus
1058 540 1262 581 Romanis.
1318 539 1442 578 Notus
1472 546 1532 578 est

107 593 219 633 locus
243 595 484 647 Rhegiuonis
520 594 788 644 Prumiensis‚
833 608 913 646 quo
939 596 994 632 ait
1012 624 1023 643 ,
1054 592 1202 647 legatos
1226 594 1397 632 Graecos
1414 593 1531 632 Nice-

108 649 224 702 phori
263 649 466 688 Generalis
520 656 590 687 aut
622 649 752 687 Irenes
792 652 886 698 (non
928 649 1029 687 bene
1067 649 1242 697 memini)
1291 646 1436 687 Carolo
1466 649 1527 688 M.

108 706 150 742 in
174 703 336 742 ecclesia
365 701 581 742 cathedrali
608 702 916 756 Aquisgranensi
945 703 1115 742 Graecas
1140 702 1275 742 laudes
1295 703 1525 742 aecinuisse.

109 758 214 796 Acta
244 757 412 796 concilii
442 757 714 810 Lugdunensis
741 758 790 796 de
819 758 897 796 An.
924 757 1068 811 1274:
1109 771 1183 812 qao
1208 758 1380 808 symbolo
1407 757 1527 811 finito

108 813 211 851 idem
248 814 474 866 patriarcha
487 841 498 859 ,
538 814 817 867 arrhiepiscopi
843 822 881 851 ec
913 812 1104 864 logotheta
1143 825 1229 851 cum
1267 812 1358 850 aliis
1392 821 1527 851 canta-

107 875 248 906 verunt
274 867 407 905 laudes
434 867 607 905 solennes
630 868 673 905 in
702 867 836 919 lingua
873 867 1024 906 Graeca
1054 867 1212 905 donu'no
1243 867 1397 920 Papae.

217 922 263 960 Β.
287 920 329 960 6.
364 919 478 975 [744,
503 919 583 974 13.]
628 918 858 959 ὖπείδυσιν.
924 921 1032 971 Quid
1070 921 1146 960 hoc
1186 920 1298 959 verbi
1333 923 1407 971 sit,
1444 935 1526 961 non

109 975 297 1028 intelligo.
354 977 514 1025 Sensus,
542 989 659 1028 quem
686 977 727 1013 in
755 976 935 1014 versione
956 976 1140 1027 expressi,
1170 974 1319 1028 flagitat
1346 974 1524 1014 ὑπέκδυ-

105 1044 201 1080 σιν,
240 1029 304 1069 vel
343 1028 567 1077 α’πόλυσιν,
601 1028 667 1069 vel
704 1027 918 1081 α’πήλυσιν.
975 1029 1081 1080 Quid
1119 1029 1264 1068 horum
1299 1030 1526 1082 praeferen-

107 1084 204 1123 dum
239 1091 309 1123 aut
335 1084 434 1137 quid
453 1083 570 1122 aliud
596 1084 913 1124 substituendum
940 1085 1016 1135 sit,
1066 1084 1238 1123 viderint
1270 1083 1353 1123 alii.
1410 1085 1526 1125 Certe

106 1138 229 1178 δῦναι
256 1139 359 1178 idem
384 1138 495 1192 quod
519 1138 678 1187 βαίνειν
700 1137 762 1177 vel
789 1137 896 1178 ἰέναι
918 1151 1026 1189 esse,
1050 1145 1159 1191 patet
1188 1152 1232 1177 ex
1259 1152 1356 1178 voce
1373 1130 1524 1190 ἄδυτα,

105 1207 208 1245 quae
232 1193 338 1232 idem
358 1201 478 1246 atque
502 1189 640 1242 ἄβατα
661 1193 875 1246 significat,
907 1194 1002 1231 item
1039 1207 1084 1232 ex
1115 1190 1322 1232 διαδύνειν
1357 1193 1399 1231 in
1436 1193 1524 1233 loco

104 1247 331 1286 Nicomachi
372 1249 560 1287 Geraseni
576 1277 589 1299 ,
618 1262 736 1300 quem
764 1247 979 1286 Salmasius
1011 1247 1062 1285 ad
1096 1246 1223 1286 Aram
1256 1248 1453 1286 Dosiadae
1476 1263 1518 1301 p.

112 1300 200 1355 189.
225 1302 290 1340 ed.
310 1301 428 1340 Creu.
456 1303 574 1347 citat,
603 1302 673 1340 ubi
696 1308 809 1340 notat
836 1302 1061 1354 &berg-ere,
1090 1302 1131 1339 in
1159 1301 1315 1340 diversa
1346 1302 1522 1347 tendere.

213 1357 258 1395 Β.
285 1370 326 1409 7.
363 1355 475 1410 [744,
503 1354 587 1409 [4.]
626 1354 783 1406 ἐξάγειν
821 1355 883 1394 δὲ.
954 1359 1038 1394 Aut
1072 1355 1250 1394 iteranda
1278 1369 1355 1395 vox
1384 1358 1517 1409 prior,

105 1411 320 1462 praemisso
344 1417 519 1463 puncto,
551 1417 621 1449 aut
649 1410 822 1461 delenda,
893 1410 1048 1449 sterior.

213 1465 261 1503 C.
290 1478 331 1518 9.
363 1464 475 1518 [js-45,
498 1463 558 1518 5.]
597 1457 678 1502 nimi
715 1461 790 1503 δύο
825 1463 1067 1515 ακουβίτων.
1141 1462 1224 1502 Pro
1262 1465 1390 1516 prima
1424 1479 1521 1505 voce

101 1518 180 1571 leg.
211 1517 300 1568 ἐπὶ,
336 1527 382 1557 ut
410 1534 450 1572 p.
480 1518 574 1570 450.
604 1519 652 1558 C.
682 1518 721 1558 6.
751 1516 823 1558 ἐπὶ
851 1519 926 1569 τῆς
961 1518 1075 1570 ἕκτης
1110 1514 1183 1556 καί
1219 1512 1396 1570 ἑβδόμης
1421 1533 1520 1571 τρα-

103 1571 251 1624 πέζης,
293 1580 332 1611 et
367 1572 438 1613 ἐπὶ
479 1573 554 1625 τῆς
590 1568 756 1624 {amoime
791 1571 1009 1625 τραπέζης.
1064 1571 1265 1610 Consu-uit
1292 1579 1426 1611 noster
1451 1573 1522 1613 ε’πί

102 1625 180 1664 hoc
216 1641 329 1666 sensu
364 1641 523 1694 quoque
560 1642 652 1667 cum
687 1627 849 1678 dativo,
878 1633 925 1666 ut
952 1641 996 1680 p.
1025 1625 1119 1677 452.
1148 1625 1203 1666 A.
1231 1625 1271 1669 8.
1293 1625 1363 1665 δεῖ
1380 1628 1519 1667 καλεῖν

102 1680 174 1719 ἐπί
197 1685 282 1727 τοῖς
307 1681 427 1722 δυσίν
445 1682 690 1732 ακουβίτοις.
1516 1716 1519 1719 ,

183 1734 279 1785 455.
307 1736 359 1774 A.
393 1736 434 1775 8.
462 1735 577 1791 [747,
605 1735 688 1790 ι8.]
717 1734 763 1774 ἐν
788 1735 842 1789 τῇ
863 1732 960 1786 περὶ
986 1732 1108 1788 ἡμᾶς.
1164 1733 1355 1784 Sensum,
1398 1748 1517 1788 quem

102 1789 328 1841 exsculpere
367 1790 429 1829 his
457 1805 478 1829 e
513 1791 644 1830 verbis
675 1790 802 1840 valui,
842 1790 932 1829 dedi
970 1791 1010 1828 in
1054 1788 1220 1828 Latinis.
1278 1789 1429 1829 Dubito
1454 1797 1517 1830 ta-

102 1856 208 1891 men,
239 1852 395 1883 rectene
420 1845 564 1884 habeat
590 1845 656 1883 hic
683 1845 816 1891 locus,
846 1859 897 1883 an
924 1846 1067 1883 vitium
1091 1843 1227 1883 subsit.

211 1898 264 1936 A.
302 1913 362 1937 10.
396 1898 505 1953 [747,
527 1898 607 1952 2o.]
637 1893 726 1949 ἅμα
751 1899 826 1938 τοῦ
852 1898 1010 1948 στίχου.
1064 1897 1223 1937 stichus
1253 1903 1311 1935 est
1346 1897 1516 1939 formula

100 1964 260 2003 precum
299 1953 470 1992 solennis
506 1961 598 1992 ante
627 1954 761 2006 epu'las
788 1960 827 1992 et
852 1954 899 1992 iis
929 1953 1045 1991 finitis
1072 1966 1095 1990 a
1120 1949 1387 1991 sacerdotibus
1413 1955 1514 1992 reci-

100 2007 177 2043 tari
205 2006 334 2057 solita,
363 2021 386 2046 e
413 2008 526 2047 dictis
553 2009 771 2060 scripturae
797 2015 835 2046 et
861 2007 946 2046 aliis
975 2008 1047 2059 piis
1072 2005 1390 2044 meditationibus
1417 2020 1514 2046 con·

99 2066 219 2099 texta.
275 2061 444 2114 Proprie
470 2060 608 2114 ottyog
634 2063 731 2102 solet
757 2062 944 2114 appellari
971 2060 1140 2100 formula
1177 2075 1200 2099 e
1238 2059 1398 2113 psalmis
1437 2061 1514 2101 Da-

99 2113 237 2154 vidicis
265 2123 334 2154 aut
359 2116 445 2155 aliis
470 2117 695 2169 Scripturae
721 2117 815 2156 locis
842 2122 1035 2167 excerpta.

206 2170 252 2208 Β.
282 2183 319 2210 2.
345 2170 459 2224 [748,
483 2170 540 2224 2.]
571 2168 854 2223 ἀπολελυμένῳ
882 2169 1078 2221 σχήματι.
1131 2167 1173 2206 Si
1210 2167 1260 2206 de
1293 2168 1387 2207 viris
1426 2170 1514 2208 cin-

99 2222 193 2273 gulo
212 2224 374 2263 militiae
389 2225 592 2264 honoratis
617 2239 744 2264 sermo
770 2233 894 2273 esset,
923 2227 1138 2276 acciperem
1166 2222 1269 2260 hanc
1299 2221 1513 2263 dictionem

97 2289 171 2327 pro
188 2275 374 2327 α’ζιόνοις,
402 2280 610 2318 discinctis.
668 2280 745 2318 Sed
773 2283 813 2318 in
835 2277 1099 2317 sacerdotibus
1125 2275 1226 2315 nihil
1253 2276 1411 2328 cingulo
1438 2278 1509 2316 ad-

98 2332 292 2369 strictum.
347 2333 449 2371 Hinc
478 2341 639 2385 putem,
668 2333 770 2372 hanc
798 2333 1006 2371 dictionem
1044 2338 1205 2378 notare,
1246 2329 1369 2369 libere
1403 2331 1509 2370 laxe-

95 2391 173 2436 q'ue
192 2385 498 2438 dependentibus
527 2387 744 2440 pheloniis,
774 2402 854 2426 non
883 2387 985 2424 ultra
1014 2385 1191 2424 cubitum
1219 2386 1403 2436 regestis,
1441 2385 1509 2424 sed

95 2439 287 2478 ambobus
315 2440 487 2479 brachiis
513 2443 616 2480 intra
646 2456 797 2480 saccum
829 2440 948 2479 veluti
975 2440 1198 2478 latentibus.
1511 2476 1513 2479 .

204 2491 310 2548 Βζ9.
339 2494 450 2548 [748,
466 2493 524 2548 7.]
553 2492 649 2540 τούς
674 2491 723 2534 τὰ
751 2492 978 2546 σφραγίδια
1010 2495 1108 2545 παρ’
1134 2490 1250 2544 ἡμῶν
1268 2490 1503 2545 εἰληφότας.

95 2545 282 2586 solebant
318 2546 428 2588 statis
457 2550 594 2588 diebus
630 2549 680 2588 ad
720 2563 868 2587 sacram
897 2561 1071 2586 mensam
1111 2545 1270 2584 invitari
1296 2546 1423 2584 clerus
1462 2561 1508 2585 o-

95 2602 210 2647 mnis,
241 2603 438 2652 monachi,
464 2611 503 2642 et
530 2604 575 2641 iis
601 2603 743 2642 similes
761 2604 928 2655 reputati
956 2615 1159 2654 pauperes,
1188 2601 1311 2652 iisque
1340 2607 1507 2640 tesserae

93 2652 303 2707 distribui,
334 2657 478 2710 quibus
507 2657 686 2696 exhibitis
713 2671 785 2710 pro
814 2657 989 2695 convivis
1024 2669 1155 2694 sacrae
1191 2667 1346 2692 mensae
1383 2668 1505 2708 agno-

94 2716 293 2750 scerentur
323 2719 363 2752 et
389 2711 699 2755 admitterentur.
757 2711 869 2751 Conf.
898 2709 1046 2764 p.435.
1075 2710 1124 2752 A.
1157 2707 1214 2760 4.,
1245 2707 1337 2759 450.
1365 2709 1410 2747 Β.
1445 2710 1504 2761 5.,
