1832 3126
255 171 276 207 1
294 152 367 208 18·
519 170 593 211 10.
637 168 743 211 mc.
783 168 983 210 Rssrsm
1019 168 1400 212 commum

246 271 444 322 eeclesiae,
473 286 556 311 non
574 271 757 325 palatini.
808 270 1007 310 Officium
1027 285 1166 311 eorum
1187 280 1274 312 erat
1289 273 1366 312 hoc
1387 302 1400 324 ,
1429 279 1476 313 ut
1509 270 1698 327 perhibet

248 329 427 367 lsidmus
454 327 592 366 Iunior
618 327 726 380 apud
753 327 820 365 Du
850 327 984 381 Gange
1015 327 1146 367 Gloss.
1180 329 1271 367 Lat.
1305 329 1349 368 h.
1381 341 1423 368 v.
1445 329 1562 369 ‚Ad
1576 332 1703 370 ostia-e

246 385 350 421 rizcm
374 383 556 422 ecclesiae
587 383 718 421 claves
745 392 962 440 pertztzent,
1001 393 1044 422 ut
1070 384 1232 423 claudat
1254 393 1293 423 et
1320 385 1478 440 apertat
1512 386 1698 440 templum

245 438 349 486 Dei,
390 447 430 476 et
450 439 614 487 omnia,
648 453 750 493 qaae
777 447 867 477 sunt
900 439 1000 477 intus
1023 448 1226 494 extusque,
1247 440 1450 490 custodiat,
1461 439 1612 496 fideles
1633 455 1703 480 re·-

244 494 391 548 ciplat,
433 494 472 531 in
505 495 611 533 dele-5·
640 502 681 532 et
703 504 1056 533 excommumcatos
1076 497 1244 534 reithzat

357 547 735 604 C.ut.[18‚18.]
764 545 802 587 οἱ
837 546 1010 599 ψάλται.
1057 550 1265 602 Cantores,
1296 552 1441 590 musici
1462 549 1623 591 vocales
1641 565 1701 591 ec·

246 604 471 645 clesiastici.
550 606 706 643 Musica
738 605 845 643 enim
877 606 1210 656 instrumentalis,
1255 613 1302 645 ut
1332 621 1404 645 res
1433 606 1619 660 profana,
1653 609 1702 646 in·

246 659 424 699 ecclesiis
452 661 615 700 Graecis
647 659 782 698 locum
809 659 972 699 nullum
997 661 1133 699 habet.
1194 661 1354 701 Psaltos
1384 661 1458 701 hos
1491 662 1698 702 ordinatos

246 716 369 755 fuisse
398 722 437 755 et
468 716 519 755 ad
548 715 699 755 elerum
726 716 994 769 pertinuisse,
1025 716 1316 756 demonstravit
1336 717 1538 756 Habertus
1561 717 1698 757 Ponti·

246 770 352 811 fical.
384 785 425 824 p.
453 771 520 823 44.
581 772 814 824 Numquam
840 773 964 825 igitur
986 786 1132 811 vacare
1154 780 1342 826 poterant
1372 774 1546 812 musicae
1567 772 1703 826 prosae

245 841 337 876 nae,
365 827 618 881 thymelicae.
678 827 900 866 Fuerintne
928 828 1048 866 iidem
1075 843 1168 867 eum
1203 828 1384 878 Craetis,
1429 829 1510 867 iam
1546 828 1589 866 in
1628 842 1697 867 ειτ-

244 883 470 936 pcrioribus
506 883 618 934 dixi,
667 882 838 921 dubium
881 897 981 922 esse.
1039 884 1082 922 Si
1107 883 1270 922 suerunt
1289 913 1300 934 ,
1337 883 1699 922 dicti·fi1eruntin

246 937 420 977 ecclesiis
459 939 623 992 quidem
652 938 830 991 psaltae,
864 946 974 977 extra
1002 953 1069 978 eas
1108 946 1242 978 autem
1270 939 1463 978 Cractae..
1531 938 1702 990 Certum·

245 993 288 1032 id
317 1001 375 1032 est
395 1025 405 1042 ,
436 993 583 1047 psaltas
609 993 761 1048 populo
791 995 834 1032 iu
871 993 1045 1033 ecclesiis
1084 995 1300 1048 praeivisse
1344 993 1482 1033 laudes
1521 994 1699 1047 Impera-

245 1056 406 1100 torum,
443 1056 490 1089 ut
539 1050 708 1088 Cractae
745 1057 855 1088 extra
906 1049 1089 1089 ecclesias
1126 1050 1339 1089 faciebant.
1409 1049 1626 1089 Habebant
1653 1049 1699 1088 hi

245 1101 399 1158 psaltae
451 1105 770 1155 canonarcham,
822 1119 892 1144 seu
960 1106 1201 1145 directorem
1261 1105 1374 1144 chori
1414 1106 1584 1155 musici,
1626 1105 1699 1158 qui

246 1174 346 1213 quas
376 1175 494 1200 voces
522 1160 786 1225 modulosque
820 1160 878 1199 illi
903 1162 1016 1226 sequi
1049 1162 1240 1200 deberent
1259 1160 1499 1214 ,praeibat.
1542 1160 1707 1214 Symeu·

246 1212 696 1279 Thessalonic.:v01}g
731 1214 876 1262 θείους
902 1212 1062 1266 ὕμνους
1096 1214 1290 1268 προλέγει
1333 1219 1421 1262 τοῖς
1460 1213 1699 1267 ψάλλουσιν

245 1263 336 1323 ἤτοι
359 1274 627 1323 zavova922812'.
680 1272 844 1311 Stetisse
872 1270 962 1310 illos
997 1272 1038 1310 in
1068 1271 1256 1321 ambone,
1285 1278 1396 1325 patet
1427 1285 1449 1310 e
1475 1272 1598 1310 variis
1617 1271 1698 1310 No-

247 1327 326 1365 stri
353 1326 451 1366 locis
481 1334 521 1366 et
554 1341 576 1366 e
609 1340 764 1366 canone
804 1326 866 1366 15.
907 1327 1065 1366 concilii
1101 1327 1344 1366 Laodiceni:
1377 1322 1437 1390 μή
1485 1325 1556 1365 δεῖ
1573 1326 1707 1365 πλέον·

246 1381 332 1421 τῶν
367 1395 594 1421 κανονικων
622 1382 819 1433 ψαλτῶν,
849 1381 933 1421 τῶν
968 1381 1040 1422 ἐπὶ
1067 1377 1139 1422 τόν
1177 1375 1354 1445 αμβωνα
1385 1376 1697 1444 ἀναβαινόντων

58 1430 132 1473 Μ
138 1435 186 1477 L
192 1435 320 1475 38·και
365 1434 448 1475 ἀπὸ
496 1437 708 1490 διφθέρας
755 1433 1016 1489 ψαλλόντων,
1057 1432 1224 1487 ἑτέρους
1262 1434 1381 1482 τινὰς
1424 1431 1603 1486 ψάλλειν
1654 1434 1700 1476 ἐν

245 1491 463 1547 ἐκκλησίᾳ.
532 1493 647 1544 Quid
689 1493 765 1532 hoc
803 1493 846 1532 in
887 1491 976 1532 loco
1017 1493 1211 1547 significet
1248 1487 1330 1532 οἷπὸ
1355 1490 1566 1545 διφθέρας
1594 1486 1700 1542 ,ψάλ-

246 1549 351 1598 λειν,
382 1548 508 1587 fateor
540 1563 613 1588 me
632 1550 833 1613 ignorare,
868 1549 945 1587 nisi
981 1547 1168 1602 διφθέρα
1196 1548 1247 1588 sit
1284 1547 1407 1586 codex
1441 1547 1698 1586 membrana-

245 1615 347 1642 ccus
371 1603 675 1655 ecclesiasticus,
705 1606 747 1643 in
781 1618 862 1658 quo
889 1605 1132 1658 perscriptae
1163 1611 1294 1644 essent
1321 1602 1568 1657 hymnorum
1602 1616 1698 1641 can·-

244 1659 391 1697 tandm
392 1674 462 1697 um
495 1659 557 1698 foi
558 1659 691 1699 mulae
715 1673 808 1699 cum
835 1662 941 1698 notis
970 1662 1146 1700 musicis.
1206 1659 1341 1712 Neque
1360 1671 1527 1712 prorsus
1556 1656 1707 1696 intelliss

245 1729 296 1767 go
328 1713 443 1753 illum
475 1715 636 1755 Niconis
674 1715 868 1755 monachi
893 1715 1027 1754 locum
1062 1716 1183 1769 (apud
1208 1716 1279 1754 Du
1298 1714 1495 1766 Cangev.
1525 1710 1699 1764 βηματί-

245 1771 343 1820 ma),
373 1785 454 1835 quo
490 1771 717 1838 psaltarum
743 1770 970 1810 declaratur
1006 1731 1210 1811 officipum.
1242 1765 1313 1809 διὰ
1343 1768 1468 1808 τοῦτο
1492 1765 1517 1820 ἢ
1550 1767 1698 1820 ἐκκλη-

246 1822 436 1889 σιαστικὴ
465 1820 577 1874 τάξις
602 1826 913 1880 προχειριζεται
945 1821 1134 1891 ψάλτας,
1176 1820 1445 1888 αναγνιόστας
1488 1821 1560 1862 καί
1592 1821 1702 1861 ὕπο·-

246 1878 467 1942 διακόνους
504 1879 578 1921 καί
616 1881 937 1948 πρεσβυτέρους.
1008 1877 1174 1928 Ψάλτας
1203 1880 1311 1931 μὲν,
1334 1874 1406 1917 διὰ
1424 1874 1476 1917 τὸ
1518 1874 1704 1928 ψάλλειν

243 1934 318 1973 καί
345 1928 462 1989 ᾅδειν
488 1934 592 1988 μετά
625 1937 778 1988 μέλους
803 1933 878 1975 καί
900 1930 1006 2004 ἤχου
1043 1950 1113 1975 και
1138 1930 1352 2002 ᾄσματος,
1383 1947 1454 1972 και
1481 1933 1702 1987 προκαθη-

243 1977 414 2040 queam
430 2006 504 2032 του
531 1993 638 2032 λαοῦ
659 1992 719 2040 εἰς
745 1991 792 2032 τὸ
807 2005 956 2056 ,,αγιος
975 1989 997 2031 ὅ
1023 1978 1153 2043 Θεὸς,’
1157 1992 1165 2006 ’
1190 2005 1263 2030 και
1291 1988 1351 2035 εἰς
1364 1984 1415 2028 τά
1430 1988 1698 2056 προκείμενα,

246 2058 317 2084 και
348 2046 650 2113 προψάλματα,
676 2063 744 2087 και
773 2043 824 2087 τὰ
852 2047 1109 2099 βηματίκια,
1143 2060 1214 2086 και
1237 2059 1297 2091 εις
1321 2039 1400 2096 τήν
1439 2042 1704 2095 πρυέλευσιν.

246 2100 456 2142 Canticum
485 2099 601 2156 ἅγιος
629 2100 651 2142 ὁ
678 2099 783 2149 Θεὸς
806 2101 871 2141 vel
899 2100 1115 2155 τρισάγιον
1142 2108 1307 2141 cantant
1334 2101 1378 2139 in
1410 2099 1600 2139 ecclesiae
1628 2099 1701 2136 in*

246 2168 400 2208 grzessu
455 2159 509 2198 V.
534 2161 717 2213 supelius
750 2160 859 2197 citat.
889 2156 968 2197 loc.
1002 2159 1062 2196 La
1088 2158 1236 2197 Croixii
1258 2171 1302 2210 p.
1339 2155 1408 2194 31.
1444 2150 1510 2194 Tot
1525 2151 1698 2207 προκεί-

246 2223 353 2258 μενα
376 2221 470 2252 sunt
491 2220 621 2254 textus
655 2229 677 2253 e
703 2213 875 2252 Psalmis
904 2220 974 2252 aut
992 2214 1139 2252 veteris
1167 2211 1395 2252 testamenti
1419 2208 1499 2249 alio
1521 2208 1698 2263 quodam

246 2263 359 2304 libr-o
371 2296 381 2315 ,
424 2268 504 2308 diei
535 2269 737 2322 praesenti
770 2267 1258 2336 apti.119ozpd).ptata
1273 2273 1367 2306 sunt
1392 2279 1558 2319 preces,
1592 2277 1699 2317 quae

247 2327 340 2359 ante
372 2322 583 2363 lectionem
606 2324 791 2364 Psalterii
817 2324 1020 2363 dicuntur.
1081 2319 1322 2376 Βηματίκια
1351 2329 1462 2371 sunt,
1491 2321 1534 2359 ni
1555 2318 1692 2367 fallor,

246 2372 388 2427 hymni
412 2386 481 2417 aut
501 2394 639 2432 preces
666 2381 741 2419 sub
762 2382 986 2445 ingressum
1003 2379 1206 2428 tribunae,
1222 2392 1291 2418 seu
1323 2377 1535 2416 introitum
1558 2375 1704 2414 mino--

246 2442 348 2479 rem,
381 2432 509 2473 dictae
538 2442 608 2474 aut
638 2443 834 2475 cantatae.
888 2430 950 2475 ‘H
975 2434 1219 2498 πρρέλευσις
1243 2433 1406 2473 videtur
1433 2431 1504 2471 illa
1532 2430 1599 2470 hic
1625 2428 1699 2468 de-

247 2486 421 2536 signari,
457 2501 559 2541 quae
597 2490 694 2530 alias
741 2493 933 2530 1nt101tus
962 2491 1089 2529 maior
1129 2489 1290 2528 dicitur.
1367 2487 1551 2541 Apparet
1584 2485 1697 2534 hinc,

247 2540 469 2591 psaltarum
509 2545 643 2596 fuisse,
679 2561 762 2585 non
790 2554 950 2586 tantum
979 2546 1150 2600 hymnos
1192 2543 1438 2592 cantandos,
1477 2540 1546 2581 sed
1578 2540 1703 2580 etiam

245 2603 383 2646 preces
412 2599 634 2639 iccitandas
660 2601 894 2642 harmonica
923 2615 1023 2641 voce
1048 2615 1118 2640 seu
1148 2600 1348 2639 melodice
1372 2599 1548 2651 incipere
1576 2602 1698 2648 etpo-

239 2648 344 2702 pulo
377 2655 547 2704 praeire.

362 2720 424 2745 rr.
448 2708 502 2771 D
530 2723 562 2746 1.
589 2709 795 2773 [ιδ-,18]
851 2708 888 2750 οἱ
917 2707 1233 2765 προσμοιάριοι.
1295 2710 1496 2749 Dicuntur
1536 2718 1703 2759 quoque

247 2758 571 2816 καραιιονάριοι,
603 2767 697 2817 quia
714 2764 995 2819 προσμένουσι
1012 2767 1070 2820 τῶ
1097 2768 1192 2820 ναῶ,
1226 2766 1396 2806 custodes
1415 2763 1561 2816 templi,
1584 2774 1703 2800 num·
