1884 3132
205 130 282 176 An
318 127 619 175 consum.
661 126 860 171 Pomm.
897 127 971 167 ni:
1007 123 1193 167 cmm.
1235 124 1334 166 Lm.
1373 125 1407 165 1.
1459 105 1571 165 253

134 235 373 290 Alexiad.p.
392 234 481 287 140.
501 233 638 274 A.ult.
663 229 741 285 τῆν
762 227 1005 285 φάλαγγαν,
1027 243 1051 268 a
1080 229 1330 293 nominativo
1358 222 1387 281 ἧ
1408 223 1574 282 φάλαγ-

131 306 215 344 γα,
251 298 292 331 et
328 306 372 344 p.
399 292 496 341 450.
526 290 573 328 Β.
603 288 681 328 ult.
721 285 797 339 τήν
823 285 951 338 νῆαν,
994 299 1019 323 a
1045 286 1198 323 nomin.
1246 299 1272 337 η
1307 283 1405 335 νῆα,
1438 286 1570 323 navis.

132 343 308 397 Στάμαν
344 360 419 400 pro
458 341 597 396 στόμα
637 342 760 382 habet
795 342 863 380 Du
893 340 1029 392 Cange
1061 339 1128 378 Gl.
1160 340 1233 378 Gr.
1265 338 1308 378 h.
1341 353 1403 390 v.‚
1433 335 1574 392 ἱερέαν

131 415 208 455 pro
246 397 364 454 ἱερέα
404 401 676 440 Nomocanon.
717 395 959 436 Cotelerian.
990 394 1100 447 apud
1138 395 1206 433 Du
1234 394 1370 448 Gange
1398 394 1467 434 Gl.
1496 395 1571 434 Gr.

132 471 177 510 p.
207 457 303 496 203.
362 455 474 495 ldem
491 456 750 494 Nomocanon
778 466 821 490 n.
839 464 934 489 212.
958 449 1082 488 habet
1101 441 1260 502 ἅνδραν
1286 457 1326 489 et
1353 449 1451 489 ἓναν
1469 479 1482 500 ,
1508 451 1574 489 υἰ-

132 526 222 551 rum
258 518 300 550 et
329 525 471 560 unum,
512 525 537 549 a
562 523 672 548 nom.
713 508 816 560 sing.
847 499 1007 556 ἄνδρας
1033 512 1074 543 et
1100 503 1212 550 ἕνας.
1269 505 1336 544 Du
1368 505 1503 558 Gange
1528 519 1573 544 v.

134 565 319 618 εὐλογεῖν
358 566 429 604 dat
470 564 646 617 γυνέκαν
689 577 762 616 pro
788 563 966 613 γυναῖκα
984 590 995 608 ,
1037 574 1063 599 a
1103 573 1215 598 nom.
1244 560 1408 611 γυνέκα.
1465 559 1578 600 Idem

128 618 292 670 ἰκμάδα
318 628 359 660 et
384 619 600 672 θυγατέρα
620 620 664 657 in
690 632 802 657 nom.
831 629 907 669 pro
935 611 1062 665 ἰκμὰς
1093 622 1133 654 et
1158 612 1347 668 θυγάτηρ
1369 614 1503 663 habet,
1534 623 1576 656 et

131 674 384 725 καλαμαῖνας
407 689 482 729 pro
508 670 725 724 καλαμών,
763 670 1050 711 armuiinemm.
1111 669 1224 709 Idem
1250 684 1293 724 p.
1327 669 1421 709 581.
1451 670 1577 711 habet

129 726 200 770 τὸν
218 729 407 770 munands*
433 742 543 780 μου,
577 728 716 779 μῆναν
742 726 917 767 Achmet
944 726 1168 765 Ouiroerit.
1207 740 1244 765 c.
1275 724 1392 776 251.;
1420 739 1576 765 σκυτα-

130 783 230 824 λίδα
258 798 332 838 pro
359 785 555 831 σκυταλίς
580 783 803 838 Hesychius
830 783 874 820 in
903 795 1004 820 voce
1025 776 1252 832 Ῥόχανον,
1279 780 1350 820 ubi
1379 778 1578 820 σκυταλί-

134 838 190 879 δα
228 841 499 880 nominativus
535 845 596 878 est
614 869 626 887 ‚
664 846 705 878 et
746 844 953 892 praeterea
996 829 1297 888 ἆποῤῥιγλοῦσι
1342 835 1572 889 legendum.

132 893 375 948 Σμηκτριῖῖα
410 895 463 948 γῆ
487 908 561 948 pro
597 893 798 947 σμηκτρίς
828 892 951 932 habet
978 891 1047 930 Du
1074 891 1208 944 Gange
1235 905 1279 930 v.
1308 891 1540 944 σμηκτρίδα
1560 921 1574 943 ,

131 956 174 988 et
199 948 319 989 τινάν
344 964 419 1003 pro
445 946 556 997 τινὰ,
579 950 771 1004 aliqzoem,
802 948 842 989 h.
868 962 932 998 v.‚
959 942 1093 999 γάλαν
1118 960 1194 1000 pro
1221 941 1355 998 γάλα,
1391 961 1434 986 v.
1462 960 1577 1000 σφα-

132 1001 254 1055 κτόν,
287 1002 434 1056 λιβαν,
451 1015 640 1054 alasa-um,
668 1019 743 1057 pro
770 1003 896 1055 λίβα,
924 1016 967 1041 v.
998 1000 1157 1055 φιάλη,
1187 1002 1256 1041 ubi
1284 1016 1331 1041 ex
1357 1002 1577 1042 Alexandri

133 1059 326 1099 Monachi
350 1062 535 1100 encomio
563 1060 606 1098 S.
621 1059 830 1098 Barnabae
855 1059 954 1098 haec
980 1058 1100 1096 citat:
1130 1053 1236 1096 κατὰ
1262 1054 1310 1096 τὸ
1341 1060 1474 1104 κλῖτος
1500 1058 1579 1097 τοῦ

133 1114 241 1153 ναοῦ
266 1110 372 1167 πρὸς
398 1113 540 1166 λάθαν,
567 1116 612 1154 in
633 1116 760 1170 plaga
782 1114 920 1169 templi
944 1112 1126 1152 australi.
1182 1111 1346 1165 Χεῖραν
1373 1113 1480 1152 idem
1506 1113 1576 1152 Du

133 1169 270 1223 Gange
296 1169 419 1210 habet
444 1171 487 1210 h.
507 1185 548 1210 v.
570 1170 710 1224 Spohn
741 1170 783 1209 in
799 1169 1051 1208 Dictionario
1079 1181 1209 1207 novae
1228 1168 1433 1216 Graeciae,
1462 1169 1575 1222 quod

132 1237 208 1263 suo
236 1226 441 1265 itinerario
466 1226 697 1276 subiunxit,
736 1224 933 1264 nonnulla
961 1222 1057 1262 talia
1087 1221 1237 1274 habet,
1277 1231 1324 1263 ut
1360 1223 1577 1270 λείποντας

132 1279 317 1332 perhibet
353 1295 482 1321 novos
516 1283 690 1320 Graecos
728 1280 861 1319 dicere
879 1281 923 1318 in
954 1279 1109 1318 nomin.
1148 1278 1296 1332 singul.
1314 1293 1390 1333 pro
1406 1278 1576 1329 λείπων,

130 1334 315 1388 dyst-iens
350 1344 421 1375 aut
456 1337 726 1390 derelinqtoens
740 1365 753 1384 ,
805 1335 914 1374 unde
947 1334 1197 1373 accusativus
1222 1334 1327 1387 sing.
1358 1330 1576 1373 λείπονταν

135 1387 360 1438 formatur,
390 1387 547 1443 ἔρωτας
571 1405 645 1444 pro
673 1388 802 1442 ἔρως,
837 1383 1044 1441 ἄρχοντας
1058 1402 1136 1453 'pro
1166 1382 1335 1439 ἄρχων,
1361 1388 1578 1439 χειμῶνας

133 1457 210 1496 pro
233 1444 409 1495 χειμών.
463 1446 596 1484 Erunt
623 1446 726 1484 forte
745 1474 756 1494 ‚
786 1446 856 1497 qui
882 1456 1150 1494 μουνορυχαν
1178 1437 1311 1495 ὄρυγα
1331 1443 1464 1483 Carm.
1478 1442 1575 1496 527.

134 1498 407 1553 Anthologiae
430 1500 605 1539 ineditae
643 1506 683 1538 et
709 1514 747 1538 e.
779 1500 873 1552 529.
905 1496 1124 1548 αἱγιπόδαν
1151 1494 1335 1551 χίμαρον
1363 1497 1445 1536 huc
1470 1497 1577 1537 refe-

133 1560 240 1593 rant.
298 1556 417 1594 Mitto
441 1554 519 1594 alia
533 1584 546 1606 ,
572 1569 699 1608 quum
725 1554 823 1594 haec
850 1551 1030 1593 sufficere
1057 1559 1220 1605 queant.

223 1619 313 1671 114.
338 1621 386 1660 C.
414 1620 608 1675 11.[194,
640 1618 722 1674 15.]
751 1617 1030 1673 προσκυνοῦσι
1055 1614 1107 1656 τὰ
1137 1617 1333 1670 σκῆπτρα.
1390 1617 1579 1659 Aderant

134 1682 292 1728 sceptra
321 1690 391 1715 seu
422 1676 532 1731 longi
567 1677 677 1715 conti
719 1690 812 1714 cum
841 1675 1023 1728 appensis
1054 1672 1208 1712 vexillis
1235 1672 1301 1712 vel
1326 1674 1471 1712 bandis
1491 1705 1505 1725 ‚
1535 1682 1576 1714 et

133 1725 185 1769 τὰ
207 1724 356 1782 σκεύη,
386 1732 503 1785 (quae
528 1739 628 1784 puto
645 1738 784 1770 contos
803 1744 887 1770 esse
905 1743 997 1769 cum
1015 1729 1210 1782 impositis
1236 1729 1280 1767 in
1309 1743 1466 1768 summo
1482 1744 1576 1768 ver-

134 1786 214 1824 tice
257 1785 394 1838 figuris
430 1786 669 1840 panopliae3
714 1782 890 1838 τρόπαια
903 1816 916 1835 ‚
957 1785 1147 1839 trophaea
1175 1783 1376 1836 appellare
1404 1784 1533 1824 solent
1546 1789 1576 1836 ‚)

135 1853 184 1878 ea
212 1840 346 1894 itaque
373 1848 413 1880 et
437 1843 576 1881 hastae
602 1855 763 1895 quoque
790 1841 960 1879 adorant
988 1853 1142 1878 novum
1181 1839 1416 1889 dominum,
1459 1842 1578 1892 eique

135 1893 250 1933 velut
274 1905 568 1936 sacramentum
595 1898 749 1944 dicunt,
780 1895 942 1949 quando
970 1909 1107 1934 versus
1134 1908 1227 1933 eum
1254 1901 1295 1932 et
1320 1894 1361 1932 in
1388 1896 1472 1933 eius
1500 1895 1576 1934 ho-

134 1963 276 1988 norem
302 1957 342 1989 et
368 1951 420 1990 ad
449 1953 533 1991 eius
549 1954 760 1992 recitatum
776 1965 924 1990 nomen
950 1949 1196 1988 inclinantur
1220 1963 1360 1988 versus
1387 1949 1574 2001 humum,

134 2011 177 2042 et
203 2003 388 2059 deinceps
415 2008 647 2061 eriguntur3
685 2007 795 2060 quod
829 2007 949 2045 etiam
986 2005 1134 2044 nostris
1171 2003 1364 2043 militibus
1391 2006 1434 2043 in
1461 2019 1576 2044 more

134 2059 311 2112 positum
346 2068 420 2100 aet.
477 2063 573 2114 Quo
600 2063 650 2102 de
685 2076 799 2101 more
833 2060 978 2101 vexilla
1007 2067 1048 2099 et
1074 2059 1208 2098 hastas
1236 2058 1473 2110 inclinandi,
1502 2067 1576 2100 aut

136 2115 258 2154 etiam
283 2115 487 2156 sternendi
514 2118 556 2157 in
582 2118 669 2158 solo
689 2148 700 2167 ‚
731 2117 823 2157 dico
850 2116 903 2156 ad
929 2115 1100 2155 Librum
1126 2115 1264 2154 Nostri
1290 2115 1526 2154 secundum.

1143 2182 1174 2214 θ’

222 2239 239 2265 1
252 2224 314 2265 15.
328 2225 381 2265 A.
402 2227 564 2282 2.[195‚
583 2226 646 2283 7.]
670 2228 898 2283 περιέθετο.
926 2229 986 2267 Μ.
1004 2227 1167 2281 περιετέ
1184 2226 1225 2265 id
1238 2233 1298 2265 est
1311 2225 1546 2280 περιετέθη.

207 2330 216 2345 ι
247 2279 301 2320 A.
317 2283 358 2322 3.
380 2282 492 2338 [¹95⁹
514 2282 575 2337 8.]
615 2278 717 2332 δόξα
753 2285 814 2340 τῷ
843 2282 951 2339 Θεῷ.
1005 2284 1066 2322 Μ.
1108 2279 1209 2330 δόξα
1259 2280 1351 2338 Θεῷ
1405 2282 1464 2337 τῷ
1505 2282 1573 2323 δε-

135 2347 241 2375 onor
271 2364 282 2374 .

240 2351 296 2430 Ἄ.
311 2390 352 2443 4.
371 2390 484 2446 [195,
497 2390 559 2446 9.]
596 2391 667 2448 τῷ.
720 2394 780 2432 Μ.
809 2406 891 2433 non
918 2398 1160 2447 agnoscunt,
1201 2405 1332 2446 neque
1367 2405 1430 2433 va.
1459 2390 1502 2432 6.
1531 2399 1574 2433 et

135 2458 177 2498 7.
211 2453 306 2486 ante
332 2445 439 2502 Θεῷ.

1032 2515 1062 2546 θ’

244 2556 300 2597 A.
313 2557 388 2597 ult.
405 2557 519 2612 [¹95²
539 2558 625 2613 15.]
653 2558 826 2611 πλῆθος.
878 2561 939 2598 Μ.
969 2561 1067 2612 πλη,
1095 2559 1136 2599 id
1162 2566 1222 2599 est
1247 2556 1400 2613 πλήθη.

246 2611 294 2651 Β.
317 2625 352 2651 1.
375 2613 488 2668 [195,
512 2613 595 2667 16.]
636 2609 1050 2667 πορφυρογεννήτοις.
1108 2615 1215 2654 Nota
1247 2628 1327 2654 vox
1348 2644 1361 2665 ‚
1401 2614 1572 2668 illosque

140 2665 335 2719 signifieat
352 2696 365 2717 ‚
393 2669 463 2720 qui
479 2683 504 2708 a
521 2677 636 2722 patre
651 2670 732 2707 iam
750 2670 962 2722 imperimn
980 2676 1141 2708 tenente
1166 2671 1363 2723 procreati
1390 2669 1568 2709 filerunt.

137 2721 484 2763 verisimillimum
511 2731 571 2764 est
598 2738 622 2764 a
644 2738 823 2779 purpura
841 2753 855 2778 ‚
882 2731 992 2765 veste
1021 2724 1216 2779 imperiali
1230 2754 1243 2778 ,
1272 2739 1360 2766 mm
1386 2733 1572 2780 repeten-
