1884 3132
327 136 438 193 208
634 154 709 208 ιο,
748 154 854 197 me.
897 156 1095 197 Rmsxn
1132 155 1518 206 conmmanit.

321 255 479 312 μευτὰς
523 254 872 311 χρυσοκολλὴτων
917 259 1051 300 λίθων
1099 257 1424 313 ἀπεργάσασθαι
1470 261 1705 318 βουλομένη
1743 261 1774 318 ἧ

321 311 466 367 γραφὴ
513 312 588 352 καί
632 311 899 353 παιδεύουσα
943 311 1078 354 ταῦτά
1127 329 1246 370 φησι.
1313 317 1416 357 Sunt
1461 316 1605 372 procul
1647 319 1772 361 dubio

322 370 565 409 coloratores
580 398 591 419 ,
619 369 811 408 tinctores
840 385 1118 423 gemmarum3
1155 371 1264 411 unde
1289 380 1470 422 constat,
1513 373 1583 414 illa
1610 388 1774 429 quoque

322 433 505 478 tempora
543 425 702 464 novisse
739 432 844 464 artes
873 441 1050 480 gemmas
1067 435 1070 439 '
1089 426 1358 467 adulterandi.
1420 427 1575 479 Χυμὸς
1610 428 1773 471 Graecis

321 480 520 534 liquorem
558 480 781 519 coloratum
820 481 861 519 in
909 483 1040 535 specie
1075 489 1218 533 notat3
1263 491 1302 523 et
1329 484 1425 537 quia
1461 480 1656 538 Chymiae
1693 484 1772 525 hoe

321 551 423 590 opus
465 543 524 576 est
552 535 809 575 metallorum
850 537 1101 591 aliarumque
1141 553 1278 578 rerum
1315 538 1468 579 colores
1495 539 1772 593 producendi,

322 600 361 631 et
389 592 598 644 mutandi,
642 591 736 632 hinc
766 606 913 631 nomen
943 594 1019 632 arti
1048 595 1221 644 mansit,
1251 595 1360 648 quod
1388 595 1544 635 Arabes
1572 610 1644 634 suo
1673 597 1773 636 arti-

321 647 414 687 culo
441 649 487 686 al
511 654 736 699 auxerunt,
778 648 886 686 unde
915 648 1131 702 Alchymia
1159 657 1253 689 nata
1282 656 1354 689 est.
1415 650 1512 690 Vid.
1543 651 1611 689 Du
1640 651 1774 706 Gange

321 716 364 742 v.
395 703 446 742 In
476 705 701 742 nimatisare
719 731 732 753 ,
776 704 886 757 quod
914 704 1017 742 nihil
1046 704 1155 744 aliud
1186 713 1244 744 est
1263 735 1275 756 ,
1316 719 1438 758 quam
1466 705 1772 757 ἑγχυματιζειν.

431 719 520 798 Pion
549 758 879 798 confundendum
907 759 984 798 hoc
1012 773 1115 813 opus
1143 775 1237 800 cum
1263 774 1382 814 opere
1406 761 1457 800 de
1484 761 1632 814 nigello
1648 791 1660 812 ,
1690 776 1774 802 cae·

319 813 476 854 laturae
503 815 659 868 specie,
699 829 822 868 quam
850 815 970 854 credo
1000 816 1164 855 Graecis
1190 818 1416 870 ignoratam
1443 829 1607 870 prorsus
1634 816 1770 856 fuisse.

319 870 418 909 Vid.
452 871 652 924 Ciampin.
687 872 941 910 Monument.
973 870 1068 910 vet.
1100 872 1152 911 T.
1185 872 1216 910 Ι.
1241 887 1284 926 p.
1309 871 1376 911 35.
1409 879 1448 911 et
1475 872 1543 910 Du
1572 871 1709 926 Gange
1725 886 1772 912 v.

320 925 524 979 Nigellum
553 933 592 965 et
622 924 796 976 Μέλαν,
826 926 897 965 ubi
925 933 1060 965 tamen
1089 923 1136 965 τὸ
1167 927 1324 978 μέλαν,
1366 926 1474 981 quod
1503 927 1773 982 Theophanes

321 987 362 1020 et
393 981 599 1021 Cedrenus
627 989 880 1033 memorant,
928 996 1020 1021 cum
1048 982 1126 1021 hoc
1153 982 1302 1036 nigello
1327 989 1492 1036 prorsus
1519 982 1622 1022 nihil
1649 982 1775 1023 habet

321 1050 560 1087 commune,
600 1038 671 1077 sed
709 1044 768 1076 est
811 1037 983 1090 glastum
1000 1067 1011 1087 ,
1053 1038 1164 1090 quod
1203 1037 1440 1078 vulneribus
1478 1052 1554 1077 acu
1583 1039 1624 1077 in
1651 1051 1772 1078 carne

320 1091 436 1131 factis
463 1093 702 1142 infricatur,
733 1099 773 1131 et
804 1094 860 1132 sic
889 1094 1031 1147 stigma
1061 1094 1171 1132 facit.
1231 1094 1347 1147 Opus
1369 1094 1418 1133 de
1446 1093 1592 1148 nigello
1610 1093 1775 1133 videtur

319 1161 406 1186 esse
434 1148 573 1187 tabula
601 1148 670 1188 illa
700 1148 847 1196 Isiaca‚
890 1149 1012 1201 vulgo
1040 1149 1232 1187 Bembina
1276 1149 1403 1199 dicta,
1446 1149 1614 1188 Taurini
1643 1163 1774 1188 asser-

320 1210 442 1253 vata,
481 1219 526 1243 ex
555 1203 633 1243 illis
650 1234 662 1255 ,
703 1218 806 1256 quae
833 1204 883 1242 de
912 1219 959 1242 ea
987 1204 1204 1258 Keyslerus
1231 1205 1282 1242 T.
1315 1204 1348 1243 Ι.
1381 1205 1519 1243 Itiner.
1549 1219 1642 1258 pag.
1678 1203 1771 1258 194.

320 1258 473 1297 retulit.
534 1259 672 1298 Liceat
708 1259 807 1297 mihi
849 1259 980 1298 adhuc
1018 1274 1146 1298 unum
1173 1259 1310 1298 locum
1338 1258 1418 1298 huc
1446 1260 1622 1313 quodam
1650 1259 1773 1298 modo

319 1315 588 1367 pertinentem
627 1314 844 1354 illustrare.
905 1315 1108 1353 (litat-Du
1138 1315 1273 1367 Gange
1302 1315 1340 1353 in
1366 1329 1409 1354 v.
1450 1315 1594 1354 Mazet·
1618 1314 1716 1354 haec
1749 1329 1774 1354 e

320 1369 553 1410 Doubleto:
602 1371 661 1410 Le
691 1371 824 1425 hanap
862 1370 916 1409 du
944 1371 1033 1421 Roy
1062 1370 1107 1408 S.
1138 1370 1279 1418 Louis,
1327 1370 1428 1410 dans
1456 1371 1584 1426 lequel
1618 1370 1652 1408 il
1679 1370 1774 1409 beu-

320 1427 427 1474 voit,
459 1427 553 1478 fait
589 1426 639 1465 de
667 1426 806 1465 madre
842 1439 940 1464 avec
975 1440 1046 1464 son
1083 1426 1284 1465 conver-cle
1328 1426 1378 1464 de
1420 1426 1542 1464 me⁴me
1580 1425 1743 1464 mutiet-e
1756 1453 1772 1476 ,

318 1494 452 1533 gat-ny
489 1481 586 1520 d'un
607 1482 708 1536 pied
734 1481 917 1534 d’argent
946 1480 1068 1530 ἀοι-ε’,
1118 1490 1158 1520 et
1191 1481 1342 1520 dedans
1384 1481 1512 1532 iceluy
1545 1482 1679 1535 hanap
1719 1493 1774 1520 aa

322 1537 458 1575 milieu
485 1537 540 1576 du
550 1538 668 1590 jbnd
692 1552 743 1576 un
772 1537 894 1575 e‘mail
919 1534 971 1575 de
997 1537 1116 1588 demy
1143 1537 1248 1576 rond
1266 1536 1388 1575 taille‘
1407 1536 1458 1575 de
1469 1536 1604 1592 fleur-s
1628 1536 1679 1574 de
1710 1536 1774 1587 lys

321 1602 414 1641 d'or
441 1606 468 1642 ὰ
496 1604 636 1658 clzamp
664 1603 818 1642 d'az-ur.
876 1602 1131 1642 Vocabulum
1159 1603 1297 1642 madre
1325 1610 1384 1642 est
1412 1601 1658 1653 Arabicum,
1677 1601 1776 1658 »Μ

320 1659 477 1710 glebam
503 1658 570 1698 vel
600 1659 729 1698 bolum
764 1659 1015 1712 significans,
1063 1666 1102 1698 et
1131 1659 1172 1697 in
1200 1659 1332 1712 specie
1359 1657 1469 1697 illam
1505 1659 1774 1712 praestantio-

322 1728 433 1764 rem,
467 1729 489 1753 e
518 1729 599 1768 qua
626 1713 879 1768 porcellanae
909 1715 1024 1754 fiunt.
1083 1713 1162 1753 Sed
1188 1728 1414 1767 pergamus.

134 1773 196 1808 Ed.
213 1774 251 1812 L.
266 1774 314 1809 66
411 1770 480 1809 60.
499 1770 546 1808 Β.
571 1785 605 1809 1.
626 1770 745 1824 [1oo,
766 1769 857 1824 23.]
891 1765 1098 1821 Σαβάνια,
1154 1770 1311 1808 Sabana
1329 1798 1341 1819 ,
1387 1768 1535 1816 lintea,
1566 1765 1703 1806 sudori
1733 1772 1775 1807 et

321 1825 508 1865 sordibus
547 1825 662 1864 faciei
691 1833 812 1879 atque
844 1840 1036 1864 manuum
1066 1825 1353 1879 abstergendis.
1411 1823 1509 1864 Vid.
1539 1822 1607 1861 Du
1637 1822 1774 1876 Cange

324 1881 455 1921 Gloss.
487 1889 676 1935 utroque.
725 1881 915 1920 Heinecc.
950 1882 1026 1919 ΙΙΙ.
1062 1879 1152 1919 158.
1210 1881 1262 1918 Ni
1289 1879 1429 1926 fallor,
1462 1879 1543 1916 iam
1569 1876 1664 1916 alibi
1684 1891 1774 1917 mo-

322 1949 422 1999 nui,
464 1962 606 1987 vocem
634 1948 739 1987 hanc
770 1946 968 1986 Arabicae
996 1947 1160 2000 originis
1189 1960 1272 1984 esse
1299 1945 1399 1984 mihi
1426 1944 1570 1984 videri.
1629 1934 1790 1999 Oly-⁸⁹

321 2009 371 2052 roi
404 2011 872 2067 οἷποτεθησαυρισμένα,
901 2008 954 2052 τὰ
985 2009 1197 2062 ἀπόθετα,
1226 2025 1250 2050 a
1276 2003 1373 2065 obe
1401 2011 1634 2062 custodivit,
1662 2024 1774 2064 prae-

325 2069 463 2108 sertim
488 2077 641 2109 vestem
668 2071 710 2108 in
736 2083 828 2108 arca
859 2083 882 2107 a
909 2068 1092 2121 pulvere,
1125 2067 1235 2105 fumo
1268 2074 1308 2106 et
1335 2066 1520 2106 sordibus
1549 2073 1770 2107 contactus.

324 2120 563 2173 Βαστάζειν
592 2132 632 2164 et
661 2128 809 2178 φορεῖν
836 2123 936 2163 solet
955 2123 1096 2163 Noster
1118 2137 1235 2176 saepe
1264 2123 1450 2176 iungere,
1483 2129 1523 2161 et
1549 2121 1651 2162 illud
1679 2122 1773 2175 qui·-

325 2179 417 2218 dem
448 2180 545 2218 dicit
573 2180 622 2219 de
650 2181 771 2219 armis
800 2186 839 2218 et
866 2179 985 2218 rebus
1002 2209 1012 2226 ‚
1058 2193 1162 2232 quae
1190 2192 1312 2217 manu
1349 2178 1495 2216 librata
1561 2184 1770 2224 estantur,

325 2241 372 2272 ut
402 2235 618 2282 dextralia,
663 2235 729 2275 vel
756 2249 914 2275 secures
949 2234 1142 2273 dextrales
1161 2263 1173 2284 ,
1214 2233 1352 2272 hastae
1389 2233 1455 2272 vel
1491 2192 1770 2281 heffiemrdae,

325 2289 485 2343 virgae,
516 2291 654 2344 quales
682 2299 776 2330 sunt
810 2291 1095 2340 ostiariorum3
1127 2292 1274 2343 φορεῖν
1295 2296 1429 2328 autem
1447 2289 1498 2328 de
1521 2288 1642 2328 rebus
1659 2300 1774 2327 usur·

326 2352 395 2396 pat
410 2375 420 2392 ‚
467 2360 569 2399 quae
596 2349 638 2385 in
666 2354 706 2386 et
733 2347 784 2385 ab
812 2347 897 2399 ipso
936 2359 1104 2398 corpore
1131 2351 1337 2398 gestantur
1366 2343 1632 2397 dependentes
1660 2356 1683 2381 e
1710 2341 1773 2381 lo-

327 2414 373 2437 ro
393 2428 404 2448 ,
444 2407 514 2439 aut
543 2401 730 2452 aliunde,
780 2409 826 2440 ut
862 2400 1019 2454 gladius
1048 2415 1070 2439 e
1097 2399 1258 2439 baltheo
1289 2399 1530 2453 dependens.
1589 2398 1666 2436 Vix
1693 2401 1773 2436 un-

327 2468 449 2506 quam
488 2456 571 2495 vidi
601 2459 794 2497 Nostrum
831 2456 940 2495 hunc
969 2470 1122 2494 morem
1163 2455 1357 2494 deserere.
1418 2452 1560 2493 Paullo
1592 2459 1684 2491 ante
1709 2459 1773 2491 ta-

326 2523 418 2548 men
448 2525 489 2563 p.
517 2511 583 2577 59.
619 2514 665 2551 C.
698 2528 757 2551 η.
790 2514 846 2551 ait
869 2509 1148 2563 βαστάζοντες
1175 2505 1417 2562 διστράλια,
1447 2507 1675 2562 φοροῦντες
1702 2501 1777 2546 καὶ

326 2560 376 2602 τοὶ
407 2578 633 2619 σκουταρια
664 2567 804 2607 αὐτῶν
821 2599 832 2617 ,
873 2567 943 2605 ubi
971 2562 1194 2618 βαστάζειν
1221 2567 1353 2618 potius
1382 2564 1566 2604 videatur
1593 2562 1671 2602 dici
1700 2563 1773 2602 de·-

327 2618 462 2658 buisse
499 2620 549 2659 de
577 2625 727 2673 scutis;
771 2624 846 2662 nisi
875 2623 976 2661 forte
1004 2637 1085 2661 non
1121 2635 1243 2659 manu
1275 2635 1321 2659 ea
1347 2618 1608 2666 libraverint,
1656 2625 1696 2658 et
1723 2616 1775 2658 li·-

327 2673 443 2713 brata
471 2679 712 2728 gestaverint
729 2707 741 2728 ,
771 2679 840 2717 sed
870 2692 891 2716 e
919 2678 1016 2717 loris
1045 2675 1308 2730 dependentia
1336 2689 1382 2714 ex
1410 2674 1602 2713 humeris.

438 2777 485 2816 B.
514 2778 575 2816 15.
599 2777 717 2831 [101,
735 2778 798 2831 8.]
830 2774 1062 2837 ἐξελθοιτα.
1120 2779 1178 2818 Μ.
1211 2777 1277 2816 hic
1299 2775 1398 2816 dant
1427 2739 1597 2825 ἒξελῧοὶ
1627 2773 1675 2816 δὲ
1701 2770 1775 2817 τὸν
