1884 3132
217 134 293 176 An
330 131 631 176 CONSTANT.
670 131 868 174 ponpa.
904 133 978 173 DE
1020 131 1201 172 cmm.
1247 131 1346 171 Lm.
1387 132 1422 172 1.
1468 111 1580 186 4¹7

137 237 346 278 Pescennii
368 238 479 291 Nigri
499 237 551 275 T.
582 237 616 275 1.
634 235 720 275 Ser.
739 235 841 275 Hist.
861 234 968 289 Aug.
990 249 1029 288 p.
1052 234 1149 289 672.
1173 234 1256 274 Pro
1267 231 1486 286 ἐκκλησίαν
1506 249 1577 274 oo—

138 292 315 347 gitabam
341 291 556 346 aliquando
582 291 899 344 legmdumesse
937 288 1114 329 κλισίαν.
1172 288 1250 328 Sed
1278 303 1357 327 non
1381 303 1480 342 opus
1497 297 1572 330 est.

139 346 331 402 Intelligit
361 348 560 386 ecclesiam
590 356 818 385 castrensem
837 375 847 392 ‚
885 343 1123 397 papilionem
1139 374 1149 391 ,
1182 358 1263 383 non
1294 357 1475 395 omnem,
1504 345 1575 385 sed

139 417 259 450 eum,
299 404 341 441 in
388 416 468 456 quo
495 408 554 439 est
591 401 779 439 ecclesia.
838 400 1050 438 Habebant
1077 413 1220 452 nempe
1262 413 1397 437 secum
1439 399 1574 453 capel-

138 456 198 496 las
214 486 227 506 ,
258 464 304 495 ut
331 457 451 496 hodie
480 455 750 509 appellamus,
789 454 853 494 vel
890 454 1072 493 ecclesias
1094 469 1262 507 parvas,
1292 453 1368 493 sub
1391 455 1572 495 tentoriis

138 513 182 550 in
203 513 368 562 castris,
401 519 446 550 ut
473 525 519 550 ex
549 510 790 563 Appendicis
826 524 868 562 p.
895 509 988 561 269.
1017 509 1071 547 D.
1104 523 1144 548 2.
1179 516 1287 562 patet
1308 538 1318 555 ‚
1348 509 1417 548 ubi
1454 510 1568 558 vide,

139 573 179 606 et
209 581 231 606 e
261 566 480 615 Durand0‚
527 566 640 604 cuius
676 565 810 603 locum
830 563 885 602 ibi
911 564 1133 602 adscribam
1150 593 1162 614 ‚
1191 565 1375 617 quamvis
1402 563 1573 605 ridicula

138 623 191 660 sit
219 620 456 675 etymologia
478 621 587 659 vocis
615 618 784 673 capella,
825 633 946 672 quam
970 618 1098 658 affert.
1155 619 1229 658 Est
1255 620 1360 657 enim
1386 633 1515 673 neque
1546 635 1572 660 a

136 690 266 732 cappa
282 705 295 726 ‚
324 689 455 729 neque
479 689 602 729 capra
634 674 699 714 vel
737 674 890 728 capella
904 703 916 723 ‚
946 674 1015 712 sed
1037 688 1111 727 pro
1137 674 1310 728 capella,
1346 673 1387 713 id
1418 681 1478 714 est
1495 669 1574 713 36-

138 732 197 785 λῳ
217 761 230 781 ,
259 730 422 783 apside,
464 737 663 768 structura
698 731 740 768 in
773 742 930 767 summo
952 743 1089 768 curva.
1149 729 1269 779 Quod
1296 736 1430 767 autem
1450 731 1570 782 primi

138 785 347 839 Byzantini
383 786 645 838 Imperatores
663 813 675 834 ‚
722 785 792 837 qui
835 783 966 822 adhuc
1006 786 1047 823 in
1087 783 1239 837 Campo
1287 783 1568 837 eligebantur,

136 853 313 892 primum
351 847 591 879 castrensem
637 838 866 887 ecclesiam,
902 838 978 877 sub
1006 840 1179 877 tentorio
1217 841 1500 887 constitutam,
1528 847 1570 880 et

138 893 232 934 dein
271 909 431 948 quoque
478 895 521 933 S.
554 895 740 933 loannem
769 894 983 946 Baptistam
1017 893 1216 933 Hebdomi
1241 896 1352 947 prius
1378 894 1535 934 adirent
1554 924 1568 947 ,

135 963 258 1003 quam
282 949 424 989 urbem
444 957 483 988 et
503 948 695 1003 palatium
723 949 940 998 intrarent,
972 956 1102 1002 posset
1136 963 1182 988 ex
1208 950 1334 988 veteri
1361 963 1473 988 more
1495 963 1567 1003 pa·

136 1018 334 1058 ganorum
376 1005 664 1058 Imperatorum
706 1004 930 1043 derivatum
964 1004 1112 1051 videri,
1162 1005 1232 1057 qui
1274 1018 1412 1044 recens
1449 1003 1566 1044 electi

134 1067 346 1113 antequam
370 1061 411 1099 in
438 1061 590 1098 curiam
629 1060 824 1098 intrarent
847 1088 859 1110 ,
888 1059 998 1111 prius
1029 1058 1229 1098 debebant
1253 1058 1393 1098 cellam
1415 1061 1564 1107 curiae,

134 1113 178 1152 id
218 1121 276 1154 est
307 1114 497 1154 sacellum
535 1114 598 1153 vel
640 1114 856 1167 capellam,
885 1113 1073 1153 salutare.
1136 1114 1232 1153 Vid.
1260 1114 1485 1154 Casaubon.
1513 1114 1565 1154 ad

135 1167 242 1208 Hist.
268 1170 375 1223 Aug.
411 1170 463 1208 T.
494 1170 526 1209 1.
552 1184 592 1223 p.
637 1170 729 1223 559.
760 1169 810 1207 ad
842 1168 908 1207 illa
943 1169 1195 1222 Capitolini:
1242 1184 1264 1207 ε
1292 1171 1429 1208 castris
1455 1179 1566 1209 nocte

132 1238 249 1278 quum
275 1226 440 1263 walls-set
464 1224 522 1263 ad
544 1234 715 1263 senatum
740 1233 778 1263 et
799 1225 938 1262 cellam
956 1226 1088 1263 curiae
1103 1226 1269 1263 iussisset
1285 1226 1449 1279 aperiri.
1484 1225 1565 1278 Ipsi

137 1293 296 1331 quoque
321 1279 466 1318 milites
484 1280 524 1318 in
551 1280 689 1318 castris
716 1286 823 1318 extra
849 1279 991 1317 urbem
1029 1278 1231 1318 habebant
1264 1279 1458 1332 templum
1495 1294 1564 1320 ca-

131 1340 299 1383 strense,
326 1334 367 1372 in
396 1348 476 1386 quo
506 1348 616 1372 sacra
642 1346 714 1372 sua
741 1333 1005 1388 peragebant,
1034 1330 1136 1372 νεέὸν
1167 1333 1244 1372 τοῦ
1262 1333 1562 1386 στρατοπέδου,

134 1389 248 1427 cuius
275 1389 455 1427 meminit
486 1389 738 1428 Herodianus
761 1390 802 1428 in
827 1388 1054 1438 Caracalla,
1082 1389 1154 1428 1V.
1176 1388 1214 1427 5.
1251 1389 1338 1426 init.

242 1442 299 1480 A.
319 1442 360 1482 6.
393 1441 502 1496 [415,
524 1442 582 1496 2.]
612 1441 849 1482 ἐπισκόπου.
910 1443 1058 1495 Nempe
1098 1442 1561 1495 Constantinopolitano,

132 1497 203 1550 qui
234 1503 332 1535 tunc
369 1503 559 1550 temporis
576 1526 587 1546 ‚
630 1511 753 1550 quum
777 1498 919 1537 Petrus
946 1498 1134 1550 Magister
1157 1511 1202 1535 ea
1228 1497 1438 1543 scriberet,
1489 1498 1562 1537 ad-

132 1551 215 1590 huc
238 1552 446 1605 episcopus
461 1552 599 1590 audire
622 1565 702 1590 non
740 1551 1029 1605 dedignabatur
1045 1581 1057 1601 ,
1085 1553 1267 1605 quamvis
1295 1551 1562 1605 archiepisco·

133 1608 176 1660 pi
214 1613 254 1645 et
283 1606 531 1660 patriarchae
570 1620 715 1645 nomen
751 1609 831 1644 iam
859 1614 1023 1659 gereret.
1079 1607 1306 1657 Quamnam
1328 1613 1463 1644 autem
1489 1607 1562 1646 de—

132 1662 261 1714 signet
296 1661 499 1700 ecclesiam
531 1675 716 1714 magnam
742 1691 754 1711 ‚
793 1675 916 1713 quum
950 1663 1111 1714 proprie
1154 1662 1208 1699 sic
1239 1661 1318 1699 dici
1350 1660 1490 1711 solita,
1519 1662 1561 1703 S.

131 1715 306 1768 Sophiae
331 1715 479 1754 scilicet
495 1745 506 1766 ,
534 1723 632 1754 tunc
657 1718 846 1770 temporis
881 1724 972 1755 ante
998 1717 1259 1755 Iustinianum
1288 1715 1468 1754 nondum
1493 1730 1560 1755 ex-

131 1770 289 1820 isteret,
318 1772 426 1810 cei-to
452 1785 532 1809 non
562 1771 743 1809 dixerim.
800 1771 923 1809 Forte
951 1773 1128 1824 designat
1159 1769 1296 1810 aedem
1318 1771 1361 1808 S.
1383 1770 1426 1808 S.
1446 1770 1560 1822 Apo·-

132 1825 327 1864 stolorum
347 1840 371 1864 a
391 1826 651 1864 Constantino
672 1827 731 1864 M.
759 1826 981 1877 conditam,
1012 1829 1054 1865 in
1086 1839 1166 1879 qua
1195 1827 1314 1863 etiam
1335 1824 1559 1877 Imperato-

133 1892 198 1918 res
219 1887 312 1919 ante
339 1880 598 1919 Iustinianum
627 1879 944 1920 tumulabantur.
1348 1884 1356 1888 “

241 1935 295 1973 Α.
322 1949 380 1973 ιο.
410 1934 520 1989 [4ι5,
554 1934 612 1988 5.]
643 1930 667 1973 ὃ
700 1932 780 1987 γάρ
815 1935 998 1986 λέγεται,
1029 1930 1051 1972 ὃ
1088 1933 1286 1973 καλοῦσιν
1316 1929 1355 1971 οἱ
1369 1926 1560 1987 “Ἐλληνες

131 1983 358 2041 ψυχάριον.
433 1990 654 2028 Credebam
703 1989 918 2043 aliquando
939 2020 951 2039 ‚
1005 1996 1074 2027 aut
1114 2002 1241 2026 unum
1278 1995 1349 2026 aut
1388 1989 1560 2028 alterum

130 2043 355 2096 membrum
381 2044 584 2083 abundare
604 2075 614 2092 ‚
654 2052 693 2083 et
724 2059 817 2083 nam
844 2046 950 2099 quod
969 2045 1114 2083 dicz'tw·
1141 2041 1266 2081 nihilo
1290 2042 1381 2096 plus
1409 2043 1555 2092 dicere,

129 2111 253 2150 quam
304 2099 409 2153 quod
437 2101 540 2138 enim
571 2100 717 2138 Graeci
750 2101 966 2155 appellant.
1036 2099 1149 2137 Nunc
1185 2105 1317 2136 tamen
1355 2098 1559 2138 crederem

132 2154 264 2205 potius
290 2154 330 2190 in
371 2156 579 2206 postremis
610 2155 955 2207 reprehensionem
997 2161 1035 2193 et
1063 2155 1348 2192 correctionem
1376 2153 1559 2205 priorum

129 2221 233 2249 esse.
289 2208 407 2261 Quod
423 2210 524 2247 enim
551 2211 668 2262 ‘vulgo
690 2210 853 2257 dicitzff,
895 2211 972 2248 imo
1005 2223 1098 2247 vero
1133 2207 1240 2262 quod
1274 2206 1460 2245 Hellenes
1492 2221 1558 2247 seu

130 2262 364 2301 idololatrae
414 2262 502 2316 [pro
528 2277 599 2302 sua
620 2263 914 2317 superstitione]
987 2265 1207 2314 sychar-ium
1249 2262 1453 2315 appellant
1485 2276 1557 2301 seu

131 2318 366 2355 animulam.
422 2318 508 2356 Non
532 2318 674 2370 probat
696 2332 790 2372 ergo
810 2333 926 2358 usum
985 2320 1074 2356 uius
1094 2316 1279 2357 vocabuli
1298 2347 1310 2366 ‚
1338 2323 1482 2368 putans
1513 2315 1556 2356 id

133 2384 258 2424 nugas
286 2370 442 2425 gentilis
465 2371 738 2426 philosophiae
768 2387 917 2425 sapere.
971 2373 1238 2426 Pythagorica
1273 2371 1379 2409 enim
1402 2378 1442 2409 et
1471 2372 1556 2415 He-

133 2426 263 2464 racliti
287 2426 444 2466 scholae
471 2423 614 2477 ψυχὰς
640 2427 892 2479 appellabant
919 2426 1182 2475 animalcula,
1208 2425 1353 2479 quibus
1380 2427 1449 2464 aei·
1468 2439 1557 2466 sm-

134 2485 192 2518 tet
209 2509 221 2531 ‚
253 2487 292 2519 et
318 2482 557 2534 papilionem
580 2495 739 2534 quoque
760 2496 833 2534 pro
860 2482 1040 2536 symbolo
1065 2484 1221 2520 animae
1248 2480 1478 2533 pingebant.

241 2535 288 2574 B.
311 2535 500 2590 4.[415‚
529 2538 606 2588 ιι.]
636 2535 746 2590 ἵππῳ
773 2537 915 2590 λευκῷ.
971 2536 1091 2576 Conf.
1129 2536 1233 2574 infra
1258 2549 1300 2587 p.
1324 2533 1417 2574 288.
1443 2534 1490 2573 C.
1513 2533 1557 2586 4.

133 2586 259 2641 Equis
297 2591 474 2630 candidis
504 2590 595 2630 vehi
626 2598 712 2629 erat
748 2590 1095 2644 triumphantium.
1165 2589 1261 2628 Vid.
1291 2589 1369 2628 Dio
1398 2588 1555 2629 Cassius

135 2654 180 2693 p.
204 2642 297 2682 350.
320 2652 359 2683 et
374 2645 472 2698 669.
528 2647 609 2684 Leo
634 2646 888 2684 Grammatic.
911 2647 952 2683 in
973 2644 1197 2698 Theophilo
1219 2658 1266 2709 p.
1289 2643 1385 2694 453.
1407 2658 1419 2682 τ
1449 2643 1555 2683 ἐκεῖ·

135 2695 211 2734 θεν
232 2694 476 2750 ἀφικόμενος
506 2698 565 2746 εἷς
593 2697 667 2751 τήν
683 2698 803 2738 πόλιν
828 2696 878 2739 τὰ
908 2696 1078 2753 λάφυρα
1104 2699 1407 2752 ἐθριαμβευσεν
1430 2695 1553 2742 ἱππι-

180 2770 439 2808 Constantinus
460 2774 636 2821 Porphyr.
673 2775 748 2810 Vol.
772 2776 818 2809 ΙΙ.
1246 2784 1288 2819 27
