1884 3132
371 113 483 169 868
650 131 723 174 ιο.
765 131 870 174 1Αο.
910 133 1104 174 mnsxn
1147 130 1522 175 comma-Anu

369 235 539 275 debebat
566 235 738 288 deponi3
767 243 813 274 ut
841 249 912 275 nos
939 235 1059 275 hodie
1084 235 1259 288 gladium
1287 243 1327 274 et
1349 245 1517 275 cannam
1540 236 1723 290 ponimus
1750 237 1804 277 ad

368 291 563 329 illustrem
605 292 739 329 virum
783 290 945 329 adituri.
1018 291 1234 330 Historiam
1262 291 1426 330 Roberti
1470 291 1707 342 Guiscardi,
1746 292 1801 332 ad

369 344 558 384 Alexium
587 346 841 384 Comnenum
877 345 1038 384 admissi
1093 352 1132 384 et
1160 345 1326 398 pallium
1365 359 1482 384 suum
1521 345 1595 384 sibi
1624 345 1802 385 subster-

369 403 501 439 nentis
523 430 534 450 ,
564 415 666 453 quae
697 400 992 452 quodammodo
1021 399 1101 438 huc
1130 402 1250 439 etiam
1279 401 1472 452 pertinet,
1504 414 1526 439 e
1554 400 1623 438 Du
1648 399 1731 439 Can
1775 414 1800 439 o

370 469 412 493 v.
440 455 592 495 Bancus
621 455 714 493 alibi
744 456 784 493 in
825 455 886 493 his
926 455 1031 493 notis
1069 455 1200 493 retuli.
1258 455 1311 494 Et
1347 457 1379 494 si
1406 453 1471 494 vel
1499 455 1667 494 maxime
1692 454 1742 494 ch
1759 469 1803 493 a·

370 510 521 563 mydati
552 510 835 550 accumberent
852 539 862 555 ‚
893 516 1026 548 tamen
1046 509 1098 548 ad
1126 509 1280 549 illatum
1309 510 1480 562 primum
1509 509 1702 548 ferculum
1730 509 1804 548 de-

370 565 578 618 ponendae
604 572 717 603 erant
743 564 994 617 chlamydes,
1024 571 1093 602 aut
1121 567 1240 603 etiam
1265 572 1478 617 antequam
1505 564 1548 603 id
1574 564 1802 604 inferretur.

373 620 543 672 Insignis
572 627 629 658 est
656 620 764 658 locus
794 619 927 657 Nostri
956 634 997 672 p.
1022 619 1109 658 162.
1126 620 1262 667 initio,
1292 633 1373 672 quo
1392 619 1564 670 dicitur,
1592 625 1804 672 postquam

372 675 423 712 ad
455 689 607 713 mensas
638 681 736 713 esset
762 688 952 712 assessum
974 705 984 722 ‚
1029 674 1269 726 praefectum
1306 688 1464 712 mensae
1491 675 1599 712 iussu
1627 674 1805 727 Impera-

376 730 474 768 toris
517 730 775 768 exclamasse:
828 731 958 767 exuite
1004 729 1205 767 clzlanidia
1248 739 1388 768 vestra.
1442 729 1560 767 Tunc
1596 729 1806 768 surrexisse

379 798 516 823 omnes
543 792 582 823 et
610 785 760 823 exuisse
788 791 827 822 et
853 782 919 822 illa
949 791 987 822 et
1016 797 1129 837 saga,
1161 784 1230 836 qni
1260 785 1306 822 iis
1333 783 1464 822 induti
1493 789 1636 822 essent.
1698 784 1804 822 Haec

374 841 570 891 accepisse
613 842 739 891 regios
780 839 1030 891 engistiarios
1060 846 1098 877 et
1125 839 1333 878 tradidisse
1361 838 1598 877 asservauda
1626 837 1706 877 suis
1733 838 1804 877 ad-

373 894 562 933 ministris
590 895 631 932 in
659 893 811 947 Scylis;
841 894 943 933 conf.
972 908 1010 946 p.
1047 892 1114 943 42.
1144 894 1190 931 C.
1222 907 1284 932 12.
1317 900 1357 932 et
1380 894 1450 946 47.
1470 894 1522 931 D.
1541 906 1610 946 9.‚
1628 899 1710 931 tam
1738 906 1802 932 re-

374 950 575 987 verentiae
602 963 694 1002 erga
725 949 854 1001 Imp.,
885 962 1002 1000 quam
1033 947 1322 986 commoditatis
1339 947 1487 1000 gratia.
1516 956 1559 985 ut
1588 947 1804 1000 expeditius

375 1004 632 1055 epularentur
664 1011 702 1042 et
729 1002 898 1054 amplius
924 1002 1105 1040 sederent
1131 1003 1335 1041 convivae.
1393 1002 1458 1040 Sic
1484 1002 1631 1040 dicitur
1658 1015 1701 1054 p.
1731 1002 1800 1056 47.

375 1058 430 1095 D.
448 1073 489 1111 9.
508 1058 732 1111 patriarcba
764 1058 1000 1108 Imperatori
1028 1070 1219 1095 assessum
1247 1058 1331 1096 iens
1373 1056 1652 1109 omophorium
1679 1056 1803 1108 depo-

378 1126 473 1151 nere
528 1120 567 1151 et
602 1126 766 1165 surgens
806 1112 858 1149 de
896 1125 1032 1151 mensa
1059 1125 1273 1150 resumere.
1330 1111 1419 1164 Ipse
1447 1112 1666 1163 Imperator
1691 1110 1805 1150 chla-

378 1167 497 1219 myde
526 1169 650 1219 posita
678 1167 720 1206 in
757 1166 976 1215 dibetesio,
1013 1179 1156 1219 genere
1196 1167 1379 1216 tunicae,
1409 1165 1674 1218 epulabatur,
1705 1173 1750 1204 ut
1780 1180 1804 1204 e

377 1222 630 1274 sequentibus
658 1228 824 1260 constat.
878 1221 1043 1260 Veteres
1070 1235 1228 1273 quoque
1255 1221 1422 1259 Romani
1451 1227 1520 1259 aut
1549 1220 1588 1258 in
1618 1227 1804 1259 coenato-

377 1277 446 1314 riis
474 1277 760 1315 accumbebant
779 1305 791 1325 ,
825 1283 923 1326 aut,
950 1277 982 1314 si
1009 1277 1158 1327 togati,
1193 1274 1323 1314 saltim
1349 1283 1441 1328 toga
1467 1274 1688 1325 submissa;
1717 1274 1802 1314 vid.

379 1330 548 1370 Salmas.
574 1331 625 1369 ad
653 1332 739 1369 Ser.
775 1331 876 1370 Hist.
905 1335 1013 1383 Aug.
1043 1332 1093 1369 T.
1118 1331 1149 1368 l.
1173 1345 1213 1382 p.
1242 1331 1331 1384 195.

486 1386 538 1424 D.
555 1400 647 1439 pen.
669 1385 781 1440 [742,
799 1386 858 1440 2.]
889 1385 1257 1437 συνανακλιθῆναι.
1311 1386 1452 1424 Graeci
1480 1385 1598 1424 medii
1625 1385 1712 1424 aevi
1739 1397 1806 1423 se-

380 1439 550 1489 debant,
579 1448 625 1479 ut
650 1455 747 1488 nos,
790 1441 840 1479 ad
868 1454 1023 1479 mensas
1051 1442 1091 1478 in
1117 1440 1278 1492 reliquis
1308 1441 1468 1494 quidem
1495 1439 1718 1489 conviviis3
1763 1445 1806 1477 at

383 1497 425 1532 in
458 1496 684 1535 solennibus
726 1494 803 1534 illis
841 1495 1032 1534 conviviis
1071 1495 1339 1546 imperialibus
1377 1495 1493 1534 XlX.
1550 1493 1806 1533 accubituum

384 1550 671 1589 accumbebant
710 1564 756 1588 ex
793 1551 915 1589 veteri
943 1563 1053 1588 more
1081 1551 1275 1588 Romano.
1334 1549 1460 1588 Claris
1488 1549 1619 1588 verbis
1644 1547 1686 1586 id
1714 1561 1807 1600 per-

383 1603 494 1643 hibet
523 1605 790 1657 Luitprandus
818 1606 865 1643 L.
885 1605 958 1647 VI.
987 1605 1091 1642 Hist.
1129 1619 1163 1644 c.
1192 1606 1231 1643 5.
1249 1634 1259 1652 ‚
1289 1619 1407 1657 quem
1452 1603 1584 1642 locum
1624 1603 1808 1656 quamvis

385 1659 471 1697 aliis
499 1661 578 1698 iam
607 1660 810 1698 laudatum
846 1673 927 1698 non
966 1673 1126 1712 possum
1164 1665 1296 1697 tamen
1327 1673 1407 1698 non
1434 1658 1670 1698 adscribere.
1724 1657 1807 1696 lm·

382 1727 504 1766 pense
542 1716 645 1752 enim
683 1728 767 1753 rem
810 1721 984 1753 nostram
1026 1713 1214 1752 illustrat.
1266 1714 1344 1753 Est
1373 1714 1529 1759 domus,
1571 1714 1651 1762 ait,
1691 1714 1807 1751 iziz-ta

384 1769 686 1822 hippodromum
712 1770 929 1823 aquilonem
958 1783 1086 1807 versus
1114 1772 1239 1807 nau-ae
1266 1778 1304 1806 et
1328 1768 1547 1807 altitudinis
1571 1776 1609 1806 et
1628 1767 1806 1821 pulchri-

383 1823 550 1873 tudinis,
579 1838 677 1878 quae
703 1824 935 1863 Decaennea
963 1823 1129 1863 Acabita
1166 1832 1339 1862 vocatur.
1400 1822 1518 1876 Quod
1553 1835 1691 1860 nomen
1727 1833 1807 1861 non

382 1878 435 1915 ab
473 1892 514 1915 re
530 1907 540 1926 ,
568 1879 636 1916 sed
671 1893 725 1918 ex
767 1879 1040 1933 apparentibus
1077 1880 1220 1916 caussis
1256 1875 1390 1917 sortita
1427 1886 1484 1915 est
1500 1906 1511 1923 ‚
1540 1897 1594 1906 -
1620 1876 1807 1929 quoniam

383 1932 538 1985 quidem
563 1933 691 1971 decem
718 1942 755 1971 et
778 1948 916 1972 novem
943 1947 1095 1971 mensae
1119 1934 1162 1971 in
1186 1947 1256 1980 ea,
1294 1947 1392 1986 quae
1418 1931 1624 1970 secundum
1649 1943 1807 1968 carnem

382 1995 438 2022 est
453 2015 463 2034 ,
492 1986 658 2026 Domini
683 1989 805 2026 nostri
827 1988 865 2026 I.
897 1989 943 2027 C.
973 1989 1174 2026 nativitate
1201 1996 1471 2041 apponuntur,
1487 1987 1540 2024 in
1565 1985 1699 2040 quibus
1717 1983 1807 2022 Im-

378 2049 543 2093 perator
561 2044 718 2095 pariter
743 2051 781 2080 et
804 2045 994 2081 convivae
1028 2056 1105 2080 non
1143 2042 1309 2080 sedendo
1324 2071 1334 2087 .,
1377 2050 1422 2080 ut
1457 2041 1614 2078 caeteris
1647 2038 1806 2088 diebus,

383 2095 454 2131 sed
479 2097 728 2135 recumbendo
755 2098 983 2150 epulantur,
1012 2097 1146 2150 quibus
1172 2098 1214 2134 in
1239 2097 1370 2134 diebezs
1398 2109 1476 2134 non
1503 2094 1692 2146 argenteis
1705 2121 1716 2140 ‚
1737 2091 1812 2131 sed

384 2150 511 2186 aut-eis
542 2149 602 2203 [id
626 2158 685 2189 est
711 2152 865 2199 aeneis,
891 2150 1101 2205 inauratis]
1121 2152 1226 2189 vasis
1252 2152 1505 2189 ministratur.
1564 2148 1654 2186 Non
1673 2145 1806 2199 colligi

383 2202 503 2242 debet
530 2218 575 2242 ex
602 2205 678 2244 hoc
708 2206 945 2257 Luitprandi
973 2205 1062 2244 loco
1085 2235 1096 2255 ,
1126 2205 1381 2243 convivatum
1407 2206 1448 2242 in
1475 2203 1590 2242 XIX.
1616 2201 1807 2240 accubitis

383 2256 632 2298 solummodo
661 2260 758 2298 festo
786 2261 1006 2299 Nativitatis
1033 2259 1178 2298 Christi
1205 2260 1337 2298 fuisse.
1395 2259 1584 2297 Nominat
1603 2257 1708 2295 enim
1731 2254 1809 2294 hoc

385 2311 527 2351 festum
555 2316 787 2366 praecipue,
833 2317 926 2368 quia
963 2314 1115 2366 reliqua
1155 2315 1338 2354 convivia
1376 2312 1552 2352 solennia
1578 2311 1635 2350 ibi
1662 2311 1808 2363 agitata

385 2367 601 2407 maioribus
627 2369 766 2407 diebus
807 2370 913 2408 festis
925 2398 941 2416 ,
971 2376 1016 2406 ut
1045 2369 1248 2408 Paschatis
1274 2375 1314 2407 et
1341 2367 1597 2411 Pentecostis‚
1626 2372 1708 2403 tam
1735 2363 1808 2401 diu

385 2434 465 2458 non
504 2423 792 2462 continuabant
844 2432 962 2476 atque
1009 2423 1084 2462 hoc
1123 2423 1269 2463 natale.
1327 2422 1413 2460 Hoc
1455 2423 1561 2460 enim
1601 2432 1674 2471 per
1700 2416 1814 2456 XII.-

384 2474 490 2525 dies,
529 2477 712 2528 paschale
748 2492 818 2531 per
859 2479 929 2517 lx.
974 2484 1044 2516 aut
1094 2478 1148 2516 X.
1188 2477 1238 2516 ad
1279 2481 1503 2522 summum,
1543 2469 1808 2527 pentecost-ale

383 2542 454 2580 per
489 2531 562 2569 VI.
603 2531 726 2571 ferme
768 2532 1051 2574 celebrabatur.
1107 2531 1174 2570 Ab
1208 2532 1284 2570 hoc
1320 2544 1430 2569 more
1457 2525 1718 2568 accumbendi*
1741 2525 1822 2563 di-.

384 2591 531 2623 cuntur
557 2587 748 2625 convivae
777 2587 817 2626 in
850 2587 965 2626 XIX.
994 2585 1268 2625 accubitorum
1308 2584 1434 2637 epulis
1477 2577 1801 2626 ἇνακλίνεσθαι,

383 2642 430 2672 ut
458 2646 593 2677 nostro
622 2643 662 2678 in
700 2641 786 2681 loco
828 2649 868 2681 et
894 2643 1036 2694 passim
1063 2640 1183 2679 huius
1211 2637 1489 2691 Cletorologii,
1519 2645 1559 2673 et
1577 2632 1684 2686 apud
1701 2634 1806 2672 Leo·

384 2701 475 2728 nem
505 2692 769 2735 Grammatic.
789 2710 830 2749 p.
850 2694 941 2747 458.
959 2724 974 2747 ‚
1003 2695 1071 2734 ubi
1099 2694 1269 2735 Michael
1299 2694 1402 2746 Imp.
1431 2697 1470 2731 et
1491 2688 1670 2729 Eudocia
1695 2686 1802 2741 Aug.
