1884 3132
329 126 404 169 An
446 119 784 168 APPEchEM
826 123 924 162 Lm.
963 123 995 161 1.
1039 121 1111 160 DE
1151 116 1411 160 cammon.
1521 95 1623 152 511

185 239 231 272 et
311 230 432 286 g.62.
460 243 599 279 margo
628 227 788 268 exhibet
806 257 817 272 ,
848 232 894 264 nt
924 227 1078 265 variam
1106 223 1334 273 lectionem,
1365 216 1527 277 φοὺντα
1558 235 1634 275 pro

182 299 355 341 τονφα,
399 286 510 339 quod
537 286 638 323 Viro
679 284 797 322 docto
843 282 1002 320 errandi
1040 282 1288 319 occasionem
1327 278 1432 317 forte
1461 277 1630 316 dederit.

190 343 414 395 Bulengcro
443 340 634 379 fundatus
661 345 721 378 est
748 351 848 376 auro
875 344 1005 376 textus
1022 366 1034 386 ,
1065 349 1139 374 acu
1168 337 1298 388 pictus
1316 363 1328 383 ‚
1375 332 1512 385 (verba
1540 339 1635 372 sunt

188 397 257 438 Du
269 396 495 450 CangiiGl.
518 397 610 434 Lat.
630 394 676 433 h.
694 395 766 442 v..)
795 394 863 444 qui
893 392 1000 430 idem
1030 405 1113 429 esse
1142 392 1344 443 opinatur,
1377 388 1487 443 quod
1515 388 1631 428 nobis

187 452 302 504 e'mffe
339 451 487 503 c'zfimd
512 451 627 498 d'or,·
677 449 806 502 drapo
834 446 882 485 di
885 446 1023 499 fiendo
1051 446 1165 484 d'oro
1209 446 1422 484 Dommico
1460 444 1635 497 Magrio.

189 497 271 548 sed
307 521 399 546 cum
437 506 535 544 haec
563 519 640 543 vox
667 505 788 543 etiam
817 502 1018 541 tribuatur
1057 501 1159 539 vasis
1188 502 1381 552 argenteis
1406 506 1446 539 et
1473 499 1631 551 aureis,

190 563 304 602 addit
318 563 387 600 Du
412 561 560 614 Cange,
590 574 632 599 se
661 573 743 598 non
773 558 927 607 videre,
965 556 1169 610 quomodo
1221 555 1411 595 fundatus
1450 555 1500 594 de
1537 569 1635 593 acu-

189 618 317 672 pictili
346 617 423 656 dici
451 622 588 670 queat.
641 613 856 653 Salmasius
897 615 939 651 in
973 613 1091 665 epist.
1122 611 1172 650 ad
1201 611 1434 650 Sari-avium
1461 625 1506 664 p.
1539 609 1629 661 145.

189 673 256 713 ed.
291 673 516 712 Burmann.
553 670 791 709 sententiam
834 682 948 707 suam
988 667 1038 706 de
1069 674 1179 706 veste
1216 667 1383 706 fundata
1405 666 1470 705 his
1498 666 1634 704 verbis

190 729 351 782 exponit
367 757 379 775 ‚
407 740 511 781 quae
538 739 621 764 non
643 723 806 778 pigebit,
836 725 1021 778 quamvis
1050 721 1347 775 compluscula,
1376 721 1631 761 adscribere:

193 783 361 834 „Vestis
389 783 440 822 de
445 782 626 834 fimdato
656 793 704 819 eo
731 793 851 831 opere
881 779 983 818 facta
1011 784 1050 817 et
1078 785 1219 816 aurata
1235 808 1246 828 ‚
1277 792 1357 830 quo
1374 776 1541 817 reticula
1562 777 1634 816 fie-

188 837 312 887 bant,
353 837 498 891 quibus
525 838 656 889 capita
686 834 922 873 seminarum
942 832 1192 873 ornabantur
1211 848 1222 883 3
1236 834 1396 886 ficudas
1421 834 1541 872 etiam
1561 847 1633 885 ap-

188 893 367 947 pellant,
395 900 441 932 ut
478 892 621 931 Gracci
650 885 909 943 σφενδόνας,
959 890 1054 942 quia
1081 889 1255 937 fundae,
1291 889 1438 941 quibus
1482 888 1634 941 lapidas

188 949 456 996 iaciebantur,
491 956 537 986 ea
565 953 703 1000 parte,
735 945 800 983 cui
829 945 929 999 lapis
959 945 1241 997 imponebatur
1268 943 1334 982 vel
1361 943 1475 997 glans
1492 973 1504 995 ‚
1534 944 1634 982 reti-

183 1003 322 1047 ‚culato
350 1017 469 1058 opere
496 1009 610 1041 erant
640 1006 862 1040 contextae.
913 1001 961 1039 ln
978 1000 1155 1038 vestibus
1173 1008 1308 1038 autem
1338 1001 1426 1039 viae
1458 1013 1503 1038 ex
1532 1013 1633 1038 auro

187 1061 361 1098 intextae
388 1058 454 1098 vel
480 1056 743 1111 phrygionico
773 1068 891 1108 opere
918 1055 1073 1094 insutae
1104 1055 1343 1094 decussatim
1382 1069 1424 1094 se
1464 1056 1634 1094 interse-

186 1113 357 1162 cabant,
386 1121 432 1152 ut
459 1112 640 1151 maculae
688 1111 730 1149 in
757 1111 951 1150 reticulis.
1009 1110 1131 1161 Quod
1160 1125 1262 1163 opus
1289 1111 1339 1149 de
1350 1110 1531 1162 fundato
1559 1125 1631 1165 ap-

186 1169 416 1223 pellabant,
446 1168 487 1207 id
519 1174 579 1206 est
604 1167 655 1205 de
665 1166 822 1218 fimda.
883 1166 963 1205 Sed
992 1165 1115 1204 funda
1134 1198 1146 1218 ‚
1174 1173 1218 1204 ut
1247 1166 1327 1204 dixi
1345 1194 1356 1214 ‚
1399 1165 1632 1220 intelligitur

184 1226 325 1278 capitis
353 1223 557 1263 muliebris
585 1228 890 1269 ornamentum,
921 1221 1031 1274 quod
1054 1221 1216 1260 Graccis
1237 1219 1442 1274 σφενδόνη
1470 1228 1510 1260 et
1537 1219 1631 1260 ὀπι-

185 1277 474 1333 σθῡσφενδόνη
506 1277 737 1324 dicebatur,
767 1291 871 1329 quae
900 1284 1135 1315 ornamenta
1164 1284 1277 1315 erant
1308 1272 1546 1327 ἐπίχρυσα,
1587 1285 1633 1317 ut

186 1333 331 1375 Pollux
358 1341 487 1373 notat.
543 1332 643 1371 Inde
673 1339 712 1370 ct
753 1332 794 1370 in
834 1333 1010 1371 vestibus
1043 1331 1110 1370 fila
1138 1346 1259 1371 aurea
1297 1332 1351 1370 ita
1389 1332 1630 1372 reticulatim

187 1395 230 1428 et
259 1389 459 1428 fundatim
495 1389 644 1426 intexta
673 1401 820 1425 nomen
851 1394 1105 1440 acceperunt.
1167 1387 1268 1425 Vias
1296 1388 1458 1425 vocavit
1484 1387 1631 1426 Tibul-

185 1443 267 1483 lus.
296 1466 353 1474 ·—
383 1443 421 1482 A
449 1442 578 1481 funda
603 1448 739 1480 autem
760 1443 982 1494 fimdatzcm
1019 1441 1123 1480 idem
1167 1442 1277 1495 quod
1301 1442 1443 1492 fimda
1461 1460 1472 1480 .-
1502 1449 1547 1480 ut
1577 1443 1630 1481 ab

187 1513 316 1538 arena
346 1507 549 1537 arcuatum
564 1527 576 1549 ‚
616 1511 640 1535 a
661 1497 781 1548 fossa
819 1499 1036 1550 fossatum.
1098 1498 1258 1550 Quippe
1298 1498 1537 1536 recentiores
1566 1498 1629 1536 di-

187 1568 281 1594 xere
291 1555 516 1606 fossatum,
561 1552 674 1605 quod
701 1559 853 1591 veteres
864 1551 1062 1604 fossam?
1119 1552 1237 1591 Conf.
1265 1565 1368 1604 quae
1395 1551 1446 1590 ad
1478 1552 1626 1606 Script.

190 1609 299 1649 Hist.
326 1610 433 1662 Aug.
457 1609 508 1646 T.
532 1607 566 1646 Ι.
583 1622 627 1660 p.
649 1606 744 1661 670.
763 1615 803 1646 et
819 1609 870 1646 T.
894 1609 949 1646 lI.
966 1622 1007 1660 p.
1028 1607 1125 1661 437.
1153 1607 1204 1645 de
1218 1607 1360 1658 fienda
1390 1614 1430 1646 et
1459 1609 1635 1647 ventrali

187 1663 421 1718 disputavit.
475 1663 569 1702 Non
595 1663 710 1701 iuvat
736 1662 834 1702 haec
864 1665 1116 1712 examinare,
1161 1677 1290 1715 neque
1318 1662 1507 1702 refutare.
1566 1663 1630 1702 Si-

183 1719 299 1758 milia
327 1725 424 1759 sunt
453 1719 618 1757 caeteris
646 1716 783 1756 multis
810 1718 1095 1767 Salmasianis‚
1137 1719 1178 1756 in
1221 1717 1366 1771 quibus
1402 1718 1629 1758 doctrinam

187 1775 370 1822 mireris,
411 1774 531 1812 fidem
569 1780 609 1812 et
635 1787 778 1811 verum
817 1773 1030 1812 desideres.
1092 1773 1311 1812 Habendus
1338 1782 1474 1812 tamen
1501 1774 1629 1814 honos

188 1843 335 1884 magno
362 1829 518 1883 ingenio
539 1831 659 1867 etiam
686 1829 758 1867 ubi
786 1828 931 1867 fiducia
961 1829 1021 1867 sui
1039 1828 1199 1872 labitur.
1235 1828 1439 1868 Alteserra
1462 1830 1628 1869 tandem

187 1884 240 1923 ad
268 1885 454 1924 Anastas.
485 1898 526 1936 p.
557 1897 676 1937 119.:
711 1883 846 1932 „Vela
873 1884 924 1923 de
951 1883 1121 1922 fundato
1148 1891 1241 1924 sunt
1270 1882 1401 1923 aureis
1421 1886 1544 1938 signis
1564 1887 1628 1924 in-

187 1946 295 1978 texta
315 1969 328 1990 ‚
356 1946 404 1978 ut
430 1939 543 1992 calyx
570 1938 760 1978 fundatus
786 1947 846 1978 est
878 1940 998 1992 signis
1023 1939 1246 1994 insculptus
1262 1963 1318 1970 —
1336 1940 1460 1992 Apud
1489 1941 1627 1979 aurifi-

187 2007 252 2033 ces
270 2024 282 2043 ‚
312 2008 414 2047 quos
451 2001 626 2043 vocant,
654 1994 872 2034 inclusores
905 2008 1150 2048 gemmarum
1182 1995 1306 2034 fimda
1335 2003 1394 2034 est
1412 1996 1626 2036 reticulum

186 2063 236 2088 ex
272 2063 372 2088 auro
410 2049 555 2087 fundae
581 2049 734 2096 simile,
766 2064 848 2103 quo
876 2064 1054 2103 gemmae
1083 2050 1381 2089 includuntur.”
1409 2051 1512 2089 Mihi
1533 2053 1624 2104 qui-

189 2103 283 2143 dem
310 2104 360 2142 de
387 2104 672 2156 significatione
715 2105 836 2143 huius
878 2107 988 2144 vocis
1025 2108 1276 2145 coniecturae
1302 2107 1438 2144 variae
1454 2136 1466 2157 ‚
1509 2114 1554 2144 ut
1580 2109 1624 2145 in

189 2173 236 2198 re
265 2161 431 2212 antiqua
459 2165 499 2196 et
526 2158 710 2206 obscura,
744 2162 921 2198 animum
939 2160 1164 2200 subierunt.
1222 2162 1324 2200 Tres
1347 2168 1481 2199 tamen
1506 2175 1626 2213 prae-

187 2215 352 2267 cipuum
395 2213 503 2265 apud
539 2227 604 2252 me
627 2213 760 2252 locum
785 2215 980 2254 obtinent.
1035 2214 1119 2255 Aut
1138 2217 1245 2255 enim
1274 2231 1319 2254 ex
1348 2230 1436 2254 mea
1464 2223 1625 2254 senten-

186 2271 248 2308 tia
277 2269 408 2307 dictae
433 2267 597 2306 fuerunt
623 2275 750 2307 vestes
780 2269 968 2308 fundatae
996 2285 1040 2309 ex
1073 2284 1134 2318 eo,
1166 2272 1276 2323 quod
1305 2271 1473 2308 fundum
1504 2284 1623 2309 aure-

189 2337 260 2362 um
287 2324 354 2363 vel
373 2324 544 2362 sericum
572 2322 797 2372 haberent3
824 2331 995 2363 tramam
1014 2325 1079 2364 vel
1098 2326 1331 2379 subtegmen
1361 2325 1458 2363 alias
1485 2325 1623 2378 appel-

190 2378 311 2429 lant;
339 2385 491 2418 stamen
522 2385 655 2416 autem
681 2378 844 2418 alterius
871 2380 1051 2432 generis3
1080 2387 1150 2418 aut
1177 2394 1222 2417 ex
1240 2394 1287 2418 eo
1307 2409 1319 2429 ‚
1347 2379 1455 2432 quod
1477 2380 1622 2420 coloris

188 2441 319 2473 essent
346 2431 494 2482 ὀξέως,
523 2433 649 2479 acuti,
679 2433 820 2471 intensi
839 2461 851 2482 ‚
869 2435 1043 2485 fimdati
1058 2465 1069 2482 ‚
1099 2442 1146 2472 ut
1172 2434 1304 2472 adhuc
1331 2434 1453 2473 hodie
1483 2435 1623 2475 dicunt

188 2487 595 2542 Francogallifhnce'‚
626 2487 813 2539 profundi
841 2487 983 2526 coloris
1011 2495 1051 2527 et
1079 2489 1254 2538 intensi,
1283 2489 1452 2527 obscure
1480 2503 1621 2528 caeru-

190 2541 243 2581 lei
281 2550 352 2582 aut
393 2556 519 2595 paene
547 2543 679 2595 nigri3
707 2549 777 2580 aut
804 2556 850 2580 ex
879 2556 951 2590 eo,
975 2543 1084 2596 quod
1106 2544 1273 2582 intextas
1300 2543 1496 2583 haherent
1526 2544 1620 2584 fun·

191 2596 262 2635 das
281 2626 295 2647 ‚
322 2597 365 2636 id
392 2604 450 2636 est
474 2611 589 2635 areas
619 2596 878 2636 orbiculat-es.
934 2598 1035 2636 Fuit
1056 2598 1153 2637 olim
1173 2612 1359 2652 quoque,
1387 2613 1512 2652 quum
1539 2615 1618 2654 pu-

148 2689 151 2691 *
189 2657 342 2699 tarem,
371 2659 500 2693 vestes
525 2651 598 2691 has
626 2652 714 2690 ideo
746 2651 932 2691 fundatas
970 2651 1090 2692 fuisse
1117 2653 1242 2692 dictas
1260 2682 1272 2703 ‚
1306 2655 1400 2707 quia
1442 2655 1584 2695 fundas
1603 2684 1616 2705 ‚

192 2705 234 2744 id
265 2713 324 2745 est
348 2708 547 2760 marsupia
562 2736 574 2759 ,
603 2707 746 2747 boxeas
776 2707 839 2759 (de
853 2708 1016 2761 poclaes,
1036 2708 1077 2748 T
1071 2709 1223 2759 ascheri)
1241 2716 1391 2749 assutas
1409 2709 1616 2750 habereut.
