1832 3126
274 170 345 226 82
548 188 621 230 10.
663 185 770 229 1Ac.
813 187 1008 246 nmsxn
1056 185 1434 231 COMMENTARH

277 295 347 347 qui
375 291 530 332 bandos
555 291 620 331 vel
652 290 809 330 bannos
827 297 973 344 gerunt
988 319 1000 341 ‚
1037 289 1183 331 vexilla
1199 290 1319 331 nobis
1346 291 1470 332 hodie
1493 291 1723 334 bandemles

276 350 397 388 dicta.
457 343 746 399 Σημειοφόροι
772 353 895 396 sunt,
948 347 1017 400 qui
1043 342 1096 385 τὰ
1125 345 1245 397 σι’γνα
1271 346 1430 397 ferunt,
1459 347 1603 388 vexilla
1632 364 1726 390 mun

274 404 416 458 pannis
430 433 440 450 ‚
472 402 619 454 quibus
645 416 872 455 purpureae
894 403 1125 455 principum
1154 403 1349 455 imagines
1375 403 1532 442 insutae
1563 413 1692 444 essent
1707 437 1719 454 ‚

277 466 348 498 aut
386 459 513 505 conti,
561 458 604 495 in
642 471 817 510 quorum
848 459 997 496 vertice
1031 457 1131 495 fixae
1171 464 1286 496 erant
1324 457 1479 511 ligneae
1511 459 1727 500 deauratae

276 515 507 568 principum
529 513 735 566 imagines.
794 513 954 551 Labara
980 519 1073 552 sunt
1099 514 1221 565 panni
1245 513 1456 566 quadrati,
1487 522 1557 553 aut
1581 515 1726 554 oblon-

277 570 315 623 gi
344 584 365 608 e
391 569 502 622 ligno
541 576 771 607 transverso
804 570 913 607 conti
945 568 1239 620 dependentes,
1281 583 1443 608 crucem
1479 577 1550 608 aut
1581 585 1725 611 nume-

277 640 370 664 rum
397 625 588 663 Latinum
625 624 812 662 decuriae
852 624 1024 662 indicem
1063 631 1347 663 monstrantes.
1406 623 1520 676 *[De
1548 626 1727 666 bandora

277 680 390 734 signo
417 679 580 718 militari
613 681 694 733 agit
710 680 778 717 Du
798 679 932 733 Gange
962 679 1013 717 ad
1031 678 1212 718 loinville
1239 693 1330 733 pag.
1358 679 1477 731 116.;
1513 680 1564 719 de
1595 681 1725 721 bando

279 736 452 774 Gothica
490 748 589 774 voce
625 742 664 774 et
697 736 783 774 eius
812 735 1098 788 significatione
1126 748 1168 773 v.
1205 734 1395 774 Giornale
1438 735 1502 775 dei
1531 737 1726 778 Letterati

277 791 332 829 11.
354 788 501 844 574.]*
537 798 578 829 et
606 791 674 828 Du
706 791 841 844 Cange
876 789 942 829 Gl.
978 804 1019 829 v.
1058 789 1244 828 Bandum
1277 797 1316 829 et
1345 790 1545 830 Bannum.
1604 791 1727 831 Unde

276 846 483 899 Belgicum
507 846 617 895 Bon,
650 846 862 897 ΒοηΙιιςγε,
893 853 932 885 et
958 852 1137 884 nostrate
1168 846 1354 895 Banner,
1395 845 1571 897 Panicr,
1611 847 1726 887 Ban-

278 903 470 952 nerlaerr,
518 916 593 954 pro
621 901 893 940 Banderarius
909 930 920 950 ‚
951 901 1047 940 item
1081 901 1287 952 Pfflnner,
1318 907 1427 940 nata.
1762 900 1765 901 ⁷

390 957 437 995 C.
469 971 531 995 10.
556 956 646 1011 [11‚
669 956 758 1010 24.]
806 955 1079 1009 κοιαίστωρος
1107 953 1415 1009 καγκελλάριοι.
1468 955 1531 995 Ε3
1560 963 1620 997 est
1637 971 1727 997 con-

277 1013 432 1051 iectura
468 1012 530 1051 Cl.
563 1012 739 1060 Leichii,
786 1027 908 1065 quam
939 1027 980 1065 p.
1010 1026 1071 1051 12.
1103 1011 1151 1049 C.
1180 1025 1246 1050 ιο.
1281 1012 1518 1059 confirmat,
1566 1019 1606 1051 et
1633 1027 1726 1067 pag.

279 1081 377 1121 217.
395 1097 406 1117 ‚
437 1067 509 1105 ubi
539 1067 642 1106 haec
672 1069 756 1121 ipsa
789 1067 855 1106 hic
877 1067 1082 1120 designata
1104 1073 1192 1108 acta
1220 1066 1424 1119 leguntur.
1482 1065 1727 1122 Κοιαίστωρ

279 1129 321 1161 et
347 1123 552 1163 interdum
582 1122 815 1175 Κυαίστωρ
843 1124 1031 1162 scribitur
1050 1123 1092 1161 in
1109 1122 1186 1161 hoe
1202 1123 1338 1162 codice
1352 1122 1477 1162 latina
1491 1136 1567 1161 vox
1605 1124 1731 1178 Quae-

278 1186 372 1216 scor.
432 1178 583 1231 Nempe
620 1177 786 1217 librario
829 1178 889 1217 illi
927 1179 1035 1219 idem
1067 1177 1229 1217 valebat
1265 1191 1305 1217 οι
1339 1186 1379 1218 et
1415 1192 1442 1216 v
1458 1208 1470 1228 ,
1513 1193 1616 1231 quae
1648 1178 1728 1218 fre-

281 1234 540 1285 quentissime
570 1234 828 1286 permutavit.
884 1234 946 1274 De
980 1234 1202 1288 quaestoris
1239 1247 1405 1273 munere
1423 1263 1434 1281 ‚
1477 1233 1613 1272 literas
1641 1233 1729 1273 Au·-

281 1289 388 1341 gusti
421 1289 646 1338 recitandi,
679 1289 758 1327 alio
787 1289 876 1328 loco
903 1304 1034 1343 agam.
1063 1289 1162 1328 Erat
1186 1290 1358 1328 maxima
1384 1289 1570 1342 dignitas.
1601 1289 1730 1340 Quae-

282 1350 368 1386 stor
401 1340 635 1397 πάρεδρος,
665 1358 837 1384 assessor
854 1375 865 1394 ‚
897 1346 1146 1385 consiliarius
1178 1344 1343 1383 intimus
1375 1351 1415 1383 et
1441 1344 1615 1386 director
1646 1345 1730 1382 Im-

282 1400 479 1452 peratoris
512 1399 735 1453 appellatur
766 1415 789 1439 a
806 1399 1006 1454 Procopio
1025 1400 1224 1439 Anecdot.
1253 1414 1294 1453 p.
1319 1398 1387 1438 28.
1419 1399 1516 1438 circ.
1545 1399 1614 1437 fin.
1652 1399 1731 1439 Sed

284 1454 461 1493 multum
497 1455 640 1494 defecit
673 1469 861 1508 processu
895 1458 1100 1509 temporis.
1160 1456 1423 1506 Quaestorem
1452 1469 1476 1494 a
1510 1455 1731 1494 Iustiniano

284 1510 465 1562 primum
502 1512 732 1549 institutum
767 1511 952 1564 perhibet
988 1512 1163 1563 Procop.
1207 1510 1362 1549 Anecd.
1398 1525 1440 1564 p.
1471 1508 1540 1563 89.
1571 1510 1659 1548 init.
1692 1517 1733 1550 et

286 1565 452 1618 quidem
473 1566 685 1618 puniendis
704 1567 947 1620 paederastis
961 1597 971 1616 ‚
1002 1565 1288 1606 scortatoribus
1312 1573 1352 1604 et
1378 1565 1603 1605 haereticis.
1632 1566 1731 1605 Vid.

287 1620 503 1663 Alemann.
538 1636 579 1675 p.
609 1622 677 1676 93.
720 1622 799 1662 Sed
825 1623 1063 1662 contradicit
1097 1622 1172 1660 sibi
1187 1621 1408 1675 Procopius
1439 1620 1546 1660 linea
1573 1619 1730 1660 ultima.

286 1676 342 1714 V.
378 1676 549 1716 Guther.
582 1692 624 1730 p.
648 1675 745 1729 454.
805 1678 1046 1718 Cane-ellarii
1070 1677 1137 1716 hic
1164 1677 1374 1717 memorati
1401 1683 1495 1717 sunt
1524 1675 1593 1715 alii
1613 1690 1637 1715 a
1657 1690 1732 1715 no-

287 1731 479 1770 stratibus
511 1732 756 1772 cancellariis
771 1763 782 1781 ‚
822 1747 991 1788 magnae
1024 1734 1226 1786 dignitatis
1256 1734 1368 1771 viris.
1428 1731 1493 1770 Illi
1522 1738 1638 1770 erant
1661 1731 1732 1783 qui

289 1786 486 1827 cancellos
512 1787 612 1828 velis
636 1790 836 1842 appositos
854 1789 1100 1828 custodirent
1113 1818 1124 1836 ‚
1155 1795 1194 1827 et
1223 1787 1385 1826 turbam
1412 1786 1525 1826 aditu
1550 1786 1735 1839 prohibe·

290 1850 395 1881 rent.
454 1843 552 1882 Vid.
588 1842 781 1897 Agathias
814 1859 856 1898 p.
880 1844 947 1884 26.
977 1845 1043 1884 25.
1103 1843 1274 1883 Guther.
1302 1857 1346 1896 p.
1368 1843 1463 1896 570.
1497 1848 1536 1880 et
1558 1840 1656 1881 613.
1694 1847 1735 1881 et

290 1897 359 1936 Du
388 1897 524 1952 Gange
541 1898 674 1939 Gloss.
702 1902 794 1940 Lat.
822 1901 866 1939 h.
895 1914 937 1940 v.

403 1953 450 1993 C.
481 1967 544 1993 ιι.
583 1953 674 2009 [ιι,
697 1955 787 2010 25.]
836 1953 1094 2004 δομεστίκου.
1147 1953 1399 1992 Domesticus
1433 1966 1481 1991 eo
1526 1965 1624 1991 aevo
1661 1965 1735 2004 pro

292 2010 472 2061 corporis
496 2016 566 2047 aut
588 2011 744 2066 collegii
773 2010 941 2050 alicuius
964 2009 1190 2064 primicerio
1215 2008 1486 2062 usurpabatur
1500 2038 1510 2056 ‚
1542 2014 1590 2046 ut
1616 2021 1736 2062 supra

292 2063 373 2102 iam
398 2064 584 2104 diximus.

403 2119 511 2161 Ibid.
544 2119 632 2174 [11‚
667 2118 757 2175 25]
804 2116 1095 2174 ῥωμαΐζοντες.
1153 2118 1199 2158 Id
1234 2125 1294 2158 est
1329 2117 1472 2157 Latine
1507 2117 1733 2155 recitantes.

298 2174 415 2223 Quae
434 2176 579 2214 Latina
599 2176 740 2214 Graeci
764 2175 1018 2214 recitaverint
1035 2206 1046 2222 ,
1079 2188 1125 2213 ea
1149 2173 1336 2227 leguntur
1359 2187 1400 2226 p.
1424 2186 1519 2227 217.
1576 2171 1639 2210 De
1661 2184 1737 2209 usu

296 2227 456 2281 linguae
486 2231 652 2270 Latinae
682 2231 789 2284 apud
814 2231 986 2269 Graecos
1011 2231 1249 2283 posteriores
1281 2226 1562 2275 ceremoniali,
1605 2233 1646 2265 et
1673 2226 1737 2264 in-

297 2284 458 2323 terdum
479 2300 639 2339 quoque
659 2285 904 2335 ridiculario‚
934 2299 1007 2339 ago
1032 2285 1083 2324 ad
1105 2300 1196 2339 pag.
1221 2284 1316 2336 431.
1341 2283 1396 2322 A.
1431 2297 1493 2322 12.

413 2340 461 2378 C.
491 2355 551 2379 12.
582 2341 671 2398 [12‚
695 2340 759 2395 2.]
793 2335 1109 2394 μακροσκάμνῳ.
1154 2342 1213 2379 Μ.
1247 2334 1581 2391 μακροσκάμνων
1605 2334 1672 2374 hic
1700 2342 1740 2373 et
1787 2357 1800 2373 ι

301 2393 436 2444 paullo
465 2403 568 2448 post.
627 2397 803 2448 Quinam
825 2396 904 2435 sint
930 2395 1150 2450 Dipanitae
1165 2427 1176 2446 ,
1209 2395 1334 2434 fateor
1353 2407 1418 2432 me
1437 2394 1637 2447 ignorare.
1671 2390 1740 2430 Vi-

302 2447 447 2486 dentur
475 2451 526 2488 ad
554 2453 716 2491 Circum
737 2452 948 2504 pertinere.
1620 2469 1625 2474 ·

412 2503 458 2541 C.
484 2505 559 2544 ult.
585 2507 674 2561 [12‚
697 2506 760 2561 3.]
791 2503 1092 2559 εὐφημοῦντες.
1144 2505 1258 2544 Laeti
1282 2510 1423 2544 cantus
1451 2509 1491 2542 et
1510 2499 1741 2555 gratulatio·

303 2571 375 2596 nes
395 2565 568 2611 votaque
594 2562 702 2616 longi
726 2570 766 2601 et
786 2562 965 2616 prosperi
982 2560 1163 2613 imperii,
1195 2561 1340 2614 quibus
1363 2571 1547 2613 proceres
1567 2563 1607 2595 et
1625 2554 1740 2608 plebs

305 2612 568 2664 Imperatores
591 2618 839 2670 excipiebant
854 2647 866 2667 ‚
895 2615 1129 2655 dicebantur
1152 2610 1359 2669 εὖφημίαι
1388 2621 1427 2653 et
1450 2605 1578 2661 ι’ἱκτα,
1607 2610 1742 2649 laudes

304 2667 473 2706 Latinis.
516 2667 721 2722 εὐφημεῖν
743 2673 841 2712 dixit
861 2671 1093 2711 Anastasius
1116 2686 1156 2724 p.
1189 2670 1278 2710 126.
1300 2669 1512 2723 dg'ffizmare
1536 2666 1741 2712 laudibus,-

304 2735 386 2760 non
417 2723 684 2777 ineleganter,
733 2727 949 2780 διαφέρειν
976 2727 1136 2781 dg'fferre
1153 2756 1165 2776 ‚
1211 2727 1255 2764 in
1288 2724 1432 2778 vulgus
1458 2735 1644 2775 spargere
1666 2733 1744 2774 per·

303 2791 391 2816 suas
427 2779 576 2819 laudes.
633 2780 674 2833 *[
689 2782 842 2821 Laudes
874 2784 1019 2835 facere
1049 2781 1171 2820 habet
1225 2788 1364 2819 auctor
1399 2778 1631 2818 Innocentio
1666 2773 1740 2815 111.
