1884 3132
231 155 307 195 An
350 152 651 196 consum.
690 151 888 194 Pomm.
928 150 1000 191 DE
1042 150 1223 193 cmm.
1263 151 1361 193 Lm.
1399 151 1433 193 1.
1478 133 1591 201 403

153 255 338 296 solebant
365 271 414 297 eo
439 265 621 310 tempore
646 263 1081 310 caeterorumquoque
1115 257 1342 310 principum
1357 256 1594 309 Europaeo-

153 326 247 351 rum
274 313 427 352 diaetae
452 312 595 351 humili
623 313 666 351 in
693 310 782 350 loco
813 325 928 361 esse3
958 325 999 350 v.
1037 325 1126 365 pag.
1160 325 1252 365 290.
1273 312 1328 350 D.
1350 310 1391 362 4.
1427 310 1595 351 Carolus

155 366 232 406 lv.
267 367 471 422 Augustus
513 368 630 406 Metis
667 366 871 406 solennem
908 367 1063 405 curiam
1089 368 1208 405 Anno
1244 365 1362 407 1356.
1392 366 1591 414 habebat,

152 422 195 460 in
224 436 304 475 qua
318 452 330 472 ‚
359 430 459 462 teste
483 421 652 461 Alberto
680 421 958 473 Argentinensi
971 452 984 471 ,
1012 422 1191 460 electores
1227 430 1264 460 et
1304 419 1492 472 officiales
1530 437 1595 460 seu

158 478 432 516 mimkteriales
463 478 625 531 imperii
653 476 858 515 veniebant
885 490 1002 530 super
1021 491 1119 530 equo
1148 491 1264 530 usque
1305 477 1363 514 ad
1406 491 1597 515 mensam.

155 531 441 571 Descendentes
468 546 563 570 vero
598 532 648 570 de
672 544 768 586 equo
804 544 938 569 coram
966 545 1099 569 mensa
1131 531 1377 570 histn‘onibus
1398 541 1436 570 et
1465 533 1595 570 mimis

152 587 325 626 dabatur
344 600 475 643 equus.
497 587 559 625 Ex
585 600 632 625 eo
660 599 821 639 quoque
848 584 1101 638 intelligitur,
1134 587 1332 639 principes
1360 587 1469 625 viros
1497 594 1594 625 tunc

157 642 199 681 in
229 642 372 681 humili
398 642 631 681 convivasse
644 670 656 690 ‚
697 643 792 693 quia
820 641 934 679 boves
964 641 1015 678 de
1049 642 1223 679 scarlaca
1254 642 1384 679 mstitt'
1418 642 1595 681 introdu-

154 697 366 747 cebantur,
394 698 465 752 qui
493 696 744 734 comit-abant
770 695 992 748 [cornubus
1019 709 1060 734 se
1098 696 1310 748 petebant,
1351 696 1595 751 arietabant]
1610 702 1672 736 Ed.
1700 701 1739 735 L.
1769 710 1829 746 ¹27

156 751 216 790 ad
250 753 404 804 singula
421 751 586 803 fer-cula
603 781 614 797 ‚
654 765 754 806 quae
784 751 1083 805 apponebantur
1115 753 1201 804 regi
1242 753 1285 790 in
1322 765 1456 790 mensa
1468 782 1480 800 ‚
1518 753 1594 791 nisi

157 805 261 845 forte
289 805 414 846 boves
441 806 484 844 hi
512 805 619 844 docti
647 805 771 844 scalas
804 805 1015 851 scandere,
1059 812 1128 844 aut
1166 806 1361 845 machinis
1397 806 1594 846 sublevati

156 860 336 900 fuerunt.
390 861 522 900 Locus
547 861 752 900 desumtus
778 868 837 900 est
868 875 912 898 ex
935 860 1125 899 Alberico
1144 859 1345 900 Monacho
1361 863 1486 900 trium
1507 862 1596 900 fon-

157 917 262 954 tium
289 915 397 969 apud
424 918 619 956 Murator.
646 916 699 955 T.
722 916 754 954 Ι.
779 915 950 968 Antiqu.
982 915 1072 953 Ital.
1108 930 1149 969 p.
1169 915 1283 968 846„
1314 931 1335 954 e
1364 929 1445 969 quo
1476 918 1596 957 etiam

157 971 272 1024 origo
297 973 407 1010 vocis
435 971 641 1010 charlatan
658 1001 668 1017 ,
698 984 779 1024 qua
797 970 1156 1009 circumforaneum
1172 1000 1184 1020 ‚
1214 979 1396 1025 agyrtam
1413 971 1596 1025 designa*

156 1039 277 1076 mus,
305 1025 551 1079 intelligitur.
607 1025 761 1079 Nempe
792 1039 816 1064 a
843 1033 954 1065 veste
980 1026 1162 1065 coccinea
1178 1056 1189 1076 ‚
1232 1026 1400 1065 scarlato
1416 1055 1427 1075 ‚
1475 1038 1598 1079 quam

160 1087 202 1120 et
242 1081 319 1134 ipsi
365 1088 404 1120 et
429 1081 552 1120 boves
579 1087 699 1134 atque
727 1082 864 1120 simiae
893 1081 1126 1134 gestabant,
1154 1095 1254 1134 quos
1273 1081 1597 1121 circumductita-

161 1132 262 1175 baut
287 1142 328 1175 et
354 1135 518 1175 edentes
544 1133 750 1184 θαύματα
773 1135 1067 1183 monstrabant,
1091 1136 1279 1190 appellati
1302 1136 1464 1175 suerunt
1489 1151 1599 1175 scar-

158 1191 278 1230 latati
294 1196 335 1230 et
353 1191 579 1230 scadatani.
611 1190 734 1230 Unde
750 1198 883 1230 autem
911 1192 1118 1230 scarlatzmz
1138 1206 1209 1230 seu
1236 1205 1394 1244 pannus
1422 1194 1603 1231 coccine-

157 1258 238 1295 us?
264 1255 333 1295 Ab
348 1256 521 1295 Arabico
557 1245 641 1312 3552
662 1286 674 1306 ‚
703 1257 885 1306 sohar-al,
930 1256 1039 1310 quod
1065 1259 1293 1296 coccineum
1322 1256 1498 1295 colorem
1524 1272 1602 1296 no·-

159 1317 234 1350 tat.
291 1311 544 1350 Vocabulum
573 1313 614 1350 in
634 1311 740 1351 Golii
771 1312 915 1351 Lexico
942 1326 1024 1351 non
1051 1319 1222 1366 prostat.
1263 1311 1449 1351 Habetur
1465 1319 1602 1351 tamen

162 1365 205 1404 in
230 1365 456 1405 Moallacah
482 1369 634 1419 quinta.

246 1429 343 1470 235.
363 1431 418 1469 D.
440 1444 480 1469 2.
499 1429 612 1484 [405‚
642 1430 730 1484 11.]
763 1429 820 1477 ὥς
847 1430 892 1469 ἒν
918 1427 1130 1471 ὑποθέσει.
1193 1430 1247 1471 Ut
1273 1433 1500 1486 exemplum
1511 1432 1605 1486 fin-

161 1499 280 1539 gam,
302 1500 324 1524 e
344 1499 419 1540 quo
451 1487 642 1538 negotium
663 1487 734 1524 hoc
771 1487 1035 1538 intelligatur,
1076 1487 1253 1533 exempli
1289 1501 1416 1527 causa.
1471 1487 1605 1525 Theo-

163 1542 302 1579 rianus
329 1539 371 1578 in
398 1540 536 1592 Legat.
551 1539 740 1581 Armen.:
771 1536 981 1587 ἔστωσαν,
1014 1537 1072 1587 ὥς
1100 1540 1145 1579 ἐν
1171 1535 1385 1587 ὑποθέσει,
1418 1541 1605 1581 ἐνταῦθα

163 1592 388 1647 ὖπέρπυρα
413 1593 509 1646 τρία
527 1623 539 1644 ,
569 1595 776 1649 fingamus
809 1596 1015 1648 tantisper,
1062 1595 1194 1634 adesse
1223 1596 1285 1632 hic
1327 1609 1463 1634 coram
1495 1596 1606 1634 nobis

163 1650 243 1687 tria
264 1650 518 1703 hyperpyra5
557 1652 603 1688 έν
637 1645 854 1700 ὑποθήκης
887 1650 1006 1701 μέρει
1035 1664 1110 1702 pro
1148 1664 1195 1688 eo
1235 1649 1333 1688 dixit
1360 1649 1606 1688 Plutarchus

164 1704 276 1757 Opp.
297 1703 442 1756 philos.
458 1717 501 1756 p.
526 1703 615 1757 ¹78·
646 1703 706 1743 16.
762 1704 893 1742 Notae
921 1712 1014 1742 sunt
1042 1705 1321 1758 hypotheticae
1348 1712 1605 1758 argumenta-

163 1758 295 1797 tiones
323 1757 562 1797 Stoicorum.
617 1758 761 1812 Belgae
799 1760 1049 1812 perapposite
1091 1760 1422 1798 veronderstellen
1466 1760 1607 1798 dicunt

163 1824 238 1866 pro
267 1811 527 1861 ὑποτιθέναι,
559 1827 783 1867 supponere
810 1821 1005 1866 tanquam
1035 1828 1194 1864 verum,
1225 1821 1295 1852 aut
1320 1813 1505 1862 existens,
1536 1819 1608 1853 aut

166 1867 319 1906 factum
373 1867 458 1906 uid.
1072 1870 1074 1873 ’
1362 1882 1370 1886 -

276 1923 330 1959 D.
345 1882 395 1960 (ὲ
418 1920 532 1976 [405,
561 1921 646 1976 19..]
674 1921 879 1969 Ἰέσδεκος.
919 1922 1141 1962 Menander
1170 1922 1323 1961 Rhetor
1350 1923 1391 1960 in
1419 1923 1608 1975 Excerpt.

166 1975 307 2029 Legat.
325 1976 537 2015 Hoeschel.
568 1992 607 2030 p.
645 1992 734 2017 121.
764 1990 855 2016 eum
885 1971 1205 2030 Ἰεσιΐεκουσνὰφ
1243 1976 1440 2030 appellat,
1485 1977 1608 2028 (locus

166 2038 343 2069 meretur
370 2045 461 2070 cum
489 2039 624 2071 nostro
654 2033 858 2083 conferri‚)
888 2040 927 2071 et
955 2032 1175 2086 Procopius
1191 2031 1416 2071 Hoeschelii
1444 2046 1485 2084 p.
1508 2032 1603 2071 333.

174 2099 189 2124 1
197 2086 239 2124 3.
252 2083 524 2136 ’Iodc'yovoam

277 2139 332 2178 D.
356 2139 395 2178 5.
420 2139 530 2194 [405,
558 2141 642 2196 15.]
670 2138 828 2193 ἐπάγει.
859 2142 908 2180 Id
937 2148 996 2181 est
1023 2138 1170 2195 ἐπάγῃ.
1199 2139 1311 2180 Nihil
1340 2140 1504 2179 librario
1531 2153 1606 2178 noe
1647 2151 1650 2153 ’

169 2202 252 2234 stro
281 2194 524 2247 frequentius
544 2225 555 2242 ,
595 2211 718 2249 quam
744 2197 980 2236 indicativus
1007 2203 1046 2235 et
1075 2197 1352 2235 subiunctivos
1382 2196 1606 2247 promiScue

169 2247 330 2291 babere.
386 2249 574 2288 Adducat
604 2260 799 2300 armatos,
831 2266 975 2304 nempe
993 2251 1233 2290 domesticus
1259 2249 1488 2289 scholarum
1504 2279 1516 2299 ‚
1537 2256 1607 2287 aut

169 2303 413 2343 silentiarius
431 2333 443 2353 .,
474 2312 544 2343 aut
573 2304 674 2344 alius
702 2306 958 2359 quicunque,
999 2305 1051 2344 ad
1091 2307 1204 2344 cuius
1249 2318 1387 2343 curam
1419 2303 1515 2342 haec
1542 2318 1606 2342 res

171 2366 339 2412 spectat.
399 2359 448 2398 ln
476 2359 628 2398 Latinis
655 2360 838 2413 supplevi
865 2361 1024 2399 decurio
1053 2359 1107 2399 ob
1146 2373 1192 2398 ea
1209 2389 1221 2411 ,
1262 2373 1364 2412 quae
1391 2372 1479 2411 pag.
1507 2358 1601 2397 236.

169 2413 223 2452 A.
243 2413 286 2453 6.
308 2413 511 2467 leguntur.

277 2479 331 2517 D.
353 2474 395 2518 6'.
420 2478 537 2533 [405,
562 2471 648 2533 14.]
678 2473 775 2526 τούς
804 2478 888 2520 ταῖν
914 2472 1156 2532 βαρβάρων.
1187 2480 1263 2518 Hic
1291 2478 1437 2518 excidit
1453 2474 1606 2531 aliquid

173 2542 195 2570 e
225 2533 468 2572 membranis
497 2535 637 2587 procul
667 2534 803 2576 dubio.
861 2535 909 2573 In
937 2536 1089 2573 Latinis
1115 2534 1295 2587 supplevi
1325 2534 1407 2572 eB.
1425 2547 1485 2572 vs.
1514 2547 1603 2572 12.:

174 2583 271 2633 τοὺς
296 2582 557 2640 ἓρμηνευτιὶς
572 2586 645 2627 καὶ
671 2587 1005 2641 χαρτουλαρίους
1030 2588 1112 2628 τῶν
1137 2585 1374 2640 βαρβάρων.

256 2652 351 2692 236.
384 2653 440 2692 A.
472 2655 511 2693 3.
552 2652 667 2708 [405,
699 2652 789 2708 20.]
836 2647 1127 2706 τερτιοκήριος.
1184 2654 1287 2692 Rara
1329 2649 1536 2692 ter-tiocerii
1561 2653 1605 2691 fit

176 2709 339 2746 mentio.
399 2708 655 2749 Primicerius
684 2717 724 2749 et
751 2710 1033 2758 secwgdicerius
1056 2710 1227 2762 'saepius
1255 2707 1454 2762 leguntur.
1510 2709 1605 2769 Qu?
