1884 3132
171 170 247 212 An
286 169 586 213 consum.
629 167 827 210 Pomm.
858 168 929 207 DE
957 165 1140 207 cumn.
1175 166 1272 205 Lm.
1296 167 1348 204 11.
1431 144 1534 201 831

95 272 207 310 noris
232 278 393 325 accepta
422 271 498 310 fuit
512 300 525 320 ‚
555 277 601 310 ut
629 269 828 309 diceretur·
857 283 956 308 zona
986 267 1136 307 donare
1182 281 1254 320 pro
1299 265 1452 305 honore
1480 265 1543 306 vel

96 325 229 365 officio
267 326 443 380 quodam
487 325 631 373 beare,
679 327 712 364 si
741 339 823 364 non
853 337 1036 376 semper,
1067 323 1199 362 saltim
1231 321 1430 360 interdum
1457 319 1543 360 bal-

97 390 217 431 theus
242 399 343 431 erat.
402 392 457 430 Et
476 391 582 445 apud
608 391 763 429 Arabes
790 390 929 429 eodem
959 403 1122 442 prorsus
1146 388 1268 426 modo
1297 379 1405 450 εῑ-ἱῗι,
1470 401 1544 440 pro

96 444 227 498 officio
255 447 319 486 vel
354 447 499 485 militia
517 475 531 494 ‚
562 444 784 500 στρατείᾳ,
821 445 999 498 ponitur.
1057 443 1135 482 Sed
1164 442 1364 482 Abulfeda
1403 441 1454 480 ad
1484 442 1539 481 A.

98 502 194 540 230.
233 501 360 556 [Chr.
385 499 510 554 8434
539 507 677 539 narrat
697 530 708 548 ‚
753 498 792 538 al
822 499 1107 539 Watschecum
1147 498 1355 538 Aschnaso
1384 497 1542 536 dedisse

96 568 248 619 ttgjam
274 581 343 606 seu
372 566 525 606 cidariu
546 573 585 604 et
602 567 794 619 geminum
814 566 1020 615 baltheum,
1056 555 1199 614 &wi
1232 554 1374 624 (533le
1407 551 1543 619 55²5

95 627 338 681 fflk—ss»
377 620 464 676 Li>15
473 655 488 684 2
501 633 610 686 quod
648 632 828 685 quamvis
847 630 1105 670 materialiter
1151 630 1430 684 accipiendum
1462 631 1541 671 sit:

98 687 222 726 dabat
259 690 366 727 enim
404 698 544 727 revera
579 689 783 739 geminum
826 686 1031 725 baltheum
1051 715 1063 735 ,
1105 687 1175 738 qui
1222 686 1342 724 ambo
1383 699 1470 724 sese
1500 685 1541 725 in

98 740 278 782 humeris
306 749 344 782 et
371 749 532 795 pectore
564 743 844 781 decussarent:
875 741 1092 796 symbolice
1120 748 1255 779 tamen
1282 741 1387 779 idem
1420 740 1542 792 signi-

100 795 259 846 ficabat,
297 797 509 837 Aschnaso
543 797 793 836 commissam
810 811 892 836 esse
911 810 1048 835 curam
1078 809 1214 835 rerum
1242 802 1326 834 tam
1354 794 1541 849 politica-

101 865 221 902 rum,
262 866 382 906 quam
411 852 659 892 militarium.
718 853 779 891 Ex
808 851 869 890 his
897 850 1069 891 baltheis
1097 853 1179 890 nati
1219 858 1313 889 sunt
1349 850 1542 891 conlonoe

99 913 172 944 aut
196 907 420 959 prandeac,
459 906 658 958 caerulei,
694 907 897 956 aurantii,
942 907 1057 945 rubri
1084 905 1304 945 aliorumve
1333 904 1540 955 colorum,

99 961 248 1014 quibus
281 969 477 1000 ornantur
502 964 655 1016 equites
697 963 901 1002 variorum
943 961 1132 1002 ordinum
1150 991 1162 1011 ,
1198 961 1237 999 le
1270 962 1418 1001 cordon
1455 961 1541 1001 hleu

99 1022 191 1064 ete„
221 1030 325 1069 quae
357 1024 465 1056 nota.

211 1070 266 1110 A.
289 1071 332 1111 6.
355 1071 466 1126 [7¹o,
488 1073 575 1125 22.]
604 1070 926 1124 χρυσοστοριόυ.
983 1071 1048 1110 Sic
1082 1070 1361 1123 compendiose
1389 1069 1539 1110 dictum

100 1136 176 1178 pro
204 1126 357 1180 integro
386 1125 688 1181 χρυσοϊστορίῳ
703 1155 714 1176 ,
748 1126 857 1180 quod
876 1141 918 1180 p.
934 1125 1029 1178 433.
1054 1128 1106 1165 D.
1121 1126 1159 1178 4.
1182 1126 1353 1165 habetur
1379 1133 1419 1164 et
1438 1126 1539 1165 nihil

101 1178 212 1232 aliud
243 1188 303 1220 est
330 1195 418 1220 mea
444 1182 637 1221 sententia
653 1211 664 1227 ‚
697 1196 816 1234 quam
846 1181 928 1220 sala
949 1181 1067 1234 plena
1086 1182 1225 1220 statuis
1245 1182 1412 1234 aliisque
1439 1184 1540 1220 ima-

99 1232 260 1287 ginibus
297 1238 441 1275 aureis.
501 1237 739 1275 Coniectura
779 1237 908 1286 enim,
964 1251 1044 1289 qua
1097 1233 1403 1287 χρυσηστόριον
1439 1237 1537 1275 olim

100 1289 199 1328 mihi
227 1290 439 1330 videbatur
459 1305 543 1330 esse
585 1291 668 1330 sala
693 1291 823 1331 aureis
850 1293 989 1330 storeis
1018 1291 1080 1330 vel
1109 1291 1306 1344 tapetibus
1334 1292 1500 1330 instrata
1522 1322 1535 1342 ,

101 1345 198 1382 item
225 1344 325 1392 alia,
354 1360 433 1399 qua
461 1345 671 1384 v1debatur
702 1345 805 1385 male
832 1348 1022 1399 seriptum
1052 1353 1120 1384 aut
1138 1345 1417 1398 compendiose
1442 1360 1536 1400 pro-

102 1397 228 1438 latum
255 1414 329 1453 pro
355 1396 803 1453 χρυσοκονσιστόριον,
838 1415 944 1439 nunc
974 1402 1116 1439 merito
1144 1401 1340 1453 displicet.

213 1453 263 1496 A.
285 1470 327 1509 7.
348 1455 440 1508 [711
459 1483 472 1503 ,
506 1453 561 1507 2.]
604 1453 790 1504 καμίσιν.
844 1456 933 1494 Mos
972 1463 1054 1503 est,
1097 1470 1216 1508 quem
1244 1457 1324 1493 iam
1351 1454 1446 1494 alibi
1475 1457 1538 1496 his

101 1510 146 1547 in
177 1510 282 1548 notis
307 1511 506 1562 tetigimus
534 1513 587 1560 (v.
611 1524 653 1561 p.
690 1509 780 1550 135.
809 1510 863 1548 A.
895 1511 970 1563 9.),
999 1512 1039 1548 in
1069 1511 1170 1549 aulis
1189 1511 1471 1549 ottomannica
1498 1519 1539 1550 et

100 1563 265 1603 Persica
292 1565 411 1603 hodie
439 1564 570 1603 adhue
598 1564 805 1614 obtinens,
835 1573 879 1603 ut
907 1565 1096 1604 Sultanus
1121 1565 1186 1604 vel
1228 1579 1294 1604 rex
1323 1565 1539 1605 Persarum

101 1619 310 1671 praefectis
340 1620 638 1672 provinciarum
666 1633 734 1658 seu
762 1621 803 1657 in
831 1621 1118 1672 praefecturam
1137 1634 1248 1659 suam
1280 1621 1539 1660 immittendis

102 1675 144 1711 in
172 1675 330 1727 signum
358 1675 643 1721 investiturae,
690 1688 759 1713 seu
799 1676 841 1712 in
883 1676 1133 1728 praefectura
1177 1675 1462 1714 confirmandis
1494 1677 1535 1715 in

100 1728 259 1781 signum
285 1728 583 1770 benevolentiae
603 1736 642 1768 et
669 1730 979 1768 confirmationis
995 1761 1007 1781 ,
1029 1730 1209 1768 trabeam
1228 1731 1374 1780 mittat,
1403 1734 1537 1783 (quot-

103 1784 218 1822 annis
258 1784 300 1822 id
326 1786 518 1837 contingit
546 1784 649 1834 illis,
681 1786 750 1837 qui
778 1786 820 1822 in
848 1793 982 1837 sporta
1010 1799 1082 1823 sua
1108 1787 1341 1824 continuant
1353 1788 1379 1837 ,)
1414 1800 1538 1838 quam

100 1840 232 1897 3³15,
264 1848 470 1896 Challam,
501 1851 734 1899 nominant,
774 1850 880 1888 unde
916 1857 1098 1888 nostrum
1132 1865 1181 1889 en
1206 1850 1313 1889 Gala
1340 1851 1533 1890 manavit.

103 1903 281 1954 Mittitur
297 1903 395 1942 haec
413 1903 551 1943 trabea
578 1919 650 1958 per
677 1905 950 1943 mandatorem
979 1907 1154 1958 regium,
1187 1907 1256 1958 qui
1284 1905 1335 1944 de
1360 1905 1534 1944 adventu

103 1971 177 1999 suo
195 1957 248 1996 ad
262 1958 506 2010 praefectum
521 1961 697 1998 nuntiari
717 1967 845 1999 curat.
872 1960 1099 1998 Praefectus
1114 1960 1228 1998 illum
1259 1960 1412 1999 solenni
1444 1975 1536 1999 cum

102 2026 252 2066 pompa
279 2020 388 2052 extra
427 2016 586 2053 moenia
623 2016 663 2053 in
700 2030 795 2068 agro
835 2029 929 2053 suae
954 2015 1132 2068 capitalis
1164 2017 1331 2067 exeipit,
1374 2015 1535 2054 obviam

105 2067 328 2106 mandatori
358 2069 576 2121 procedens
603 2084 695 2108 cum
723 2077 807 2108 tota
835 2084 904 2108 sua
933 2071 1183 2120 comitativa,
1215 2084 1320 2109 nova
1338 2077 1377 2108 et
1403 2069 1536 2122 splen-

102 2122 199 2161 ‘dida
226 2128 337 2161 veste
363 2123 537 2162 indutus.
597 2125 713 2163 Hauc
740 2131 895 2163 exutam
933 2125 1053 2163 tradit
1078 2132 1117 2163 et
1144 2125 1266 2164 donat
1294 2125 1535 2175 mandatori,

105 2184 144 2215 et
172 2184 371 2230 acceptam
401 2178 453 2217 ab
482 2193 528 2217 eo
555 2179 726 2218 invicem
752 2179 931 2218 trabeam
960 2178 1230 2218 Solthanicam
1256 2180 1408 2229 induit3
1451 2181 1534 2220 vid.

97 2228 226 2271 vPetro
266 2231 371 2271 della
403 2232 520 2272 Valle
558 2234 633 2272 IV.
666 2234 730 2276 26.
757 2235 834 2287 Ep.
875 2235 1060 2273 Itinerar.
1118 2235 1222 2274 Hinc
1247 2238 1424 2274 manavit
1450 2237 1535 2288 ipsa

95 2310 181 2336 *vox
208 2288 345 2345 ὼ,
381 2297 503 2336 Gala.
562 2298 765 2349 Significat
790 2299 895 2337 enim
923 2294 1099 2349 ἔκδυμα,
1128 2309 1271 2338 vestem
1289 2330 1300 2347 ,
1330 2314 1430 2354 quae
1458 2315 1535 2340 ex-

105 2353 211 2390 uitw·
227 2382 238 2398 ‚
270 2365 350 2390 non
378 2367 477 2406 quae
508 2351 698 2392 induitur.
755 2354 876 2403 Quod
904 2355 1050 2392 mirum
1079 2354 1180 2393 forte
1207 2355 1403 2394 videatur.
1454 2355 1535 2394 Sed

100 2406 222 2455 ¹facile
249 2406 499 2458 concipitur,
542 2409 574 2446 si
615 2408 726 2461 origo
754 2409 935 2447 dictionis
963 2416 1173 2461 spectetur.
1230 2410 1404 2460 Quando
1433 2411 1535 2450 Ara-

105 2459 177 2500 bes
210 2461 430 2513 significare
462 2461 604 2499 volunt
630 2461 800 2515 aliquem
829 2477 852 2501 a
878 2465 1029 2516 potenti
1065 2463 1200 2517 aliquo
1239 2465 1328 2503 viro
1357 2466 1535 2518 principe

104 2516 249 2568 insigni
278 2515 430 2554 bonore
448 2516 632 2555 affectum
659 2517 775 2556 fuisse
794 2546 806 2567 ,
838 2517 1000 2556 dicunt:
1034 2519 1125 2556 talis
1150 2519 1216 2557 vel
1240 2520 1330 2558 taleis·
1351 2521 1534 2574 princeps

105 2571 216 2608 exuit
251 2579 393 2608 vestem
430 2585 541 2609 suam
578 2586 692 2625 super
718 2573 816 2610 hunc
844 2573 910 2610 vel
933 2573 1042 2611 illum
1058 2603 1068 2620 ‚
1111 2573 1154 2612 id
1184 2580 1241 2612 est
1268 2573 1432 2613 donavit
1458 2576 1532 2627 ipsi

99 2631 280 2674 vestem,
319 2639 439 2677 quam
471 2626 551 2678 ipse
580 2640 747 2678 corpore
783 2641 855 2665 suo
881 2635 1117 2679 gestaverat.
1176 2629 1315 2682 Neque
1352 2631 1534 2682 incogni-

108 2677 174 2716 tus
205 2685 290 2718 erat
318 2679 384 2718 ille
411 2694 497 2719 mos
526 2681 834 2733 Imperatoribus
864 2683 1036 2721 Graecis.
1066 2683 1218 2722 Nicetas
1246 2690 1354 2723 certe
1385 2699 1426 2737 p.
1442 2698 1528 2724 100.

107 2730 234 2774 B·ed.
266 2733 445 2776 Venetae
471 2742 623 2786 narrat,
656 2735 884 2777 manuelem
914 2736 1095 2791 Gabrae,
1133 2738 1287 2779 Sultani
1315 2739 1531 2780 lcouiensis
