1832 3126
164 203 240 246 An
276 201 572 246 coNsTm.
610 199 808 243 Pomm.
848 201 920 242 nr:
957 199 1140 243 cnam.
1180 200 1282 242 Lm.
1321 202 1354 242 ι.
1413 172 1519 239 ὶ53

84 304 208 348 codex
244 320 398 360 semper
438 312 615 345 nostram
647 304 862 344 editionem
898 303 1116 343 novenario
1148 310 1320 356 superet.
1377 302 1454 344 Ex.
1479 316 1516 346 e.

83 369 207 417 eaput
231 361 348 402 nobis
373 362 440 400 31.
468 368 525 400 est
546 360 671 400 codici
698 358 785 411 40„
818 357 934 397 nobis
950 372 1020 412 92.
1035 366 1094 398 est
1112 358 1238 397 codici
1267 371 1358 400 101.
1414 358 1520 398 Mal-

84 417 166 457 lem
188 416 240 457 ab
256 417 334 456 hoc
353 416 590 456 numerandi
608 414 748 454 ordine
769 413 984 452 discessum
1004 427 1086 452 non
1108 413 1243 453 fuisse.
1299 414 1378 454 Sed
1395 428 1521 467 quum

83 485 168 511 non
193 479 351 511 tantum
372 471 554 510 decessor
577 483 687 510 meus
702 499 715 519 ‚
748 467 818 508 sed
843 475 883 507 et
908 468 1039 507 Maius
1066 469 1122 508 ita
1149 470 1365 508 instituerit
1387 483 1522 508 nume-

83 541 175 567 rare
198 528 330 581 capita
346 556 359 576 ‚
391 533 438 566 ut
461 527 502 564 in
521 525 598 564 hac
631 525 805 564 editione
834 523 1097 576 conspicitur,
1137 523 1256 563 debui
1287 539 1354 564 eos
1382 526 1424 563 in
1455 523 1524 568 illa

83 581 240 636 reliqua
277 581 370 622 libri
397 580 515 634 primi
550 586 690 634 parte,
728 592 832 630 quae
855 577 930 618 sub
966 578 1093 618 oculis
1122 580 1219 617 meis
1248 593 1387 619 excusa
1417 579 1523 632 suit,

83 638 213 691 sequi.
271 635 381 688 Quid
404 641 539 674 autem
563 634 835 683 desideretur,
863 647 934 673 seu
959 632 1092 686 qualia
1120 635 1381 674 tractaverint
1404 648 1526 688 argu-

87 698 224 731 menta
250 691 319 731 illa
344 690 475 743 capita
489 719 501 740 ,
535 703 637 743 quae
662 689 890 743 perierunt,
926 687 1036 728 haud
1066 687 1225 728 difficile
1254 697 1312 728 est
1341 691 1524 742 assequi,

85 746 120 786 ai
150 745 250 786 ordo
265 775 278 798 ,
316 759 438 799 quem
470 752 610 784 auctor
642 745 817 784 instituit
833 774 845 794 ,
891 743 1180 783 consideretur.
1235 743 1375 798 Coepit
1394 746 1526 798 primo

27 826 32 830 -
87 802 219 856 capite
260 799 484 854 generalem
521 800 651 840 ideam
693 799 991 853 processionum
1036 813 1240 838 sacrarum
1270 801 1312 838 in
1346 800 1530 853 exemplo

114 857 348 896 rocessionis
387 855 439 895 ad
477 855 520 894 S.
561 855 751 908 Sophiam
779 856 823 894 in
860 854 958 894 festo
983 853 1209 893 Nativitatis
1236 854 1384 894 Christi
1413 855 1524 895 dare.

85 869 244 950 Beinde
265 910 393 951 voluit
418 908 538 950 simul
563 917 655 950 ante
679 910 814 950 omnia
837 909 985 948 referre
1010 909 1113 949 Acta
1137 907 1201 948 vel
1226 909 1363 950 laudes
1395 911 1527 964 Impe-

86 966 286 1006 ratoribus
317 966 525 1005 occasione
563 965 708 1005 talium
744 965 1041 1018 processionum
1069 965 1147 1004 dici
1178 963 1327 1004 solitas.
1385 965 1529 1019 Itaque

88 1028 179 1081 post
204 1023 397 1061 recensita
420 1021 523 1060 Acta
547 1020 637 1061 festi
662 1020 892 1061 Nativitatis
920 1019 1093 1069 Christi,
1129 1020 1402 1073 Epiphaniae,
1447 1021 1530 1062 Pa·

88 1075 238 1116 schatis
255 1106 267 1128 ‚
305 1076 603 1129 Antipaschatis
618 1105 630 1126 ‚
676 1077 1059 1128 Mesopentecostes‚
1095 1075 1376 1127 Ascensionis,
1416 1077 1530 1117 venit

89 1131 256 1170 tandem
285 1129 364 1171 hoc
389 1145 498 1171 nono
521 1133 649 1186 capite
676 1131 729 1170 ad
752 1131 853 1171 Acta
881 1131 1134 1171 Pentecostes
1146 1160 1160 1181 ‚
1196 1145 1321 1184 eaque
1349 1145 1423 1185 per
1445 1134 1530 1187 pri·

89 1199 177 1226 mos
192 1186 274 1226 duo
290 1187 560 1240 paragraphos
584 1186 763 1227 eiusdem
785 1191 977 1226 recenset.
1012 1187 1150 1236 Quum
1168 1187 1301 1239 itaque
1324 1201 1427 1240 quae
1438 1195 1532 1241 post

93 1242 267 1281 verbum
293 1239 489 1292 ἀξιώσει,
517 1256 589 1282 seu
614 1243 734 1282 finem
753 1241 916 1282 secundi
935 1241 1174 1295 paragraphi
1201 1249 1448 1295 sequuntur,
1478 1243 1532 1283 ad

92 1294 172 1335 boe
202 1303 321 1350 caput
357 1311 440 1336 non
465 1298 714 1350 pertineant,
753 1305 792 1336 et
830 1297 1028 1351 supersint
1060 1296 1211 1351 aliquot
1239 1297 1322 1337 dies
1359 1297 1447 1337 festi
1486 1300 1531 1338 in

92 1358 284 1391 aestatem
310 1358 350 1392 et
376 1359 615 1392 autumnum
647 1353 864 1391 incidentes
884 1381 896 1403 ,
932 1366 1105 1405 quorum
1136 1351 1239 1391 Acta
1261 1358 1307 1391 ut
1331 1354 1450 1392 etiam
1467 1353 1532 1393 dev

92 1406 365 1458 scriberentur
385 1421 459 1462 par
487 1415 573 1447 erat
587 1439 597 1455 ‚
632 1415 672 1447 et
694 1409 875 1447 instituto
895 1406 988 1446 libri
1016 1421 1238 1459 congruum
1253 1436 1265 1458 ,
1301 1414 1341 1446 et
1364 1421 1388 1447 a
1406 1407 1532 1448 lecto·

96 1460 212 1500 ribus
237 1475 398 1515 quoque
421 1463 745 1515 exspectabatur3
777 1461 992 1503 verisimile
1014 1462 1111 1502 mihi
1136 1475 1182 1500 ex
1208 1476 1256 1502 eo
1281 1461 1347 1510 fit,
1383 1465 1530 1516 capita,

96 1529 203 1568 quae
229 1516 324 1555 olim
347 1516 508 1556 filerunt
523 1546 534 1565 ,
568 1525 607 1556 et
635 1531 658 1557 e
684 1524 822 1556 nostro
856 1518 991 1556 codice
1018 1516 1275 1565 exciderunt,
1311 1516 1414 1556 Acta
1442 1517 1533 1558 illo·

97 1584 191 1610 rum
218 1570 407 1610 festorum
436 1572 635 1611 recitasse.
692 1573 848 1611 Deinde
871 1573 1059 1611 resumsit
1087 1578 1227 1610 auctor
1251 1573 1534 1618 tractationem

97 1625 152 1664 de
182 1626 276 1678 ipsis
306 1627 623 1679 processionibus
637 1657 650 1680 ‚
686 1633 727 1666 et
766 1626 1014 1680 singulorum
1040 1626 1230 1666 festorum
1262 1628 1534 1680 processiones

98 1682 263 1720 seorsim
284 1688 487 1721 exsecutus
508 1681 598 1721 fuit.
658 1682 786 1735 Igitur
812 1696 860 1721 ea
880 1682 1063 1734 quidem,
1104 1695 1207 1734 quae
1235 1695 1258 1720 a
1286 1695 1385 1721 voce
1412 1678 1537 1722 ἔνθεν

95 1736 300 1788 incipiunt
317 1763 330 1786 ,
365 1745 567 1789 exponunt
590 1739 691 1776 ritus
713 1738 972 1791 processionis
992 1735 1185 1790 paschalis
1199 1765 1210 1786 ,
1240 1736 1369 1789 qualis
1393 1751 1536 1790 nempe

95 1791 186 1844 ipso
217 1791 282 1830 die
318 1791 418 1830 festo
453 1792 657 1831 Paschatis
688 1794 840 1846 primo,
876 1794 944 1845 qui
978 1792 1138 1844 proprie
1170 1791 1326 1830 Pascha
1363 1792 1534 1843 dieitur,

96 1853 262 1899 peracta
291 1845 384 1886 fflit.
440 1847 586 1900 Liquet
607 1847 684 1887 hoc
706 1862 751 1886 ex
773 1847 861 1886 loco
879 1861 920 1899 p.
944 1848 1012 1898 40.
1037 1847 1082 1885 C.
1100 1875 1111 1896 ‚
1139 1846 1210 1884 ubi
1235 1846 1381 1885 dicitur
1397 1876 1410 1897 ‚
1450 1861 1538 1900 pro·

102 1915 212 1940 ceres
229 1930 242 1953 ,
289 1899 387 1940 dum
422 1901 658 1955 Imperatori
692 1905 798 1956 pacis
830 1900 1014 1941 osculum
1049 1902 1088 1941 in
1116 1899 1266 1954 templo
1293 1902 1335 1940 S.
1366 1902 1537 1954 Sophiae

104 1963 198 1995 ante
222 1957 543 1997 communionem
567 1958 688 2008 dant,
722 1957 834 1996 humi
863 1971 945 1996 non
975 1957 1180 2010 procidere
1201 1963 1365 2009 propter
1391 1957 1539 1997 festum

100 2011 429 2061 Resurrectionis,
487 2013 767 2065 προσκυνοῦσι
796 2008 870 2052 τὸν
907 2011 1083 2063 βασιλέα
1117 2006 1177 2063 μή
1207 2011 1423 2058 πίπτοντες
1464 2008 1536 2051 διὰ

99 2062 181 2118 τὴν
217 2062 456 2106 ἀνάστασιν.
513 2068 627 2118 Quae
647 2067 774 2107 verba
807 2067 980 2106 absurda
1003 2074 1155 2116 essent,
1198 2066 1230 2105 si
1262 2063 1374 2104 locus
1394 2065 1466 2106 ille
1487 2067 1542 2107 de

101 2121 205 2161 sesto
233 2134 316 2159 non
347 2121 552 2162 Paschatis
568 2152 580 2173 ,
616 2124 685 2162 sed
713 2129 782 2161 aut
809 2124 1062 2162 Pentecostes
1088 2128 1158 2160 aut
1180 2121 1259 2160 alio
1285 2122 1428 2173 quovis
1453 2136 1540 2175 age-

102 2182 183 2215 ret.
237 2176 336 2228 Pag.
365 2174 434 2227 42.
461 2178 515 2223 D.
544 2191 585 2216 2.
617 2178 670 2217 δι’
697 2174 794 2231 ὅλης
830 2179 902 2230 τῆς
935 2172 1223 2228 διακιιήσίμου
1255 2176 1311 2214 ait
1330 2205 1341 2226 ,
1373 2190 1452 2231 per·
1482 2182 1733 2229 to·Ed.1..⁴9

106 2240 188 2277 tam
204 2232 458 2285 septimanam
468 2234 742 2282 renovationis,
767 2240 836 2272 aut
840 2233 1080 2287 paschalem.
1134 2230 1187 2270 P.
1202 2229 1271 2281 45.
1284 2231 1356 2270 A.:
1379 2229 1420 2270 εἰ
1435 2226 1539 2286 τύχῃ

108 2283 137 2337 ἦ
162 2280 287 2337 ἑορτὴ
308 2284 385 2323 τοῦ
402 2281 703 2338 εὔαγγελισμοῦ
731 2288 784 2343 τῇ
808 2283 915 2341 αὐτῇ
933 2282 1067 2341 ἡμέρᾳ
1086 2285 1162 2325 τοῦ
1180 2281 1348 2336 πάσχα,
1405 2288 1443 2325 si
1456 2287 1543 2326 dies

108 2341 418 2379 annwzciationis
436 2342 491 2380 B.
513 2341 571 2381 V.
590 2345 632 2382 in
662 2345 786 2398 ipsum
807 2344 918 2381 illum
939 2343 1046 2380 diem
1054 2341 1251 2395 paschatis
1274 2341 1437 2380 incidat.
1491 2342 1542 2383 In

106 2394 188 2434 fine
209 2395 346 2460 capitis
372 2409 414 2448 p.
447 2395 515 2447 45.
542 2398 589 2436 Β.
625 2397 724 2438 haec
758 2398 861 2451 lego:
885 2399 998 2436 τελεῖ
1021 2391 1186 2434 ἅπαντα
1211 2391 1452 2443 ἀκολούθως
1485 2393 1541 2436 τὰ

108 2450 185 2488 τοῦ
211 2464 376 2500 πασχα,
409 2447 466 2497 ὥς
491 2449 687 2505 ἀνωτέρω
720 2452 965 2505 προείρηται
980 2481 992 2501 ,
1042 2452 1200 2504 peragit
1221 2463 1350 2489 omnes
1371 2465 1542 2490 cet-emo·-

107 2505 198 2543 κίεις
210 2507 315 2556 flesti
345 2505 548 2545 Paschatis
587 2508 725 2546 ordine
752 2509 866 2562 prius
901 2507 1094 2560 exposito.
1150 2506 1289 2558 Agunt
1313 2520 1407 2558 ergo
1435 2521 1544 2558 pra&

107 2558 291 2599 cedentia
327 2559 477 2615 absque
515 2565 784 2603 controversia
822 2562 873 2602 de
910 2562 1010 2602 festo
1047 2559 1251 2602 Paschatis
1268 2589 1281 2613 ‚
1320 2575 1403 2600 non
1438 2562 1544 2601 Fen-⁴

112 2619 295 2654 tecostes.

168 2669 294 2722 37.C.
315 2670 451 2725 1.[61‚
474 2670 538 2727 9.]
569 2666 694 2726 βὴλῳ.
730 2666 1048 2723 Εἰσερχόμενοι.·
1091 2668 1315 2711 Delendum
1330 2678 1538 2725 punctum,

114 2723 223 2782 quod
250 2738 274 2763 a
298 2726 355 2764 M.
387 2726 498 2765 abest
511 2757 521 2775 ‚
562 2734 602 2766 et
629 2726 898 2766 continuanda
917 2727 1059 2766 oratio.

222 2777 272 2822 C.
297 2794 360 2821 ιο.
383 2780 472 2842 [6ι,
498 2780 584 2838 ι6.]
614 2780 686 2822 καί
710 2778 931 2835 ἐπάρχους.
989 2781 1042 2822 Hi
1076 2780 1222 2822 diversi
1254 2794 1336 2824 non
1367 2787 1460 2821 sunt
1491 2780 1544 2821 ab
