1884 3132
211 150 288 193 AD
314 146 614 192 consum.
661 143 860 186 Pomm.
899 145 971 183 m:
998 141 1193 183 -cmuM,
1235 142 1333 182 Lm.
1373 142 1407 182 1.
1466 122 1582 196 449

118 255 394 296 adumbravit
418 259 577 294 tantum
604 252 647 289 in
677 250 831 289 Latinis
848 279 859 295 ‚
902 249 1051 301 partim
1079 245 1277 300 quaedam
1302 245 1502 298 Procopio
1529 244 1580 284 de

121 325 212 352 wo
235 309 416 358 affinxit,
445 321 548 361 quae
574 320 668 344 cum
693 304 860 343 historia
881 309 1074 356 puguauh
1108 303 1237 340 Locus
1266 314 1361 354 ergo
1391 301 1447 339 sic
1475 301 1580 340 verti

123 366 332 406 :debuerat
355 379 368 404 ε
403 362 619 415 τυραννῶν
647 372 693 398 τε
720 357 873 398 αὐτίκα
905 381 925 387 -
945 380 967 387 -
995 358 1127 395 statim
1156 366 1370 407 {rammam
1400 370 1442 394 se
1467 369 1580 408 gere-

134 421 218 468 bat,
247 435 304 460 ex
382 433 406 457 o
430 430 622 456 mammam
644 423 873 469 potestatem
900 412 1116 451 invadebat
1130 441 1141 458 ‚
1156 412 1388 450 violentiam
1416 412 1582 450 ιιι-ιὶοηιζς

134 474 229 527 (τῆς
247 475 315 515 ἐπι
374 469 557 517 πόσεως,
573 470 791 509 invasionis
813 470 854 506 in
870 466 1118 520 imperialem
1138 466 1386 519 dignitatem)
1397 466 1580 505 simulato

119 531 250 572 -vultu
274 537 315 569 et
335 535 548 584 praetextu
573 524 735 580 cmficto
761 523 915 562 velans.
977 521 1183 576 Quidquid
1215 522 1318 560 enim
1340 521 1511 574 probum
1543 529 1584 560 et

133 586 335 630 Iioroestum
372 591 460 622 emt
491 582 778 626 Romanorum,
812 577 867 628 (id
899 584 958 616 est
987 589 1172 630 proceres
1187 604 1200 626 ,
1234 578 1303 628 qui
1334 582 1428 614 sunt
1461 577 1581 615 hone·-

122 649 216 679 ,stus
251 638 383 688 onlo‚)
409 639 536 692 ipsum
564 634 852 681 renuntiabant,
883 633 941 670 ad
963 631 1198 685 suffragium
1221 633 1302 685 ipsi
1322 631 1500 669 dandum
1526 639 1584 670 coc

135 694 463 734 cit-mammutium
478 690 742 746 periffllomtm
763 718 774 737 ‚
806 690 1047 739 m'sacerent
1059 715 1070 736 ‚
1094 694 1198 724 metu
1217 685 1432 740 compulsi,
1456 700 1579 739 prae·-

125 757 318 805 terquam
343 746 451 803 quod
472 746 566 784 deus
594 746 711 782 etiam
737 745 837 782 hunc
867 743 955 781 orbi
977 742 1077 780 clare
1109 741 1312 779 dominum
1334 740 1576 780 decreverat.

137 803 406 856 susceperunt
434 815 528 854 ergo
548 798 860 838 dominationem
878 795 1121 836 Iustinianus
1150 810 1196 835 ac
1221 795 1436 834 Theodora
1459 797 1581 835 tertio

134 866 232 899 ante
255 858 398 897 festum
422 854 630 896 Paschatis
655 852 720 892 die
738 883 750 900 ‚
781 847 848 892 ὅτε
876 849 926 904 δὴ
959 847 1054 890 οὔτε
1083 846 1366 890 ἀσπάσασθαί
1386 863 1581 888 nra-u-

134 914 206 954 Sic
231 911 421 968 leg.‚uno
449 902 545 950 οὔτε
566 923 658 948 cnm
685 909 814 947 tribus
838 908 1031 946 asteriscis
1059 905 1204 945 deleto.
1265 904 1378 944 Nihil
1395 906 1502 944 euim
1522 905 1577 944 ibi

134 968 271 1015 deest,
302 968 371 1007 sed
400 967 540 1007 vitiose
567 958 662 1003 οὔτε
690 977 818 1002 unum
850 963 1045 1001 abundat.

120 1023 126 1028 “
247 1023 296 1062 Β.
324 1035 360 1062 1.
380 1021 499 1077 [433‚
520 1018 581 1072 3.]
610 1015 782 1073 τετάρτῃ
819 1018 895 1057 τοῦ
937 1014 1170 1068 :mama
1228 1014 1340 1068 Ergo
1366 1014 1578 1066 falluntur,

134 1079 209 1133 qui
237 1077 404 1118 Calend.
444 1075 596 1128 Aprilis
629 1086 722 1113 eum
746 1075 851 1113 vivis
886 1073 1095 1112 excessisse
1125 1072 1253 1110 aiunt.
1311 1069 1488 1110 indictio
1519 1073 1572 1115 V.

134 1132 277 1174 incidit
300 1133 340 1171 in
363 1132 418 1171 A.
438 1131 483 1170 C.
506 1131 600 1183 527.
1189 1174 1192 1177 ὴ

246 1188 295 1226 Β.
322 1201 380 1226 ιο.
406 1185 520 1240 [453,
545 1182 631 1237 11.]
663 1179 924 1236 Νικηφόρον.
977 1183 1044 1222 De
1087 1182 1166 1221 hoc
1195 1179 1420 1234 Nicephoro
1450 1181 1580 1221 multa

135 1239 261 1282 habet
285 1241 557 1294 Luitprandus
575 1270 588 1290 ,
613 1241 682 1292 qui
707 1251 799 1277 enm
827 1239 954 1287 vidit,
978 1240 1018 1276 in
1039 1252 1089 1276 eo
1115 1236 1268 1286 libello,
1289 1249 1371 1289 quo
1391 1250 1505 1275 suam
1526 1237 1579 1276 ad

135 1298 269 1350 ipsum
297 1297 552 1350 legationem,
570 1294 731 1333 nomine
748 1295 911 1332 Ottonis
943 1294 973 1334 1.
997 1300 1215 1346 peractam,
1250 1293 1408 1345 copiose
1428 1292 1579 1331 descri-

136 1351 214 1391 bit.
271 1351 547 1404 Re'volutionis
588 1349 665 1388 hoc
697 1350 827 1401 capite
864 1348 1086 1387 luculenter
1122 1355 1330 1386 enarratae
1369 1347 1580 1385 historiam

132 1421 300 1460 quoque
325 1406 448 1444 tradit
471 1405 642 1444 Cedren.
668 1418 708 1455 p.
727 1403 824 1454 646.
882 1404 941 1442 Ex
966 1417 1013 1440 co
1029 1433 1041 1452 ,
1065 1403 1172 1454 quod
1197 1402 1274 1440 sub
1297 1402 1415 1439 finem
1437 1402 1581 1440 inscri-

136 1464 288 1514 ptionis
312 1461 484 1500 hahetiu·
516 1458 591 1498 τοῦ
620 1455 891 1511 φιλοχρίο-του
933 1455 1004 1495 καί
1040 1454 1364 1506 αἰδρειοτάτου,
1405 1458 1500 1494 item
1531 1470 1579 1495 ex

138 1531 204 1568 eo,
222 1516 332 1570 quod
358 1514 479 1568 paulo
500 1520 591 1567 post
629 1513 811 1564 sequitur
844 1510 866 1550 ὁ
896 1507 1071 1563 ειῖσεβῆς
1099 1510 1172 1549 καί
1203 1508 1474 1562 ᾳιλόχριστος
1499 1512 1581 1560 βα-

138 1571 302 1620 σιλὲῦς,
338 1571 434 1609 item
462 1584 508 1608 ex
534 1567 802 1621 appellatione
845 1563 867 1603 ὃ
899 1559 1026 1613 ἅναξ,
1070 1572 1123 1613 et,
1165 1565 1273 1617 qnod
1301 1565 1460 1602 maximi
1490 1575 1579 1604 mo*

135 1627 331 1677 menti‚.e
357 1625 492 1664 verbis
518 1639 559 1677 p.
594 1622 688 1661 252.
726 1621 781 1660 A.
802 1621 838 1658 5.
861 1618 984 1658 αὕτοί
1010 1621 1170 1670 μᾶλλον
1202 1619 1264 1673 [id
1302 1626 1362 1658 est
1393 1616 1579 1669 ’μάλιστα

137 1689 211 1721 aut
246 1682 395 1734 magis,
433 1693 555 1733 quam
584 1679 669 1730 ipse
702 1674 991 1728 Nicephorus]
1018 1671 1271 1718 σπεύσαντες
1308 1672 1382 1728 βίᾳ
1419 1674 1493 1712 καί
1514 1671 1578 1727 μὴ

136 1732 390 1788 βουλόμενον
435 1731 564 1774 αὕτὸν
601 1726 882 1783 ἀνηγόρευσαν
921 1729 1118 1780 βασιλέα,
1154 1729 1298 1781 colligo
1338 1729 1579 1781 particulam

132 1791 270 1842 hanc,
308 1804 412 1844 quae
456 1790 506 1828 de
533 1787 763 1839 Nicephoro
807 1786 908 1838 agit,
949 1784 1001 1822 ab
1032 1785 1117 1822 eius
1162 1783 1296 1836 aliquo
1331 1781 1475 1822 cliente
1507 1792 1577 1823 aut

138 1845 298 1884 officiali
339 1845 557 1897 profectam
585 1856 695 1892 esse3
730 1839 928 1893 valdeque
968 1841 1092 1877 miror
1107 1868 1118 1888 ‚
1157 1838 1226 1890 qui
1258 1840 1432 1891 potuerit
1466 1839 1576 1878 Con³

132 1901 335 1940 stanfinus
356 1900 519 1948 Iunior,
547 1897 717 1936 Romani
746 1895 876 1944 filius,
913 1896 948 1933 ei
979 1902 1040 1932 tot
1068 1893 1252 1932 laudibus
1289 1893 1421 1931 vitrici
1451 1894 1577 1932 refer²

133 1962 204 1994 tae
237 1954 371 1995 locum
406 1956 447 1992 in
483 1968 558 1992 sua
593 1950 826 1991 collectione
850 1950 1006 1997 facere,
1037 1951 1069 1987 si
1096 1948 1216 1987 modo
1253 1947 1504 1987 Constantini
1526 1950 1578 1987 sit

130 2010 261 2049 codex
277 2039 290 2060 ,
335 2023 456 2062 quem
481 2015 712 2048 tractamus.
786 2006 873 2044 Non
915 2012 1048 2042 tamen
1084 2003 1188 2042 male
1220 2017 1351 2056 neque
1376 2004 1577 2043 immerito

132 2065 312 2104 tributae
338 2065 505 2102 fuerunt
537 2063 628 2102 illae
663 2060 800 2100 laudes
832 2059 1082 2112 Nicephoro‚
1116 2072 1235 2111 quem
1255 2060 1394 2096 virum
1430 2058 1576 2097 sortem

132 2127 180 2160 *et
223 2121 440 2172 sapientem
474 2125 516 2157 et
551 2117 718 2171 gloriam
748 2115 1014 2168 ultimumque
1044 2126 1168 2166 paene
1200 2111 1375 2151 fulcrum
1420 2114 1574 2152 ruentis

133 2175 295 2228 «imperii
327 2173 469 2212 Graeci
506 2173 625 2212 fuisse
652 2177 829 2220 constat3
866 2166 937 2209 τὸν
962 2164 1266 2220 βασιλεύτατον
1292 2168 1350 2220 τῷ
1375 2160 1467 2206 ὄντι
1497 2167 1578 2206 Naa

132 2227 324 2284 αηφόρον
349 2225 423 2267 τὸν
451 2227 608 2266 Φῶκαν
634 2223 708 2266 τὸν
734 2221 811 2276 τήν
837 2221 959 2275 ἰσχὺν
993 2219 1196 2274 ἡρωϊκὸν,
1228 2219 1301 2259 καί
1332 2217 1464 2260 πολύν
1499 2218 1576 2272 τήν

137 2280 307 2324 σύνεσιν
334 2298 425 2322 eum
467 2281 641 2337 appellat
673 2281 826 2319 Nicetas
858 2294 946 2332 pag.
981 2292 1067 2317 110.
1099 2278 1152 2315 D.
1179 2277 1244 2315 ed.
1269 2277 1455 2315 Venetae.
1511 2277 1576 2315 De

136 2353 251 2379 more
275 2338 438 2377 illorum
470 2345 697 2389 temporum
729 2336 962 2373 constitutos
1003 2331 1341 2384 imperatoribus,
1386 2331 1574 2384 regibus,

134 2394 309 2434 ducibus
327 2401 399 2433 etc.
417 2392 715 2431 minorennibus
746 2397 899 2428 tutores
928 2390 1209 2440 Imperatores,
1250 2399 1359 2438 reges
1374 2416 1385 2436 ‚
1424 2387 1571 2434 duces,

138 2449 422 2498 renuntiandi,
453 2446 668 2487 coronandi
705 2452 743 2483 et
782 2458 855 2496 pro
883 2443 1032 2482 talibus
1051 2441 1315 2494 agnoscendi,
1343 2441 1470 2479 donec
1494 2450 1573 2493 pua

137 2500 544 2557 pilli‘adolescerent‚
579 2501 657 2554 egit
679 2501 746 2537 Du
781 2499 913 2551 Gange
937 2512 978 2535 v.
1005 2497 1185 2544 limem,
1211 2503 1252 2534 et
1281 2495 1458 2549 exempla
1487 2499 1573 2535 eius

138 2557 196 2596 ibi
225 2558 413 2611 protulit,
443 2558 587 2610 quibus
623 2556 697 2594 hoc
723 2568 883 2607 quoque
907 2553 1121 2604 Nicephori
1148 2551 1309 2589 Phocae
1338 2558 1378 2590 et
1413 2551 1573 2589 Ioannis

143 2611 386 2660 Tzimiscae‚
413 2614 506 2652 item
542 2610 711 2649 Romani
729 2609 941 2662 'Lecapcni
967 2612 1097 2660 potest
1130 2606 1248 2654 addi,
1290 2607 1360 2658 qui
1390 2608 1574 2658 quamvis

143 2665 406 2718 Imperatores
431 2668 634 2712 audirent,
662 2673 700 2704 et
723 2671 767 2702 ut
789 2663 888 2702 tales
915 2662 1241 2711 honorarentur,
1272 2675 1414 2701 revera
1438 2668 1571 2700 tamen

135 2723 418 2761 -tantimimodo
435 2723 772 2760 administratores
790 2724 919 2758 erant.

193 2796 455 2832 Constantinus
479 2797 654 2843 Porphyr.
686 2796 763 2830 Vol.
788 2795 835 2828 Il.
1265 2804 1311 2838 29
