1884 3132
299 106 415 175 2118
628 122 701 164 ιο.
742 119 848 162 1Αο.
887 120 1084 161 musica
1133 118 1513 162 commmffln

298 225 375 268 κὸν
415 221 592 277 ποιήσας
646 220 722 263 καὶ
758 219 804 262 τὰ
844 222 1010 275 πρῶτον
1045 221 1169 273 βαΐον
1208 221 1385 274 παίξας,
1427 217 1588 274 ἅρματι
1613 221 1747 278 λευκῷ

300 275 637 333 ἑποχησὰμενος,
681 286 721 318 et
759 279 828 318 Du
860 279 995 332 Gange
1034 292 1076 318 v.
1134 278 1247 334 Equi
1265 279 1372 330 albi,
1412 280 1483 332 qui
1512 279 1672 318 abunde
1695 279 1747 318 de

301 337 381 376 illis
398 336 492 386 egit.

410 391 458 430 B.
481 389 524 430 6.
556 387 670 444 [415,
694 388 781 444 15.]
812 386 884 429 τὸν
921 383 1041 440 ἅγιον
1067 385 1271 440 Ἰωάννην
1299 384 1372 427 τὸν
1393 384 1650 441 Βαπτιστὴν.
1675 389 1751 428 So-

302 446 440 486 lebant
461 446 557 484 novi
595 445 883 497 Imperatores,
931 452 1146 497 antequam
1182 443 1223 481 in
1258 443 1401 482 urbem
1449 445 1675 492 intrarent,
1706 445 1749 483 in

303 502 499 555 templum
533 500 578 539 S.
617 500 776 540 Ioannis
809 501 1009 553 Baptistae
1044 513 1113 538 seu
1138 498 1354 538 Prodromi
1393 498 1620 548 divertere,
1668 500 1753 538 sive

302 564 350 596 ut
369 558 426 596 ibi
455 556 671 595 donarium
699 555 948 608 deponerent
968 556 1009 592 in
1034 554 1177 603 altari,
1206 568 1309 606 quae
1337 555 1440 592 ratio
1465 553 1530 593 hic
1557 553 1753 607 allegatur

303 611 346 651 in
371 619 509 652 nostro
530 610 690 656 codice,
726 612 809 650 sive
833 618 879 649 ut
906 611 1169 663 Imperatores
1191 609 1246 647 ibi
1275 610 1627 660 renuntiarentur,
1649 623 1753 662 quae

304 683 424 707 causa
464 682 511 707 cx
549 666 732 705 Cedreuo
768 666 1028 718 intelligitur,
1066 666 1150 703 sive
1175 665 1340 703 tandem
1365 672 1411 703 ut
1437 678 1462 702 a
1502 671 1590 703 toto
1613 671 1754 703 senatu

306 722 439 762 aulico
465 724 505 761 in
541 734 709 774 corpore
738 719 791 760 ibi
824 721 1093 760 salutarentur
1130 727 1169 758 et
1197 719 1309 759 velut
1335 719 1568 773 homagium
1601 721 1754 772 accipe-

305 786 411 818 rent.
487 777 679 816 Solebant
717 777 825 815 enim
881 790 1066 829 proceres
1109 774 1166 814 ibi
1226 776 1540 828 Imperatorem,
1598 776 1757 828 quoties

308 836 350 872 in
399 833 542 872 urbem
589 833 776 884 veniret,
819 833 901 870 sive
935 845 1073 870 recens
1132 838 1311 869 creatam
1332 859 1344 880 ,
1391 831 1475 871 sive
1505 830 1585 869 iam
1634 837 1752 869 vetu-

309 897 444 938 stum,
473 888 530 927 ibi
558 889 749 939 excipere.
809 887 904 925 Vid.
935 885 1351 940 Contin.Theophan.
1374 898 1416 939 p.
1449 899 1511 924 12.
1542 884 1586 925 C.
1609 891 1649 923 et
1677 884 1754 924 Ce-

309 942 424 983 ‹lren.
449 957 489 996 p.
519 941 614 994 485.
636 943 683 981 Β.
731 957 771 997 7.
790 949 829 980 et
859 941 954 987 752.
986 941 1034 980 C.
1064 956 1100 979 c.
1133 940 1203 979 fin.
1262 941 1371 979 Idem
1390 953 1482 994 pag.
1505 940 1596 990 405.
1618 941 1664 979 Β.
1688 954 1753 979 ιο.

310 1000 361 1038 de
384 999 522 1038 Phoca
544 1005 718 1051 tyranno
754 999 834 1036 ait:
857 995 1156 1048 ἀναγορεύεται
1185 993 1228 1034 ἒν
1256 996 1314 1050 τῷ
1342 996 1428 1050 ναῷ
1451 993 1527 1034 τοῦ
1554 990 1756 1048 Προδρό-

309 1067 410 1105 μου,
437 1054 681 1092 renuntiatur
709 1051 939 1107 Imperator
973 1053 1015 1089 in
1047 1051 1189 1106 templo
1210 1051 1507 1098 Praecursoris,
1550 1050 1623 1089 καί
1647 1046 1754 1100 μετὰ

312 1105 390 1147 ‹l‘v'o
425 1104 583 1161 ἡμέρας
614 1107 684 1146 ὲπί
704 1106 924 1159 βασιλικῆς
957 1100 1118 1158 ἁμάξης
1158 1100 1436 1156 καθεζόμενος
1459 1105 1520 1153 εἰς
1549 1101 1602 1145 τὰ
1634 1103 1760 1156 βασί-

312 1165 406 1203 λεια
435 1162 685 1214 εἰσέρχεται.

425 1218 471 1256 C.
493 1217 531 1256 (3.
564 1214 754 1271 [4ι4,α.]
793 1219 1039 1268 προσκυνεῖ,
1068 1210 1143 1256 ἐάν
1180 1211 1240 1267 μὴ
1278 1211 1340 1268 εἴη
1363 1211 1553 1268 nuptam).
1609 1209 1758 1253 Similis

312 1273 408 1312 huic
436 1280 474 1311 ct
503 1274 667 1324 insignis
690 1279 748 1310 est
772 1271 881 1310 locus
909 1286 1028 1324 supra
1056 1286 1096 1325 p.
1119 1271 1188 1325 95.
1211 1272 1278 1321 C.‚
1299 1285 1379 1324 quo
1407 1268 1599 1309 docemur
1613 1270 1760 1308 ob-re—

315 1330 537 1367 verentiam
565 1328 642 1366 diei
678 1327 878 1366 dominico
909 1326 1089 1365 habitam
1117 1340 1197 1365 uon
1231 1327 1441 1365 adoratum
1472 1339 1555 1364 esse
1583 1326 1760 1379 Impera-

316 1392 446 1422 torem
476 1397 522 1422 eo
554 1383 642 1421 die:
676 1381 715 1421 εἰ
740 1382 817 1431 μὲν
841 1379 918 1420 οῦκ
953 1376 1003 1434 ἦν
1036 1377 1239 1433 κυριακὴ,
1275 1379 1448 1420 ἔπιπτον
1479 1376 1611 1430 κάτω,
1629 1392 1763 1434 προσ-ν

319 1437 539 1484 κυνοῦντες
575 1434 674 1483 τοὺς
713 1431 919 1483 δεσπότας
938 1460 998 1467 --
1029 1436 1067 1476 εἰ
1092 1435 1128 1475 δ’
1159 1430 1211 1489 ἦν
1240 1431 1416 1488 κυριακὴ
1436 1465 1449 1487 ,
1481 1434 1558 1474 οὔκ
1591 1433 1762 1476 ἔπιπτον

318 1490 429 1532 κάτω
470 1491 827 1543 προσκυνοῦντες,
859 1488 966 1530 dms}
1009 1491 1139 1544 μέχρι
1175 1490 1259 1530 τῶν
1296 1485 1484 1541 γονάτων
1508 1489 1677 1531 ἐποίουν
1713 1486 1759 1530 τό

319 1548 450 1598 σέβας
471 1547 545 1599 τῆς
561 1543 890 1599 προσκυνήσεως.
919 1547 1036 1586 Conf.
1067 1562 1105 1601 p.
1128 1544 1191 1598 4ο.
1215 1547 1263 1585 C.
1288 1547 1348 1597 5.,
1367 1545 1459 1584 item
1487 1560 1528 1599 p.
1568 1560 1656 1585 101.
1683 1546 1731 1585 C.
1749 1573 1762 1593 ‚

322 1601 395 1642 ubi
424 1603 573 1641 dicitur
597 1602 871 1655 orphanorum
907 1610 1067 1641 curator
1088 1602 1152 1641 die
1190 1601 1287 1640 festo
1314 1599 1542 1655 symbolum
1573 1601 1666 1640 fidei
1690 1600 1766 1639 Ni-

319 1672 490 1697 eaenum
513 1659 553 1696 in
584 1657 820 1696 membrana
841 1659 1035 1711 scriptum
1063 1658 1299 1710 Imperatori
1324 1656 1493 1695 offerens
1519 1657 1767 1709 προσκυνεῖν

320 1710 392 1751 τὸν
417 1712 595 1763 βασιλέα
629 1708 687 1764 μὴ
730 1710 878 1759 τελέως
908 1712 1068 1752 πίπτων
1100 1710 1234 1762 κάτω,
1264 1710 1360 1751 ἄνθ’
1402 1700 1461 1751 ὦν
1484 1708 1685 1762 βαστάζει
1712 1705 1766 1749 τὰ
1821 1760 1823 1762 q

319 1763 512 1817 στ’μβολα
526 1797 538 1818 ,
567 1767 738 1806 adorare
756 1797 768 1818 ,
795 1781 873 1806 non
889 1782 1051 1823 prorsus
1074 1777 1203 1806 tamen
1223 1781 1338 1822 usque
1363 1767 1406 1805 ιή
1438 1767 1593 1805 humum
1614 1761 1762 1813 delabi,

314 1832 527 1876 propterea
576 1823 684 1877 qnod
714 1823 930 1874 symbolum
960 1838 1113 1862 sacrum
1131 1824 1263 1875 ferat.
1333 1821 1390 1860 At
1415 1834 1462 1860 eo
1503 1820 1653 1859 tradito
1683 1820 1766 1859 iam

321 1876 460 1915 πίπτει
494 1873 624 1915 κάτω.
682 1878 962 1917 Memorabilia
999 1878 1099 1917 haec
1124 1885 1217 1916 sunt
1245 1876 1395 1926 verba,
1424 1877 1618 1930 quoniam
1643 1875 1768 1928 gemi-

321 1942 420 1970 num
454 1945 577 1984 genus
613 1932 856 1972 adorationis
890 1940 1141 1984 memorant,
1179 1934 1292 1971 lumel
1317 1931 1546 1987 procidere,
1580 1938 1620 1970 et
1650 1945 1768 1986 nsque

321 1987 379 2024 acl
404 2001 532 2038 genna
552 1996 700 2026 tantum
730 1997 848 2042 caput
888 1989 1096 2027 indinare.
1177 1987 1295 2026 Prior
1322 1986 1390 2025 ille
1426 1987 1566 2026 modus
1595 1985 1676 2024 duo
1703 1985 1767 2024 di—

322 2055 460 2079 versos
490 2041 783 2094 complectitur.
843 2042 928 2081 Aut
954 2045 1060 2082 enim
1090 2042 1132 2081 in
1167 2056 1295 2095 genua
1321 2056 1392 2080 sua
1414 2041 1676 2095 procidebant
1693 2039 1767 2080 ad-

324 2104 483 2134 orantes
505 2103 544 2134 et
572 2097 691 2149 pedes
722 2098 875 2136 adorati
904 2098 1216 2147 osculabantur3
1253 2103 1322 2135 aut
1350 2099 1466 2150 proni
1497 2096 1678 2136 iacebant
1700 2102 1766 2134 to-

325 2157 368 2188 to
417 2165 583 2204 corpore
613 2155 807 2205 porrecti,
837 2167 909 2206 exp
963 2155 1014 2192 sis
1048 2152 1232 2191 manibus
1265 2152 1514 2206 pedibusque
1534 2150 1646 2191 velut
1675 2149 1768 2203 pul-

325 2219 462 2244 verem
494 2214 624 2245 terrae
662 2206 872 2261 lingentes.
931 2239 934 2243 ,
970 2207 1091 2247 radus
1127 2207 1200 2259 hos
1232 2207 1373 2247 ordine
1398 2207 1649 2262 persequitur
1675 2205 1769 2244 Odo

326 2261 376 2299 de
408 2261 567 2314 Diogilo
601 2263 718 2314 (apud
749 2263 816 2301 Du
847 2261 980 2316 Gange
998 2277 1039 2302 v.
1062 2263 1371 2314 Polychronia):
1398 2261 1685 2314 Pohvlzrom'ae
1699 2274 1771 2299 vo·

324 2322 462 2354 cantur
488 2319 747 2366 reverentiae,
783 2332 880 2373 quas
906 2333 987 2357 non
1013 2319 1136 2357 solum
1168 2319 1319 2371 regibus
1332 2347 1342 2366 ,
1369 2318 1440 2356 sed
1462 2319 1580 2356 etiam
1612 2315 1770 2370 quibus-

328 2371 422 2408 libet
451 2373 527 2409 suis
559 2373 771 2411 maioribus
801 2374 1006 2421 exhibent,
1046 2382 1163 2428 caput
1191 2383 1228 2412 et
1248 2388 1386 2428 corpus
1414 2371 1631 2411 submissius
1654 2370 1769 2408 incli-

331 2434 467 2463 nantes
485 2455 496 2474 ,
537 2427 604 2464 ‘uel
624 2427 739 2482 fixis
767 2429 810 2466 in
835 2435 980 2467 terram
1002 2429 1193 2481 genubus,
1226 2429 1293 2467 vel
1317 2429 1436 2466 etiam
1471 2441 1549 2465 sese
1578 2434 1655 2464 toto
1681 2439 1770 2464 cor-

323 2493 422 2535 por-e
451 2488 750 2534 prosternentem
822 2484 982 2522 Primus
1006 2483 1146 2522 modus
1171 2492 1288 2538 caput
1326 2491 1364 2520 et
1383 2495 1522 2535 corpus
1549 2479 1770 2519 submissius

331 2534 522 2573 inclinare
561 2544 619 2574 est
650 2540 783 2576 ποιεῖν
818 2534 862 2576 τό
911 2538 1038 2588 σέβας
1079 2538 1152 2590 τῆς
1181 2532 1496 2589 προσκυνήσεως
1535 2533 1663 2587 μέχρι
1687 2533 1771 2574 τῶν

332 2585 514 2636 γονάτων
528 2619 538 2638 ,
571 2589 740 2642 officium
779 2593 1020 2631 adorationis
1058 2608 1100 2631 us
1128 2607 1174 2631 ιιι»
1202 2593 1260 2630 nd
1286 2604 1412 2643 genna
1435 2591 1581 2641 facere
1597 2619 1608 2636 ,
1646 2588 1686 2627 id
1712 2595 1772 2628 est

334 2649 454 2692 caput
476 2658 591 2682 suurn
621 2661 746 2698 usque
770 2648 819 2685 ad
849 2662 977 2700 genua
997 2662 1068 2687 sua
1117 2649 1307 2685 emittere.
1366 2645 1462 2683 Vid.
1495 2644 1593 2683 infra
1617 2659 1657 2697 p,
1674 2642 1771 2694 546.

334 2695 381 2733 Β.
420 2711 460 2749 7.
519 2698 703 2753 Effigiem
732 2700 790 2741 sic
820 2703 1021 2743 adorantis
1055 2702 1189 2743 videre
1221 2701 1342 2741 estin
1374 2699 1602 2754 Menologio
1630 2697 1770 2740 Basili-
