1884 3132
212 165 288 208 An
329 163 627 207 consum.
668 161 864 204 ponpa.
893 162 964 202 DE
1001 160 1181 203 omum.
1227 161 1326 201 Lus.
1358 163 1409 202 11.
1461 143 1569 217 847

137 270 233 324 417.
270 269 326 307 D.
372 275 427 308 et.
457 266 552 319 426.
581 267 630 306 C.
666 274 706 306 et
739 265 834 317 436.
862 265 914 304 A.
946 264 986 304 5.
1044 265 1230 318 Agnosco
1267 272 1399 304 tamen
1441 264 1573 315 ultro,

134 330 374 378 argumenta
400 323 499 361 haec
526 336 719 375 perquam
745 320 892 360 debilia
919 334 1013 359 esse.

247 380 295 418 B.
316 377 358 418 5.
381 377 420 431 [7
431 391 494 431 19,
521 376 603 430 ¹3³]
631 373 878 428 ἑξαρτιστὴς.
935 375 1037 425 Quis
1065 374 1130 413 hic
1157 377 1369 427 integr-ator
1397 382 1465 413 ant
1486 389 1573 413 sat·-

134 443 198 473 ιω·
233 432 299 472 vel
330 441 570 471 restaurator
596 434 646 470 sit
667 463 679 482 ‚
706 446 787 469 non
827 437 987 484 exputO.
1043 430 1106 467 De
1133 438 1285 469 sai-tore
1314 433 1479 470 vestium
1506 445 1572 468 co-

130 490 261 542 gitare
292 501 372 526 non
410 487 514 525 licet.
571 486 649 525 Hic
679 487 785 525 enim
812 487 931 524 nimis
963 482 1155 533 humilis,
1192 500 1314 538 quam
1341 493 1386 524 ut
1414 488 1454 524 in
1486 485 1574 523 offi-

135 544 244 582 cium
273 543 427 596 regium
455 542 612 591 veniat;
648 549 688 580 et
723 541 866 580 Graeci
895 534 1057 592 ῥάπτην
1085 539 1150 578 vel
1179 536 1353 591 ἀκεστὴν
1384 555 1475 579 eum
1503 555 1574 593 ap-

135 597 318 651 pellant,
359 611 442 635 non
478 594 734 648 ὲξαρτιστήν.
789 596 915 633 Penes
951 608 1015 632 me
1052 594 1219 633 dubium
1248 610 1328 633 non
1359 603 1441 645 est,
1480 595 1574 634 huic

138 651 270 691 officio
296 666 389 691 cum
420 658 578 690 moneta
606 652 808 704 negotium
838 650 954 688 fnisse
971 679 982 698 ‚
1003 649 1071 687 sed
1100 650 1196 701 quid
1226 651 1387 703 proprie
1426 652 1574 703 egerit,

138 706 241 746 alius
281 707 439 745 dixerit.
497 707 653 744 Interea
691 719 835 758 negare
871 705 994 743 nolim
1034 707 1207 755 potuisse
1235 706 1395 743 Graecis
1433 719 1574 744 eorum

133 769 365 815 temporum
401 763 440 799 in
461 775 536 798 usu
565 761 711 807 fuisse,
742 768 788 798 ut
810 768 1002 798 sartorem
1030 761 1199 797 vestium
1228 756 1473 812 ε’ξαςιτιστὴν
1501 775 1572 813 ap-

138 816 363 870 pellarent,
405 829 568 869 prorsus
595 823 642 854 ut
671 816 803 854 Latini
834 824 1037 853 sartorem.
1095 815 1199 852 Nam
1229 822 1359 853 sartor
1387 822 1446 853 est
1463 843 1475 864 ‚
1505 816 1574 868 qui

138 878 291 911 sartum
322 871 440 921 facit,
466 885 547 909 non
578 877 859 908 vestamentum
886 877 1070 916 tantum,
1117 870 1187 908 sed
1226 869 1336 908 aliud
1364 870 1573 922 quodcun-

136 941 232 980 que.
287 926 342 965 Et
379 926 511 964 Latini
548 925 665 963 medii
704 939 862 977 quoque
891 934 1119 979 parator-em
1146 924 1424 978 appellabant,
1453 940 1574 978 quem

135 995 210 1020 nos
235 989 427 1020 sartorem
451 996 462 1029 ς
493 980 575 1019 vid.
608 981 675 1018 Du
708 981 839 1032 Gange
866 994 906 1018 v.
928 979 1116 1018 Par-acor.

243 1036 290 1074 B.
313 1035 355 1075 6.
378 1037 490 1090 [7¹9⁹
519 1033 602 1088 18.]
630 1035 891 1086 Χοσβαῆται.
949 1034 1121 1073 Perinde
1139 1041 1196 1072 est
1211 1035 1281 1081 sic,
1315 1034 1378 1073 vel
1403 1035 1573 1085 Xoossa-

138 1089 225 1130 ἰ”ται
252 1090 421 1137 scribas,
451 1097 498 1129 ut
536 1089 771 1143 plerumque
798 1089 896 1128 solet
924 1090 1090 1127 exarari.
1148 1089 1208 1127 lta
1233 1096 1291 1127 est
1320 1090 1361 1128 in
1392 1090 1570 1130 Glossis:

139 1145 387 1197 Χοσβαΐτης
411 1141 432 1183 ὃ
465 1143 744 1196 βεστιαρίτης.
801 1145 1035 1183 vestiaritae
1063 1144 1183 1196 igitur
1229 1152 1342 1183 erant
1381 1145 1573 1184 Chosbai-

135 1207 203 1240 tae
228 1215 392 1249 omnes,
434 1207 477 1238 at
503 1213 585 1237 non
613 1200 787 1238 vicissim
814 1213 951 1237 omnes
983 1201 1209 1238 vestiaritae
1240 1207 1353 1238 erant
1382 1200 1573 1239 Cliosbai-

134 1262 218 1294 tae.
276 1256 405 1294 Erant
434 1261 572 1292 autem
601 1254 643 1292 hi
682 1268 770 1292 mea
813 1255 1007 1292 sententia
1067 1268 1090 1292 a
1127 1253 1272 1292 calceis
1302 1262 1341 1292 et
1369 1254 1574 1294 tibialibus

137 1310 335 1363 Augusti,
364 1317 403 1348 et
430 1311 486 1348 sic
514 1309 607 1347 dicti
638 1309 689 1346 ab
718 1310 842 1357 hosis,
871 1308 979 1361 quod
1007 1310 1189 1346 hosarum
1216 1309 1334 1359 bayi,
1374 1309 1572 1348 tibialium

133 1371 177 1403 et
213 1379 420 1403 ocrearum
457 1366 571 1416 pueri
612 1363 677 1402 vel
716 1364 819 1401 servi
846 1370 988 1402 essent.
1048 1363 1168 1412 Quod
1195 1370 1249 1405 ut¹
1270 1364 1539 1402 demonstrem
1558 1395 1570 1415 ,

137 1420 313 1472 primum
340 1420 438 1458 mihi
464 1418 513 1456 de
530 1431 626 1456 voce
645 1418 722 1468 hay
739 1426 778 1456 et
805 1418 904 1469 bag,
934 1417 1077 1455 deinde
1105 1417 1154 1455 de
1180 1418 1274 1455 hosa
1300 1418 1573 1458 disserendum

138 1476 229 1513 erit.
284 1474 351 1512 Ad
378 1474 497 1524 hanc,
526 1487 648 1524 quam
679 1475 884 1525 proposui,
920 1471 1198 1524 etymologiam
1226 1487 1347 1510 manu
1373 1487 1436 1510 ine
1462 1474 1574 1512 duxit

136 1543 214 1568 vox
253 1530 440 1583 Marepai
451 1558 463 1575 ,
507 1528 736 1581 Illarepalzis
753 1557 765 1577 ,
803 1528 1027 1580 Allarepazis
1055 1533 1093 1564 et
1119 1527 1364 1580 llIarepagzZs.
1421 1528 1573 1567 Omnes

138 1585 248 1622 enim
277 1584 319 1622 hi
346 1583 495 1622 diversi
523 1589 616 1621 sunt
644 1582 752 1620 modi
780 1583 1114 1634 pronuntiationis
1141 1589 1180 1619 et
1212 1583 1437 1634 scriptionis
1467 1585 1572 1621 eius-

136 1638 231 1677 dem
269 1639 403 1687 vocis,
443 1650 546 1690 quae
596 1651 766 1689 puerum
814 1651 1034 1689 equorum,
1086 1637 1314 1687 equisonem
1365 1637 1574 1689 significat.

137 1693 368 1746 Composita
397 1691 465 1731 illa
492 1698 550 1731 est
577 1705 623 1730 ex
654 1705 749 1730 voce
778 1705 911 1739 mat-e,
947 1705 1060 1745 equa,
1092 1697 1130 1729 et
1159 1705 1245 1744 pay
1265 1721 1277 1741 ,
1314 1706 1427 1744 puer.
1483 1693 1572 1730 Ma-

137 1749 251 1787 navit
276 1748 374 1787 haec
416 1761 493 1785 vox
517 1761 605 1801 pay
640 1746 703 1785 vel
732 1747 809 1797 bay
845 1745 980 1799 plures
1017 1747 1056 1783 in
1094 1745 1264 1796 linguas.
1325 1746 1447 1799 Angli
1478 1747 1573 1786 inde

137 1803 215 1854 hoy
242 1805 509 1841 retinuerunt.
567 1801 651 1839 Nos
677 1801 809 1847 Babe,
851 1802 938 1852 bqfe
957 1831 967 1847 ,
1009 1799 1117 1838 unde
1140 1800 1175 1837 F
1176 1802 1380 1839 rancicum
1415 1801 1572 1852 bozgllbn

138 1864 179 1896 et
205 1858 424 1910 boqfimerie
438 1886 449 1906 ,
479 1857 673 1906 Bt'iberey.
727 1857 921 1907 Deinceps
950 1855 1247 1906 demonstrabo,
1267 1870 1303 1906 y
1332 1863 1370 1894 et
1406 1871 1436 1907 g
1471 1863 1511 1894 et
1536 1858 1584 1907 f

140 1918 181 1950 et
221 1926 266 1951 w
309 1926 424 1965 saepe
464 1911 568 1949 vices
595 1919 820 1963 permutare
850 1913 952 1948 inter
979 1924 1034 1948 se.
1088 1910 1171 1949 Nos
1196 1924 1354 1963 quoque
1381 1911 1571 1949 Germani

139 1980 281 2005 vocem
308 1968 384 2019 bag
409 1967 671 2013 retinuimus,
717 1973 756 2004 et
784 1966 929 2003 Franci
955 1973 1076 2017 atque
1115 1965 1206 2003 Itali
1235 1965 1354 2003 medii
1382 1967 1468 2004 aevi
1497 1979 1571 2003 no-

139 2020 295 2060 hiscum
331 2035 460 2075 pagus
477 2052 490 2070 ,
533 2035 654 2073 vagus
672 2050 683 2067 ,
728 2034 800 2073 pro
837 2019 1081 2058 adolescente
1115 2020 1286 2058 formoso
1326 2027 1367 2058 et
1407 2027 1569 2059 strenuo

139 2076 371 2115 adhibentes
390 2105 401 2125 ,
442 2075 549 2114 unde
586 2082 726 2113 natum
752 2077 866 2129 pazis
893 2081 932 2112 et
952 2089 1083 2128 page,·
1128 2075 1209 2113 vid.
1242 2076 1438 2113 Murator.
1464 2074 1562 2113 Ant.

141 2130 233 2169 Ital.
273 2132 324 2174 T.
359 2131 413 2168 ΙΙ.
445 2145 488 2183 p.
516 2130 632 2170 1325.
653 2130 745 2168 fine.
800 2130 1006 2167 Germanis
1039 2128 1134 2167 olim
1159 2129 1426 2168 terminabant
1451 2129 1569 2167 dimi-

139 2186 280 2224 nutiva
306 2188 347 2224 in
374 2186 434 2233 el,
470 2198 592 2237 quam
619 2185 950 2232 terminationem,
978 2191 1024 2221 ut
1041 2182 1216 2236 reliquae
1241 2191 1373 2236 gentes
1401 2184 1568 2223 Germa-

139 2241 253 2278 nicae
301 2253 429 2292 paene
470 2239 772 2288 oblitterarunt,
811 2239 864 2277 ita
902 2238 1014 2277 Silesi
1053 2245 1117 2284 et,
1159 2239 1191 2277 si
1237 2238 1338 2277 bene
1379 2240 1566 2286 memini,

139 2294 342 2333 Austriaci
378 2301 463 2332 tam
497 2301 632 2332 terunt
667 2293 822 2342 adhuc,
860 2300 906 2331 ut
938 2293 1053 2330 nimii
1094 2294 1135 2331 iu
1176 2306 1223 2331 eo
1261 2294 1340 2331 sint
1366 2299 1405 2331 et
1435 2295 1569 2332 omnia

170 2362 267 2387 aene
307 2346 500 2387 vocabula
529 2349 570 2385 in
597 2349 637 2386 el
661 2349 888 2391 terminent.
943 2347 1164 2399 Supersunt
1190 2354 1320 2386 tamen
1348 2347 1479 2386 adhuc
1504 2354 1567 2386 ta-

139 2362 192 2442 lia
227 2404 268 2441 in
296 2409 431 2441 nostro
460 2416 620 2455 quoque
646 2415 850 2448 sermone,
882 2401 950 2440 sed
967 2415 1117 2454 pauca,
1149 2408 1196 2439 ut
1211 2401 1400 2441 Sclaenkel
1411 2431 1422 2449 ,
1452 2401 1568 2441 Hen-

139 2457 205 2496 kel
216 2486 229 2506 ,
261 2457 409 2509 Enkel,
437 2464 477 2495 et
507 2458 673 2494 nomina
696 2456 890 2509 quaedam
917 2457 1077 2509 propria
1097 2455 1266 2494 Frenkel
1301 2463 1339 2496 et
1366 2457 1535 2495 Fmtzzel
1554 2486 1565 2506 ‚

141 2511 389 2558 Franculus,
438 2511 648 2549 Schwabel
662 2539 675 2560 ‚
720 2511 916 2549 Suevulus
955 2517 1032 2549 etc.
1098 2511 1299 2560 Quorsum
1338 2510 1438 2550 haee
1480 2525 1568 2563 spe-

142 2570 279 2605 ctant?
319 2567 408 2604 Huc
437 2579 596 2617 nempe.
651 2565 688 2603 A
728 2566 826 2616 bag,
853 2579 957 2619 puer
997 2564 1061 2603 vel
1095 2565 1337 2616 adolescens,
1382 2564 1567 2604 dicebant

141 2627 294 2659 veteres
334 2620 467 2672 hagel,
505 2620 819 2658 adolescentum.
873 2619 977 2658 Hinc
1008 2619 1224 2672 bagelarius
1263 2627 1302 2659 et
1340 2622 1565 2673 corruptius

143 2673 274 2713 adhuc
295 2675 566 2713 baccalaureus
599 2688 671 2726 pro
698 2674 841 2722 tirone,
872 2681 956 2712 tam
982 2673 1177 2723 militari,
1211 2689 1331 2728 quam
1357 2674 1565 2725 litterario,

142 2728 211 2780 qui
232 2729 411 2770 nondum
435 2728 547 2770 miles
574 2736 644 2768 aut
668 2730 854 2784 magister
881 2729 1027 2768 artium
1047 2736 1120 2769 est.
1177 2729 1295 2771 Conf.
1329 2731 1395 2770 Du
1430 2730 1565 2782 Gange
