1884 3132
329 120 444 177 686
643 139 716 182 10.
758 139 864 183 1Ac.
903 142 1098 183 amsKn
1134 140 1519 187 comm-:Numi

332 257 472 283 corum
505 251 545 283 et
586 244 854 285 barbarorum
896 246 995 295 (vid.
1036 246 1246 300 Aristoph.
1289 248 1394 288 Aves
1450 262 1493 288 v.
1525 247 1617 289 510.
1649 256 1778 306 seqq.)

334 299 563 338 columbam
590 301 853 354 reponebant,
884 302 950 340 vel
981 303 1116 356 potius
1144 303 1342 342 Graecum
1374 318 1503 358 nugax
1531 303 1676 359 vulgus
1691 309 1777 346 avi-

334 354 466 394 culam
496 370 616 408 super
647 370 764 395 cruce
813 355 979 408 videns,
1024 358 1180 411 imperii
1210 358 1381 398 Romani
1415 359 1594 412 insigne,
1625 375 1705 400 non
1737 362 1778 401 id

334 411 444 463 quod
473 418 586 462 erat,
626 411 800 464 aquilam
817 441 829 463 ,
872 413 940 451 sed
980 412 1209 451 columbam
1236 414 1406 467 putabat
1434 428 1532 453 esse.
1590 416 1779 470 Inspiciat

333 472 475 519 ectypa
507 466 790 520 diptychorum
810 467 1095 517 consularium,
1125 470 1194 521 qui
1213 470 1407 521 scipiones
1438 469 1536 509 tales
1555 483 1645 508 cum
1666 473 1781 524 aqui-

333 518 373 560 la
400 522 536 560 videre
575 523 707 575 cupit,
743 530 790 562 ut
829 537 864 561 e.
906 537 942 562 c.
973 523 1054 566 tab.
1082 524 1115 562 Ι.
1153 523 1203 562 ad
1247 524 1404 564 dissert.
1440 524 1508 563 Du
1549 524 1630 564 Can
1661 528 1687 566 ii
1725 527 1778 565 de

335 579 511 616 nummis
549 578 670 616 medii
711 579 832 628 aevi,
872 585 911 616 et
945 592 1158 617 nummum
1196 579 1411 633 Philippici
1455 581 1496 619 in
1522 579 1670 620 Fami.
1699 581 1781 636 By-

337 640 443 670 zant.
494 647 536 686 p.
574 633 664 672 116.
704 641 744 672 et
781 634 979 672 famosum
1007 634 1125 673 illum
1162 648 1374 673 nummum
1410 634 1571 674 Salustii
1614 636 1778 690 Crispi,

335 687 585 727 Constantini
616 689 675 727 M.
707 688 776 728 filii
796 718 808 740 ,
855 688 1056 739 Caesaris,
1086 691 1198 728 cuius
1233 697 1421 744 ectypum
1455 691 1684 743 nuperrime
1711 705 1778 731 re-

336 745 503 783 novavit
531 744 769 783 Franciscus
794 744 1037 784 Blanchinus
1053 775 1063 791 ,
1095 745 1148 783 V.
1168 744 1247 795 CL,
1277 746 1317 783 in
1343 745 1422 784 fine
1449 746 1701 798 praefationis
1729 747 1779 785 ad

338 799 596 838 Anastasium
625 799 1000 847 Bibliothecarium,
1030 799 1196 838 credens
1225 814 1316 839 cum
1347 800 1502 839 mirifici
1530 801 1719 840 momenti
1742 809 1782 840 et

335 857 604 907 praestantiae
634 869 729 896 esse.
786 857 916 893 Miror
947 870 1019 909 ego
1058 856 1236 908 profecto
1253 886 1264 906 ,
1294 857 1363 909 qui
1392 857 1564 909 potuerit
1592 858 1681 895 viro
1709 857 1783 895 do-

340 910 516 949 ctissimo
552 910 603 949 de
649 908 755 949 illius
782 910 926 949 fraude
964 918 1004 950 et
1050 910 1305 963 improbitate
1347 923 1428 950 non
1462 911 1712 962 suboluisse3
1741 918 1783 950 et

339 979 485 1018 quare,
519 965 587 1018 qui
616 979 828 1004 nummum
856 965 971 1004 illum
1000 966 1202 1018 corrupit,
1234 965 1416 1005 falsarius
1443 979 1466 1005 e
1492 967 1668 1019 scipione
1697 980 1783 1005 cru-

339 1034 424 1058 cem
451 1034 532 1059 non
562 1020 698 1059 fecerit
715 1050 727 1072 ,
757 1021 866 1073 quod
902 1020 1019 1060 facile
1059 1027 1242 1074 potuerat
1268 1028 1496 1060 transversa
1523 1021 1637 1060 trabe
1666 1020 1782 1060 addi·

339 1082 396 1113 ta.
456 1075 503 1114 ln
533 1089 671 1115 aversa
700 1083 807 1115 certe
835 1076 988 1114 nummi
1029 1083 1142 1128 parte
1170 1074 1373 1115 luculenta
1402 1090 1444 1115 se
1469 1076 1647 1129 produnt
1673 1077 1782 1116 frau-

339 1130 400 1168 dis
430 1130 591 1169 indicia.
667 1130 862 1170 Nummus
901 1132 984 1185 ipse
1030 1130 1193 1184 quidem
1236 1131 1425 1184 antiquus
1453 1138 1492 1170 et
1519 1131 1668 1184 probus
1696 1139 1780 1182 est3

340 1199 482 1224 verum
512 1185 770 1239 interpolavit
797 1201 890 1225 eum
918 1199 1025 1225 nova
1053 1199 1195 1224 manus
1223 1186 1264 1224 in
1292 1185 1474 1225 favorem
1502 1186 1690 1226 ecclesiae
1706 1187 1781 1226 Ro-

338 1255 497 1280 manae.
555 1242 774 1294 Nunquam
803 1243 909 1280 enim
938 1241 1152 1280 defuerunt
1180 1241 1331 1280 Romae
1352 1271 1364 1292 ,
1405 1241 1474 1294 qui
1501 1241 1603 1280 sedis
1630 1242 1782 1281 Roma-

341 1309 418 1334 nae
443 1298 745 1348 auctoritatem,
774 1311 900 1350 quum
924 1296 1077 1335 idoneis
1107 1298 1350 1349 argumentis
1377 1310 1459 1335 non
1487 1303 1663 1349 possent,
1687 1311 1783 1350 sup-

339 1351 524 1405 posititiis
566 1351 741 1402 chartis,
770 1353 946 1391 nummis
984 1359 1024 1391 et
1052 1349 1139 1390 aliis
1167 1350 1306 1390 similis
1334 1350 1487 1390 farinae
1514 1353 1784 1391 monumentis

338 1405 518 1445 stabilire
536 1405 796 1458 laborarunt,
816 1407 885 1446 sed
904 1409 1121 1456 incassum,
1160 1407 1268 1459 apud
1299 1421 1364 1446 eos
1392 1406 1578 1460 quidem,
1607 1406 1676 1460 qui
1705 1409 1782 1446 sci-

341 1470 454 1501 entes
482 1461 659 1501 volentes
687 1463 761 1501 sibi
776 1477 854 1501 non
873 1465 1082 1516 patiuntur
1112 1460 1243 1500 illudi.
1275 1462 1503 1516 Insculptus
1530 1461 1628 1501 olim
1655 1462 1785 1501 fuerat

341 1518 407 1557 isti
429 1532 596 1556 nummo
610 1519 894 1557 Constantinus
908 1520 984 1567 M.‚
1019 1519 1062 1556 in
1089 1517 1236 1556 throno
1251 1517 1408 1567 sedens,
1439 1531 1599 1556 crucem
1627 1517 1785 1556 sinistra

342 1580 506 1622 tenens,
545 1580 616 1613 aut
642 1575 857 1627 scipionem
886 1587 979 1613 cum
1004 1572 1216 1612 manubrio
1245 1579 1497 1620 transverso,
1529 1572 1667 1612 dextra
1693 1584 1786 1625 per-

344 1643 464 1668 orans
483 1658 494 1679 ,
524 1629 652 1682 capite
677 1629 874 1668 laureato.
931 1628 1009 1668 Sed
1047 1628 1227 1666 falsarius
1258 1627 1437 1666 dextram
1482 1641 1557 1680 pro
1604 1627 1785 1666 schema-

345 1692 387 1723 te
414 1686 635 1738 perorantis
664 1686 888 1738 composuit
917 1684 957 1723 in
983 1683 1151 1737 figuram
1168 1682 1290 1733 illam,
1324 1697 1403 1735 qua
1431 1683 1604 1735 pontifex
1633 1682 1785 1735 populo

344 1740 568 1790 benedicit,
618 1747 657 1779 et
700 1755 774 1793 pro
821 1753 966 1779 corona
992 1738 1168 1777 laureata
1198 1745 1356 1776 tonsam
1386 1744 1425 1776 et
1445 1737 1590 1778 ,nimbo
1615 1738 1786 1775 cinctam

345 1797 564 1848 supposuit.
633 1795 814 1834 Tandem
853 1797 896 1834 in
923 1801 1078 1833 vetusta
1107 1793 1365 1845 inscriptione
1399 1794 1584 1831 nummi:
1616 1792 1786 1831 SALVS

345 1850 422 1892 ET
452 1850 579 1889 SPES
608 1850 659 1890 R.
689 1849 980 1900 PVBLICAE,
999 1851 1103 1888 inter
1130 1846 1279 1886 litteras
1308 1848 1335 1886 S
1364 1855 1403 1887 et
1430 1849 1548 1887 Rseu
1576 1846 1682 1886 inter
1704 1854 1787 1886 ter-

347 1909 447 1944 tiam
479 1913 519 1945 et
545 1913 729 1959 quartam
761 1919 900 1944 vocem
930 1918 1048 1958 super
1075 1905 1203 1957 capite
1222 1903 1395 1942 sedentis
1423 1903 1464 1942 in
1491 1902 1637 1942 throno
1667 1902 1788 1940 infer-

349 1962 401 2000 sit
429 1961 601 2000 litteram
627 1962 667 2000 X
687 1991 698 2012 ,
729 1968 921 2014 tanquam
949 1961 982 1999 si
1010 1959 1148 1998 sedens
1176 1957 1243 1997 ille
1254 1957 1435 1997 Christus
1464 1965 1580 1997 esset.
1633 1957 1786 1996 Verum

351 2016 498 2056 Christi
527 2031 674 2055 nomen
702 2016 758 2055 ibi
786 2015 862 2055 loci
896 2022 1167 2068 opportunum
1195 2026 1277 2052 non
1306 2021 1365 2052 est
1400 2020 1440 2052 et
1466 2012 1603 2052 turbat
1630 2019 1788 2051 senten·-

350 2072 448 2111 tiam
470 2101 482 2122 ,
535 2072 686 2125 ipsique
720 2072 877 2125 patroni
907 2071 1060 2109 nummi
1100 2069 1211 2108 istius
1239 2082 1323 2107 non
1354 2068 1583 2118 Christum,
1612 2067 1681 2106 sed
1708 2067 1786 2107 Pe-

348 2134 459 2166 trum
484 2128 526 2166 in
574 2141 621 2166 eo
662 2127 950 2180 repraesentari
993 2126 1118 2166 aiunt.
1183 2124 1284 2174 Quis
1332 2131 1468 2162 autem
1511 2134 1692 2175 unquam
1718 2128 1788 2160 aut

349 2182 511 2222 Christo
540 2190 610 2221 aut
637 2182 759 2221 Petro
787 2181 903 2221 aliive
930 2181 1076 2219 Sancto
1114 2181 1156 2217 in
1184 2179 1359 2217 nummis
1385 2186 1425 2217 et
1453 2178 1616 2231 reliquis
1642 2189 1785 2215 monu-

350 2239 495 2276 mentis
535 2237 679 2276 milites
703 2238 974 2290 praetorianos
1003 2235 1053 2273 ad
1080 2234 1182 2273 latus
1211 2233 1424 2287 apposuit?
1478 2232 1682 2271 Debuerat
1707 2229 1788 2268 sal-

351 2294 427 2331 tim
455 2292 598 2331 milites
628 2292 667 2330 in
698 2291 896 2345 apostolos
923 2297 1077 2329 mutare
1098 2287 1276 2342 lepidum
1304 2287 1404 2327 illud
1433 2294 1566 2341 caput.
1623 2286 1685 2324 De
1711 2284 1788 2323 ob-

352 2349 520 2387 scuratis
564 2347 722 2386 vafritie
770 2346 865 2385 cleri
893 2352 932 2384 et
957 2353 1118 2398 stupore
1147 2343 1256 2397 vulgi
1285 2343 1586 2397 antiquitatibus
1612 2341 1691 2378 iam
1718 2353 1787 2378 su-

353 2417 424 2456 pra
458 2402 573 2453 dixi,
604 2416 729 2455 quum
757 2400 856 2440 mihi
885 2401 934 2439 de
964 2402 1096 2440 acacia
1123 2406 1163 2438 et
1189 2398 1362 2452 ptychiis
1395 2411 1523 2437 sermo
1551 2401 1666 2434 esset.
1695 2395 1787 2433 Mo-

355 2472 442 2496 rem
476 2457 584 2496 hunc
626 2456 832 2496 columbas
871 2469 989 2509 super
1032 2456 1193 2508 sceptris
1231 2453 1392 2507 gerendi
1425 2450 1593 2504 Angliae
1630 2463 1790 2502 quoque

353 2526 464 2566 reges
494 2514 636 2551 imitati
664 2512 826 2551 fuerunt
853 2525 953 2550 aevo
980 2510 1126 2549 medio.
1183 2509 1372 2548 Bromton
1401 2505 1520 2559 (apud
1547 2505 1613 2542 Du
1642 2502 1788 2557 Gangi-

356 2581 425 2605 um
454 2581 494 2605 v.
527 2567 722 2613 Baculus,
763 2566 834 2604 ubi
864 2565 980 2619 plura
1020 2571 1199 2618 prostant
1226 2563 1447 2620 Anglorum
1491 2566 1700 2598 auctorum
1727 2566 1788 2597 te-

356 2622 579 2671 stimonia):
617 2621 684 2660 W
681 2622 856 2660 illzelmus
891 2620 1147 2659 Marescallas
1170 2628 1334 2674 portam
1358 2624 1548 2669 sceptrum
1574 2614 1718 2666 regale,
1746 2613 1789 2652 in

358 2676 462 2713 cums
491 2678 706 2715 swnmitate
727 2677 878 2728 signum
899 2677 1022 2713 crucis
1049 2688 1206 2713 aureum
1229 2680 1314 2711 erat
1327 2700 1339 2721 ,
1371 2679 1410 2708 et
1430 2670 1532 2707 alter
1554 2692 1607 2698 ——
1625 2677 1791 2724 portans

358 2730 518 2782 virgam
555 2732 723 2783 regalem
737 2761 748 2780 ‚
779 2730 978 2768 habentem
1015 2729 1236 2768 columbam
1269 2727 1310 2764 in
1339 2725 1569 2764 summitate.
1636 2723 1793 2763 Viden-
