1832 3126
140 171 216 215 An
258 170 557 215 consum.
595 168 796 210 ponpa.
840 167 913 208 DE
951 164 1134 208 omum.
1166 144 1274 219 un.
1311 166 1347 206 1.
1398 164 1502 200 201

64 275 166 329 Cap.
190 275 307 314 xm.
334 273 408 313 lin.
427 287 468 312 α.
497 279 570 326 pro
598 269 801 312 εἰσελθεῖν
834 271 893 324 (ut
914 268 970 308 ihi
993 275 1100 310 recte
1119 274 1179 308 est
1197 265 1361 318 editum)
1386 265 1509 307 dede-

62 337 130 372 rat
150 329 358 380 εἶσελθῆν.
414 328 490 368 Est
510 334 644 366 autem
669 321 777 377 εὕχὴ
801 320 989 374 curantr)
1021 323 1087 363 vel
1116 321 1349 376 simpliciter
1371 319 1396 373 ἢ
1416 334 1509 360 συν-

63 380 177 437 amq*
206 385 367 424 collecta
381 413 392 430 ‚
446 384 599 432 oratio,
629 395 733 434 quae
762 381 866 419 inter
904 378 1076 432 psalmos
1110 386 1179 417 aut
1215 377 1312 416 alias
1347 377 1509 430 quasvis

63 439 297 494 prolixiores
334 438 534 477 orationes
564 452 588 476 a
627 437 796 475 diacono
819 436 1111 488 pronunciatur
1125 464 1135 480 ‚
1167 439 1207 472 et
1238 430 1415 486 psalmos
1439 438 1510 480 aut

63 509 201 549 preces
249 493 475 541 connectit,
525 486 748 537 συνάπτει,
800 490 909 528 unde
943 490 1019 542 ipsi
1051 503 1213 527 nomen.
1292 488 1388 526 Vid.
1418 486 1505 525 DC.

64 550 198 590 Gloss.
237 550 310 588 Gr.
342 548 395 588 h.-
431 559 493 598 v.;
531 553 692 585 vertunt
731 559 890 599 quoque
923 545 1176 583 exclamatio.
1245 542 1342 581 Vid.
1375 541 1508 582 Nicol.

63 605 214 659 Rayaei
236 604 392 644 dissert.
423 602 474 642 ad
503 601 745 640 acoluthiam
775 600 895 639 officii
921 599 1051 653 graeci
1086 599 1136 637 T.
1164 599 1220 636 11.
1256 598 1398 637 Actor.
1435 598 1506 636 SS.

65 674 192 700 mens.
226 659 330 698 lunii
354 672 397 712 p.
421 658 560 696 XXX.
592 657 778 694 Heinecc.
815 657 892 694 ΙΙΙ.
926 669 967 707 p.
999 654 1094 708 278.
1130 654 1309 692 Gretser.
1354 653 1405 692 ad
1430 653 1510 692 Co-

63 715 149 755 din.
171 728 215 768 p.
240 727 328 766 172.
355 712 430 751 Vel
456 714 576 750 etiam
601 713 656 750 sic
686 712 791 750 dicta
819 711 896 750 fuit
923 710 1022 749 haec
1051 709 1195 755 oratio,
1237 709 1332 761 quia
1358 708 1511 761 absque

62 784 187 824 pausa
210 775 256 809 -et
282 766 587 821 interpolatione
610 766 870 806 recitabatur.
929 766 1044 804 Certe
1077 760 1304 804 συνάπτειν
1327 778 1403 815 pro
1433 778 1509 802 ιιιιο

38 819 242 865 ¹continuo
262 825 404 878 spiritu
439 824 577 862 seriem
599 822 809 861 verborum
833 821 1051 861 odarumve
1080 821 1246 859 recitare
1275 817 1398 858 habet
1426 819 1510 858 Po-

0 894 10 897 *
65 877 231 937 lyaenus
257 893 299 932 p.
331 881 423 932 537.
457 892 500 931 9.

75 960 77 963 -
174 934 221 974 C.
253 934 329 973 ult.
361 930 551 988 [9422]
587 930 830 983 εἰσέρχεται.
863 933 919 972 Μ.
946 929 1221 982 εἰσέρχονται.

117 988 187 1045 57.
207 989 270 1028 A.
312 1003 347 1028 1.
379 987 479 1044 [95‚
508 986 574 1042 9.]
619 988 702 1027 ’τῶν
745 985 942 1040 ἀργυρῶν
969 985 1126 1028 πυλῶν.
1186 986 1271 1024 Iam
1300 982 1510 1039 aliquoties

64 1046 216 1086 mentio
250 1044 355 1083 facta
392 1051 530 1098 portae
569 1049 779 1096 argenteae
793 1074 804 1091 ‚
853 1043 894 1082 id
937 1048 996 1081 est
1037 1048 1225 1094 argentea
1266 1039 1414 1080 lamina
1446 1039 1514 1079 ob—

66 1100 227 1141 ductae.
284 1099 491 1138 Succurrit
525 1113 632 1137 nunc
670 1098 747 1137 hoc
781 1105 996 1146 annotare,
1038 1104 1197 1150 portam
1226 1096 1337 1136 illam
1370 1110 1514 1150 argen-

60 1161 170 1196 team
205 1154 509 1209 Chrysotriclini
541 1154 660 1192 fuisse
694 1167 797 1205 opus
833 1153 1087 1192 Constantini
1115 1155 1242 1192 nostri
1274 1152 1512 1205 Porphyre-

63 1211 238 1265 genneti.
297 1210 390 1249 Vid.
410 1211 557 1262 Script.
584 1216 675 1262 post
697 1208 937 1262 Theophan.
959 1223 999 1261 p.
1031 1207 1125 1246 281.
1146 1207 1200 1247 A.
1244 1207 1390 1262 ’'¹[Erat
1413 1207 1510 1246 olim

65 1267 110 1305 in
140 1266 307 1345 Basilica
340 1266 384 1321 S.
401 1266 513 1306 Petri
539 1272 658 1319 porta
689 1272 888 1319 argentea.
920 1262 1134 1304 Mabillon.
1165 1263 1246 1303 lter
1287 1262 1379 1303 ltal.
1411 1277 1505 1317 pag.

63 1333 92 1360 2
151 1350 161 1360 .

93 1319 146 1374 44
173 1320 228 1415 il.
260 1391 300 1419 2.
329 1374 422 1430 [95,
450 1374 534 1430 im]
563 1370 817 1429 ω’μοφόριον.
849 1376 908 1414 Μ.
931 1367 1175 1426 ὦμόφορον.

174 1431 227 1470 A.
259 1433 300 1471 3.
333 1431 416 1486 [95‚
453 1431 534 1484 11.]
556 1427 595 1469 οἱ
634 1428 974 1481 κουβυυκλείσιοι.
1011 1429 1228 1468 Cubuclisii
1249 1429 1422 1481 dignitas
1453 1435 1513 1466 est

63 1485 340 1526 ecclesiastica.
356 1486 533 1524 vid-Du
557 1486 689 1538 Gange
713 1486 845 1525 Gloss.
872 1487 945 1524 Gr.
969 1483 1013 1523 h.
1037 1487 1181 1537 v.‚qui
1203 1492 1337 1522 tamen
1363 1483 1513 1523 fatetur

63 1554 149 1580 non
186 1541 288 1580 bene
323 1555 464 1587 nosse,
497 1541 700 1593 quodnam
733 1542 816 1579 eius
842 1553 988 1579 munus
1021 1539 1156 1577 fuerit.
1185 1536 1512 1593 *[1oannes‘Ca-

64 1599 240 1635 meniata
253 1625 268 1645 ,
296 1595 365 1649 qui
386 1596 436 1634 de
451 1595 678 1635 Thessaliae
695 1596 846 1634 excidio
868 1594 1038 1647 scripsit,
1053 1601 1138 1632 erat
1160 1592 1512 1644 κουβουκλείσιος,

65 1658 113 1690 ut
144 1652 185 1691 in
210 1650 329 1691 titulo
353 1650 606 1704 appellatur,
635 1651 746 1703 quod
776 1651 817 1689 in
840 1650 1019 1702 margine
1069 1649 1164 1688 edit.
1196 1648 1513 1688 Combelisianae

62 1721 108 1760 p·-
126 1706 153 1746 3
169 1721 229 1761 ¹7·
253 1706 329 1745 hoc
346 1706 496 1745 scholio
519 1707 756 1760 exponitur:
780 1704 972 1759 κληρικὸς
996 1705 1079 1744 τῶν
1099 1704 1144 1744 ἐν
1176 1707 1262 1750 τοῖς
1279 1700 1407 1748 οἴκοις
1430 1702 1512 1741 τῶν

62 1760 271 1813 βασιλέων
305 1760 562 1812 τεταγμένων
581 1755 701 1815 εἶς-,Υ
745 1761 929 1800 Obscure
959 1768 998 1799 et
1024 1773 1162 1813 prave.
1209 1760 1257 1798 In
1285 1758 1365 1797 fine
1386 1756 1512 1796 libelli

41 1815 290 1880 ¹appellatur
309 1816 377 1855 ille
394 1817 623 1857 Cameniata
650 1815 979 1866 κουβουκλειῖῐιος
1003 1815 1077 1868 τῆς
1101 1810 1331 1866 ἁγιωτάτης
1359 1826 1513 1867 μητρο-

67 1873 227 1918 πολεως
240 1871 558 1923 Θεσσαλονιέιης.
1374 1871 1377 1874 ’

175 1927 228 1966 A.
255 1925 296 1968 8.
329 1926 419 1981 [95,
444 1926 531 1980 14]
559 1925 863 1979 κουκουμάρια.
882 1925 1082 1966 Videntur
1100 1926 1239 1965 calices
1261 1922 1383 1976 ampli
1408 1937 1512 1962 ven-

66 1981 140 2020 tris
162 1982 214 2020 ad
240 1983 366 2021 instar
389 1983 664 2036 cymbalorum
684 1990 753 2021 aut
772 1982 967 2020 dimidiati
991 1981 1099 2034 globi
1122 1981 1264 2028 fuisse,
1296 1987 1336 2018 et
1361 1992 1512 2021 nomen

67 2049 92 2077 a
117 2038 295 2076 cucumis
334 2039 521 2084 traxisse,
555 2039 659 2077 vasis
679 2038 809 2076 aeneis
836 2038 1095 2083 ventricosis,
1140 2036 1182 2075 in'
1224 2034 1369 2088 quibus
1407 2047 1512 2087 aqua

67 2090 235 2156 solebat·
259 2090 445 2132 calefieri.
477 2094 567 2132 Lin.
603 2107 666 2132 12.
701 2107 775 2147 pro
810 2089 894 2147 ὁδῷ
916 2091 995 2145 leg.
1018 2098 1077 2130 est
1097 2090 1209 2148 οὐδῷ
1230 2105 1252 2130 e
1273 2089 1407 2129 codice
1421 2118 1434 2138 ,
1464 2095 1511 2126 ut

15 2186 18 2188 .
66 2160 115 2186 su
145 2161 189 2186 ra
223 2161 304 2185 lam
331 2161 396 2186 mo
455 2163 485 2186 1.

10 2206 27 2221 ⁸
117 2161 143 2201 P
176 2201 233 2241 A.
262 2200 339 2241 ult.
371 2163 559 2256 [5315u,18.]
591 2201 690 2257 ὁδῷ.
714 2205 772 2242 Μ.
801 2216 939 2242 rursus
967 2200 1094 2256 ου’δῷ.

166 2257 223 2300 Β.
253 2255 294 2296 8.
327 2256 418 2311 [95‚
439 2258 529 2311 25.]
560 2255 760 2305 ὡσαύτως
792 2257 864 2296 καί
882 2254 925 2296 ἐν
958 2261 1052 2303 ταῖς
1087 2254 1179 2308 nav}
1201 2253 1431 2307 κλητορίων
1453 2276 1512 2285 --

71 2312 241 2364 χρειῶν.
271 2312 380 2351 Haec
412 2313 536 2351 verba
552 2322 620 2352 aut
642 2314 722 2353 huc
744 2328 825 2352 non
854 2315 1055 2364 pertinent
1072 2341 1084 2359 ‚
1128 2315 1198 2349 aut
1230 2309 1371 2350 mutila
1404 2316 1511 2352 sunt.

66 2365 157 2420 Ego
177 2374 284 2406 certe
315 2381 396 2406 non
427 2369 627 2422 percipio,
658 2370 755 2422 quid
779 2368 854 2407 sibi
873 2368 1011 2407 velint.
1041 2365 1327 2416 Εἰσοδιέξοδος
1353 2371 1412 2403 est
1434 2378 1511 2404 vox

67 2434 198 2460 novae
223 2436 388 2476 graecae
416 2425 712 2476 compositionis
727 2455 738 2475 ‚
768 2425 947 2462 itztroims
969 2432 1008 2462 et
1039 2423 1179 2462 emittm.
1249 2419 1513 2472 Intelligimus

69 2475 190 2528 ‚igitur
220 2491 267 2516 ex
294 2477 372 2516 hoo
390 2477 500 2525 ioco,
533 2479 707 2533 singulos
730 2481 873 2518 missus
906 2494 930 2517 a
955 2477 1217 2527 Patriarcha‚
1247 2483 1317 2516 aut
1337 2489 1384 2514 eo
1401 2505 1412 2523 ‚
1445 2476 1511 2514 cui

68 2529 102 2569 is
123 2531 164 2570 id
188 2534 365 2571 muneris
390 2533 581 2586 deputare
613 2534 824 2582 voluisset,
857 2535 968 2587 prius
1003 2532 1233 2571 benedictos
1264 2532 1405 2577 fuisse,
1447 2545 1512 2569 an·
1558 2559 1560 2561 ·

68 2590 230 2638 tequam
247 2595 580 2629 *consumerentur
593 2620 603 2638 ‚
638 2597 678 2629 et
712 2589 992 2629 Patriarcham
1020 2587 1272 2627 consuevisse
1308 2587 1513 2638 metropo-

71 2637 219 2691 litis‘id
246 2641 450 2697 delegare,
479 2651 519 2683 et
544 2659 672 2684 unum
700 2652 790 2698 post
816 2644 988 2682 alterum
1003 2673 1016 2696 ,
1045 2642 1222 2696 singulos
1256 2641 1308 2682 ad
1336 2641 1515 2694 singulos

71 2695 256 2791 uiis-³:182}
283 2698 503 2740 secundum
541 2700 725 2742 ordinem
761 2698 1016 2740 ecclesiarum
1029 2728 1042 2752 ‚
1089 2698 1234 2755 quibus
1276 2703 1511 2752 praeerant,

73 2759 156 2788 cxci
258 2779 271 2792 .
