1884 3132
295 125 369 166 An
406 123 746 167 APPEchEm
783 126 881 166 un.
935 127 968 165 1.
1027 126 1100 165 DE
1138 122 1398 166 cammou.
1482 106 1591 163 565

255 229 312 269 A.
341 243 402 269 12.
432 227 546 283 [474,
569 228 660 283 20.]
703 222 902 279 καράβια.
959 228 1062 267 Sunt
1100 230 1261 282 navigia
1290 231 1463 279 minora,
1489 243 1596 283 quae

147 285 366 324 maioribus
403 285 643 323 inserviunt.
712 281 812 321 Tale
847 284 1054 336 navigium
1082 284 1262 338 designat
1302 299 1379 324 vox
1420 285 1597 325 Arabica

145 339 246 407 ἐι-55,
268 350 376 389 unde
403 350 502 389 haec
530 357 635 400 orta3
648 363 689 388 v.
702 349 769 388 Du
781 348 977 401 Cangium
1004 363 1046 387 v.
1064 349 1254 389 Gzrabus.
1312 350 1399 388 Non
1426 351 1596 390 confun-

149 415 284 455 denda
310 416 458 468 species
485 415 584 454 haec
610 429 703 454 cum
723 414 848 453 altera
866 416 1028 453 navium
1049 417 1178 467 specie
1203 407 1324 468 said-3²,
1357 417 1479 469 garab
1524 431 1595 455 seu

148 484 290 510 corvus
323 471 429 509 dicta
448 499 460 521 ‚
489 470 596 508 unde
626 471 759 508 Latini
790 483 861 508 sua
890 470 1049 522 golabia
1077 471 1352 510 nominarunt.
1385 472 1420 508 V
1426 471 1478 508 id.
1501 468 1594 510 Cafss

146 525 223 564 fari
253 525 430 564 Annales
456 526 685 564 Genuensae
711 525 763 563 T.
786 525 862 563 VI.
901 524 991 564 Scr.
1014 525 1110 564 Rer.
1140 525 1231 564 Ital.
1260 527 1410 565 Murat.
1434 541 1473 579 p.
1496 527 1589 567 261.

147 587 188 619 et
218 581 286 619 Du
314 581 446 633 Gange
470 594 512 619 v.
548 580 724 631 Golcfii.

256 635 303 674 B.
325 635 367 675 6.
398 634 511 688 [475³
534 633 598 688 6.]
627 627 882 686 κραββᾰτου.
943 633 1198 673 Vocabulum
1223 635 1296 674 11οο
1325 635 1391 675 hie
1419 635 1496 675 loci
1512 651 1594 676 non

145 690 397 742 grabbatum,
427 688 645 737 lectulum,
675 688 743 728 sed
771 688 943 727 diaetam
971 686 1223 740 κατάστεγον
1243 719 1254 740 ,
1284 687 1532 743 καταφυγήν
1552 694 1592 731 in

146 745 279 784 media
307 746 402 783 navi
442 751 513 783 aut
553 746 672 783 etiam
698 745 740 782 in
769 745 894 796 puppi
913 774 922 790 ‚
963 743 1005 781 in
1041 758 1162 797 quam
1191 759 1233 783 se
1260 746 1471 784 nauclerus
1500 761 1592 786 cum

145 806 352 838 vectorum
381 799 675 839 honestioribus
698 800 851 851 recipit,
882 797 1036 851 reliquo
1055 799 1176 852 vulgo
1205 800 1280 838 sub
1309 800 1502 839 tabulatis
1532 801 1591 840 la-

142 860 267 893 tente.
323 854 462 892 Batavi
493 855 622 906 Cajiit
680 853 894 906 appellant.
962 854 1024 892 Eo
1050 869 1166 893 sensu
1202 855 1367 894 Basilius
1396 857 1593 895 patrici-is

144 923 305 962 quoque
336 911 379 948 iu
407 907 660 948 Naumachiis
687 909 793 962 apud
822 909 1054 948 Fabricium
1095 909 1202 948 Bibl.
1233 913 1375 952 Graec.
1404 911 1453 948 T.
1474 912 1589 950 Vlll.

141 977 180 1017 p.
206 964 295 1016 140.
334 978 377 1004 v.
403 964 443 1003 5.
486 971 655 1017 usurpat
700 972 740 1003 et
768 964 1036 1002 Continuator
1063 965 1323 1017 Theophanis
1357 981 1397 1019 p,
1418 980 1512 1019 217.
1536 968 1590 1005 A.

150 1032 211 1058 11.
266 1019 523 1071 Conspicitur
569 1020 700 1072 imago
742 1018 833 1057 talis
860 1018 1041 1072 grabbati
1083 1021 1123 1058 in
1162 1019 1230 1058 illa
1258 1021 1397 1059 tabula
1441 1035 1587 1070 aenea,

144 1087 266 1126 quam
300 1074 474 1113 Parisini
519 1073 758 1128 typographi
805 1074 1053 1127 Scriptorum
1095 1075 1297 1114 Historiae
1347 1077 1592 1129 Byzantinae

143 1127 299 1168 Codino
325 1135 366 1168 et
392 1129 479 1168 aliis
521 1129 658 1168 multis
683 1130 780 1182 regii
809 1127 916 1168 illins
942 1130 1072 1182 operis
1100 1130 1251 1183 absque
1283 1131 1432 1169 iudicio
1472 1146 1590 1184 prae-

142 1191 386 1236 posuerunt,
443 1183 694 1224 exhibentem
721 1184 1027 1223 Constantinum
1078 1184 1367 1239 Palaeologum
1411 1193 1458 1224 ut
1497 1188 1590 1226 navi

143 1237 393 1278 Florentiam
419 1238 599 1292 appellit.

254 1293 302 1337 R.
320 1308 361 1347 7.
392 1293 509 1347 [475,
532 1293 597 1348 6.]
643 1293 732 1332 κατ’
761 1290 983 1338 ἀνατολὰς.
1042 1292 1135 1333 Non
1176 1294 1255 1333 alio
1284 1295 1404 1334 modo
1433 1297 1589 1349 concipi

144 1354 276 1401 potest
302 1350 391 1401 quis
442 1348 540 1386 CPli
582 1351 626 1386 in
651 1347 788 1386 Asiam
815 1348 1015 1387 traiieiens
1036 1378 1048 1399 ‚
1087 1349 1202 1388 vultu
1228 1364 1367 1389 versus
1394 1353 1589 1390 orientem

145 1416 279 1452 verso,
306 1403 461 1441 Urbem
479 1403 630 1451 videre,
646 1404 723 1441 nisi
752 1417 796 1441 ex
826 1402 968 1441 ultimo
995 1404 1086 1442 sinu
1100 1404 1289 1443 Ceratino
1320 1404 1462 1443 solvat.
1482 1406 1590 1444 Con·

145 1458 225 1510 cipi
266 1471 362 1511 ergo
403 1457 520 1497 debet
560 1459 782 1510 Imperator
818 1471 841 1495 e
866 1457 1013 1510 palatio
1053 1458 1334 1498 Blachernensi
1355 1488 1367 1509 ‚
1406 1467 1475 1497 aut
1517 1459 1593 1499 illo

145 1519 303 1558 tractu,
335 1519 404 1551 aut
431 1514 551 1550 etiam
578 1527 623 1551 ex
646 1511 794 1565 angulo
838 1513 950 1550 urbis
981 1513 1258 1564 meridionali,
1286 1528 1308 1552 e
1335 1521 1456 1566 portu
1484 1529 1587 1566 quo-

145 1566 239 1606 dam
266 1581 406 1606 versus
441 1567 656 1606 Thraciam
692 1574 732 1605 et
775 1581 884 1606 mare
927 1566 1128 1620 Aegaeum
1170 1576 1372 1621 spectante
1387 1598 1399 1619 ,
1452 1572 1588 1608 navim

144 1622 428 1661 conscendens.
469 1622 573 1660 Nam
614 1624 647 1661 si
674 1621 837 1675 fingitur
865 1635 887 1659 e
922 1622 1163 1661 Bucoleonte
1192 1623 1394 1673 avehens,
1424 1625 1587 1663 ordina-

146 1679 209 1721 rio
232 1685 352 1730 portu
382 1677 539 1730 augusti
567 1678 608 1715 in
637 1677 753 1715 Urbe
780 1676 940 1729 palatii,
968 1677 1143 1716 habebat
1171 1679 1316 1717 urbem
1342 1692 1367 1716 a
1396 1679 1515 1717 dorso
1548 1686 1588 1718 et

143 1746 309 1785 prorsus
340 1732 477 1770 videre
519 1746 600 1770 non
630 1739 786 1784 poterat
800 1762 811 1778 ‚
843 1732 919 1770 nisi
963 1733 1076 1771 vultu
1107 1734 1147 1771 in
1176 1733 1423 1772 occidentem
1451 1748 1581 1772 verso.

145 1787 202 1826 Et
232 1786 295 1827 vel
323 1788 379 1825 sic
414 1801 574 1840 quoque
601 1787 730 1826 dictus
759 1787 878 1825 modo
912 1787 1128 1840 grabbatus
1157 1788 1380 1841 respicienti
1409 1788 1587 1827 obstitis-

146 1849 220 1880 set.
274 1841 402 1880 Favet
442 1842 558 1880 nobis
598 1842 639 1880 id
676 1855 862 1895 quoque,
891 1843 999 1894 quod
1039 1857 1080 1895 p.
1100 1842 1192 1883 285.
1212 1844 1259 1881 C.
1286 1843 1512 1882 5.,rediens
1543 1845 1588 1881 in

146 1895 303 1935 Urbem
332 1897 552 1948 Imperator
578 1896 717 1935 eodem
746 1897 891 1942 modo,
920 1912 1001 1950 quo
1039 1897 1211 1948 exierat,
1241 1899 1386 1936 dicitur
1418 1899 1459 1936 in
1490 1912 1587 1951 por-

147 1958 195 1989 tu
223 1957 263 1989 et
287 1950 339 1990 ad
366 1958 522 2004 portam
550 1951 690 2004 Rhegii
707 1952 958 1991 exscendere.
1017 1952 1143 2006 Atqui
1171 1955 1399 2008 propinqua
1426 1967 1472 1991 ea
1501 1959 1586 1991 erat

150 2005 380 2044 Blachernis
409 2013 448 2044 et
474 2008 515 2045 in
545 2006 623 2044 fine
649 2007 758 2046 sinus
777 2007 964 2047 Ceratini.

256 2061 303 2099 B.
329 2074 390 2099 10.
421 2059 537 2114 [475,
567 2075 634 2099 22.
663 2061 768 2116 noc.]
797 2058 903 2114 εὕχὴ
921 2061 995 2101 τοῦ
1020 2062 1244 2111 βασιλέως.
1301 2061 1490 2101 Scholion
1507 2061 1585 2100 hoc

147 2115 191 2153 in
219 2115 398 2168 margine
422 2115 745 2155 membranarum
772 2118 916 2169 reperi.
970 2116 1076 2155 Nam
1093 2117 1143 2156 de
1174 2131 1263 2156 meo
1291 2130 1421 2170 neque
1450 2118 1583 2155 conie-

149 2177 371 2219 cmi-arum,
390 2183 519 2222 neque
545 2169 655 2209 aliud
681 2171 902 2238 quidquam
927 2173 1098 2224 margini
1125 2171 1256 2210 allevi.

260 2225 304 2267 C,
331 2239 391 2263 10.
421 2223 536 2278 [47:3,
566 2224 642 2278 18.]
682 2239 908 2277 παριππια.
968 2227 1206 2278 Saepissime
1230 2226 1405 2265 occurrit
1436 2227 1478 2263 in
1506 2225 1583 2265 hoc

148 2279 311 2319 Tactico
339 2287 378 2318 et
408 2280 515 2331 apud
545 2281 782 2319 recentiores
811 2280 984 2320 Graecos
1021 2279 1120 2319 haec
1147 2295 1223 2319 vox
1255 2281 1477 2334 significatu
1520 2281 1582 2319 di-

149 2347 266 2374 verso
294 2334 368 2382 illi,
395 2348 514 2387 quem
534 2335 722 2386 primitus,
743 2334 899 2373 hahuit.
956 2335 1125 2387 Origine
1138 2343 1258 2376 tenus
1283 2342 1396 2373 notat
1416 2349 1593 2387 equum,.

149 2389 219 2442 qui
253 2397 409 2442 praeter
442 2389 613 2427 alterum
644 2388 763 2427 simul
802 2389 974 2428 trahitur
1014 2397 1054 2428 et
1091 2391 1348 2443 inequitatur.
1395 2389 1581 2428 Concessa

150 2458 286 2498 nempe
317 2445 510 2483 evectione
523 2474 535 2490 ‚
566 2457 661 2482 unus
687 2452 725 2481 et
745 2444 848 2481 alter
863 2459 980 2498 equus
1002 2445 1162 2482 concedi
1189 2445 1433 2483 censebatur:
1463 2460 1580 2499 quum

149 2512 244 2536 vero
276 2501 408 2537 tertius
439 2498 604 2538 veredus
647 2498 945 2546 concedebatur,
970 2500 1189 2552 parthpus
1223 2509 1292 2538 auc
1310 2500 1581 2553 paraveredus

150 2553 360 2592 dicebatur.
426 2553 559 2592 Verba
595 2551 813 2592 Pancirolli
840 2566 927 2591 mea
964 2552 1039 2591 feci
1067 2554 1235 2591 aGoaro
1253 2553 1305 2592 ad
1337 2553 1505 2592 Cedren.
1536 2569 1581 2607 p.

150 2606 247 2655 460.
270 2608 323 2646 Α.
364 2609 498 2658 citata3
539 2607 645 2646 conf.
678 2606 849 2646 Guther.
894 2621 937 2659 p.
957 2606 1054 2646 631.
1118 2608 1320 2658 Quoniam
1357 2622 1454 2647 vero
1481 2609 1580 2649 tales

150 2661 284 2698 veredi
313 2663 534 2701 secundarii
550 2662 701 2715 generis
738 2669 851 2700 erant
880 2662 1102 2712 deterioris,
1131 2662 1226 2702 inde
1252 2671 1324 2711 est,
1341 2663 1449 2717 quod
1466 2663 1578 2703 Ana-

152 2716 291 2754 stasius
317 2716 449 2756 locum
479 2717 735 2770 Theophanis
778 2731 819 2771 p.
842 2715 936 2770 347.
977 2716 1030 2755 D.
1050 2730 1094 2771 9.
1128 2724 1286 2763 vertens
1324 2717 1575 2772 παρύιπιον,
