<?xml version="1.0" encoding="UTF-8"?>
<!DOCTYPE html PUBLIC "-//W3C//DTD XHTML 1.0 Transitional//EN"
    "http://www.w3.org/TR/xhtml1/DTD/xhtml1-transitional.dtd">
<html xmlns="http://www.w3.org/1999/xhtml" xml:lang="en" lang="en">
 <head>
  <title>
</title>
<meta http-equiv="Content-Type" content="text/html;charset=utf-8" />
  <meta name='ocr-system' content='tesseract 3.04.00' />
  <meta name='ocr-capabilities' content='ocr_page ocr_carea ocr_par ocr_line ocrx_word'/>
</head>
<body>
  <div class='ocr_page' id='page_1' title='image "./corpusscriptorum08niebuoft/corpusscriptorum08niebuoft_0476.png"; bbox 0 0 1884 3132; ppageno 0'>
   <div class='ocr_carea' id='block_1_1' title="bbox 298 136 1453 207">
    <p class='ocr_par' dir='ltr' id='par_1_1' title="bbox 298 136 1453 207">
     <span class='ocr_line' id='line_1_1' title="bbox 298 136 1453 207; baseline -0.001 -11"><span class='ocrx_word' id='word_1_1' title='bbox 298 136 426 207; x_wconf 75' lang='grc'><strong>468</strong></span> <span class='ocrx_word' id='word_1_2' title='bbox 577 155 649 196; x_wconf 89' lang='lat'><strong>10.</strong></span> <span class='ocrx_word' id='word_1_3' title='bbox 693 150 798 196; x_wconf 64' lang='lat' dir='ltr'><strong>1A‘c.</strong></span> <span class='ocrx_word' id='word_1_4' title='bbox 841 153 1036 194; x_wconf 69' lang='lat' dir='ltr'><strong>amsxn</strong></span> <span class='ocrx_word' id='word_1_5' title='bbox 1075 150 1453 196; x_wconf 76' lang='lat' dir='ltr'><strong>COMMENTARn</strong></span> 
     </span>
    </p>
   </div>
   <div class='ocr_carea' id='block_1_2' title="bbox 296 257 1763 2785">
    <p class='ocr_par' dir='ltr' id='par_1_2' title="bbox 296 257 1763 2785">
     <span class='ocr_line' id='line_1_2' title="bbox 296 257 1740 314; baseline -0.002 -14"><span class='ocrx_word' id='word_1_6' title='bbox 296 260 519 314; x_wconf 74' lang='grc' dir='ltr'><em>γομαντιόν</em></span> <span class='ocrx_word' id='word_1_7' title='bbox 561 273 644 299; x_wconf 89' lang='lat' dir='ltr'><strong>esse</strong></span> <span class='ocrx_word' id='word_1_8' title='bbox 662 289 673 309; x_wconf 94' lang='lat'><strong>,</strong></span> <span class='ocrx_word' id='word_1_9' title='bbox 719 258 829 312; x_wconf 91' lang='lat' dir='ltr'><strong>quod</strong></span> <span class='ocrx_word' id='word_1_10' title='bbox 857 271 976 296; x_wconf 92' lang='lat' dir='ltr'><strong>usum</strong></span> <span class='ocrx_word' id='word_1_11' title='bbox 1008 258 1089 310; x_wconf 86' lang='lat' dir='ltr'><strong>sagi</strong></span> <span class='ocrx_word' id='word_1_12' title='bbox 1119 257 1183 295; x_wconf 73' lang='lat' dir='ltr'><strong>vel</strong></span> <span class='ocrx_word' id='word_1_13' title='bbox 1212 258 1314 296; x_wconf 89' lang='lat' dir='ltr'><strong>sacci</strong></span> <span class='ocrx_word' id='word_1_14' title='bbox 1355 264 1574 311; x_wconf 86' lang='lat' dir='ltr'><strong>praestaret</strong></span> <span class='ocrx_word' id='word_1_15' title='bbox 1612 265 1653 298; x_wconf 90' lang='lat' dir='ltr'><strong>et</strong></span> <span class='ocrx_word' id='word_1_16' title='bbox 1678 265 1740 298; x_wconf 85' lang='lat' dir='ltr'><strong>ta-</strong></span> 
     </span>
     <span class='ocr_line' id='line_1_3' title="bbox 296 311 1743 366; baseline -0.002 -11"><span class='ocrx_word' id='word_1_17' title='bbox 296 331 390 355; x_wconf 86' lang='lat' dir='ltr'><strong>men</strong></span> <span class='ocrx_word' id='word_1_18' title='bbox 419 316 588 354; x_wconf 89' lang='lat' dir='ltr'><strong>formam</strong></span> <span class='ocrx_word' id='word_1_19' title='bbox 615 316 741 352; x_wconf 88' lang='lat' dir='ltr'><strong>manti</strong></span> <span class='ocrx_word' id='word_1_20' title='bbox 770 313 950 352; x_wconf 88' lang='lat' dir='ltr'><strong>haberet.</strong></span> <span class='ocrx_word' id='word_1_21' title='bbox 1003 314 1190 351; x_wconf 85' lang='lat' dir='ltr'><strong>Mantum</strong></span> <span class='ocrx_word' id='word_1_22' title='bbox 1229 327 1373 366; x_wconf 85' lang='lat' dir='ltr'><strong>nempe</strong></span> <span class='ocrx_word' id='word_1_23' title='bbox 1399 321 1486 352; x_wconf 89' lang='lat' dir='ltr'><strong>erat</strong></span> <span class='ocrx_word' id='word_1_24' title='bbox 1513 311 1629 352; x_wconf 82' lang='lat' dir='ltr'><strong>valde</strong></span> <span class='ocrx_word' id='word_1_25' title='bbox 1657 327 1743 352; x_wconf 87' lang='lat' dir='ltr'><strong>am-</strong></span> 
     </span>
     <span class='ocr_line' id='line_1_4' title="bbox 296 367 1743 426; baseline -0.003 -16"><span class='ocrx_word' id='word_1_26' title='bbox 296 372 413 426; x_wconf 86' lang='lat' dir='ltr'><strong>plum</strong></span> <span class='ocrx_word' id='word_1_27' title='bbox 439 378 478 409; x_wconf 89' lang='lat' dir='ltr'><strong>et</strong></span> <span class='ocrx_word' id='word_1_28' title='bbox 504 371 555 409; x_wconf 91' lang='lat' dir='ltr'><strong>ad</strong></span> <span class='ocrx_word' id='word_1_29' title='bbox 598 377 746 408; x_wconf 87' lang='lat' dir='ltr'><strong>terram</strong></span> <span class='ocrx_word' id='word_1_30' title='bbox 775 369 1005 407; x_wconf 88' lang='lat' dir='ltr'><strong>demissum.</strong></span> <span class='ocrx_word' id='word_1_31' title='bbox 1074 368 1222 420; x_wconf 88' lang='lat' dir='ltr'><strong>Sagum</strong></span> <span class='ocrx_word' id='word_1_32' title='bbox 1251 382 1331 406; x_wconf 93' lang='lat' dir='ltr'><strong>non</strong></span> <span class='ocrx_word' id='word_1_33' title='bbox 1362 369 1483 418; x_wconf 89' lang='lat' dir='ltr'><strong>item,</strong></span> <span class='ocrx_word' id='word_1_34' title='bbox 1513 367 1620 421; x_wconf 85' lang='lat' dir='ltr'><strong>quod</strong></span> <span class='ocrx_word' id='word_1_35' title='bbox 1647 381 1743 420; x_wconf 87' lang='lat' dir='ltr'><strong>pro·</strong></span> 
     </span>
     <span class='ocr_line' id='line_1_5' title="bbox 298 423 1747 480; baseline -0.003 -16"><span class='ocrx_word' id='word_1_36' title='bbox 298 429 386 480; x_wconf 90' lang='lat' dir='ltr'><strong>prie</strong></span> <span class='ocrx_word' id='word_1_37' title='bbox 415 426 466 464; x_wconf 86' lang='lat' dir='ltr'><strong>ad</strong></span> <span class='ocrx_word' id='word_1_38' title='bbox 513 440 642 478; x_wconf 87' lang='lat' dir='ltr'><strong>genua</strong></span> <span class='ocrx_word' id='word_1_39' title='bbox 674 425 756 463; x_wconf 87' lang='lat' dir='ltr'><strong>sere</strong></span> <span class='ocrx_word' id='word_1_40' title='bbox 785 431 969 472; x_wconf 84' lang='lat' dir='ltr'><strong>tantum,</strong></span> <span class='ocrx_word' id='word_1_41' title='bbox 1000 430 1070 461; x_wconf 92' lang='lat' dir='ltr'><strong>aut</strong></span> <span class='ocrx_word' id='word_1_42' title='bbox 1097 423 1149 461; x_wconf 92' lang='lat' dir='ltr'><strong>ad</strong></span> <span class='ocrx_word' id='word_1_43' title='bbox 1178 423 1309 461; x_wconf 88' lang='lat' dir='ltr'><strong>media</strong></span> <span class='ocrx_word' id='word_1_44' title='bbox 1335 423 1487 462; x_wconf 86' lang='lat' dir='ltr'><strong>femora</strong></span> <span class='ocrx_word' id='word_1_45' title='bbox 1514 424 1747 476; x_wconf 83' lang='lat' dir='ltr'><strong>pertineret.</strong></span> 
     </span>
     <span class='ocr_line' id='line_1_6' title="bbox 299 478 1747 533; baseline -0.003 -13"><span class='ocrx_word' id='word_1_46' title='bbox 299 482 396 520; x_wconf 84' lang='lat' dir='ltr'><strong>vid.</strong></span> <span class='ocrx_word' id='word_1_47' title='bbox 430 480 480 519; x_wconf 89' lang='lat' dir='ltr'><strong>ad</strong></span> <span class='ocrx_word' id='word_1_48' title='bbox 513 495 555 533; x_wconf 87' lang='lat' dir='ltr'><strong>p.</strong></span> <span class='ocrx_word' id='word_1_49' title='bbox 588 479 682 520; x_wconf 85' lang='lat'><strong>285.</strong></span> <span class='ocrx_word' id='word_1_50' title='bbox 702 480 748 518; x_wconf 91' lang='lat' dir='ltr'><strong>C.</strong></span> <span class='ocrx_word' id='word_1_51' title='bbox 783 493 822 532; x_wconf 81' lang='lat'><strong>7.</strong></span> <span class='ocrx_word' id='word_1_52' title='bbox 884 479 970 516; x_wconf 92' lang='lat' dir='ltr'><strong>Hoc</strong></span> <span class='ocrx_word' id='word_1_53' title='bbox 997 480 1157 531; x_wconf 85' lang='lat' dir='ltr'><strong>proprie</strong></span> <span class='ocrx_word' id='word_1_54' title='bbox 1184 485 1242 516; x_wconf 89' lang='lat' dir='ltr'><strong>est</strong></span> <span class='ocrx_word' id='word_1_55' title='bbox 1270 478 1475 532; x_wconf 75' lang='lat' dir='ltr'><strong>chlamys,</strong></span> <span class='ocrx_word' id='word_1_56' title='bbox 1507 486 1546 517; x_wconf 88' lang='lat' dir='ltr'><strong>et</strong></span> <span class='ocrx_word' id='word_1_57' title='bbox 1572 478 1648 516; x_wconf 88' lang='lat' dir='ltr'><strong>suit</strong></span> <span class='ocrx_word' id='word_1_58' title='bbox 1667 491 1747 516; x_wconf 60' lang='lat' dir='ltr'><strong>sae-</strong></span> 
     </span>
     <span class='ocr_line' id='line_1_7' title="bbox 300 531 1746 588; baseline -0.003 -13"><span class='ocrx_word' id='word_1_59' title='bbox 300 537 391 576; x_wconf 85' lang='lat' dir='ltr'><strong>culo</strong></span> <span class='ocrx_word' id='word_1_60' title='bbox 406 537 460 574; x_wconf 91' lang='lat' dir='ltr'><strong>V.</strong></span> <span class='ocrx_word' id='word_1_61' title='bbox 492 543 530 574; x_wconf 88' lang='lat' dir='ltr'><strong>et</strong></span> <span class='ocrx_word' id='word_1_62' title='bbox 559 535 744 588; x_wconf 84' lang='lat' dir='ltr'><strong>deinceps</strong></span> <span class='ocrx_word' id='word_1_63' title='bbox 767 535 887 573; x_wconf 76' lang='lat' dir='ltr'><strong>vestis</strong></span> <span class='ocrx_word' id='word_1_64' title='bbox 917 541 1000 572; x_wconf 85' lang='lat' dir='ltr'><strong>tam</strong></span> <span class='ocrx_word' id='word_1_65' title='bbox 1026 540 1200 586; x_wconf 85' lang='lat' dir='ltr'><strong>togatae,</strong></span> <span class='ocrx_word' id='word_1_66' title='bbox 1230 548 1351 585; x_wconf 91' lang='lat' dir='ltr'><strong>quam</strong></span> <span class='ocrx_word' id='word_1_67' title='bbox 1381 541 1539 587; x_wconf 85' lang='lat' dir='ltr'><strong>sagatae</strong></span> <span class='ocrx_word' id='word_1_68' title='bbox 1564 531 1746 585; x_wconf 86' lang='lat' dir='ltr'><strong>militiae,</strong></span> 
     </span>
     <span class='ocr_line' id='line_1_8' title="bbox 299 588 1749 646; baseline -0.003 -15"><span class='ocrx_word' id='word_1_69' title='bbox 299 600 511 646; x_wconf 84' lang='lat' dir='ltr'><strong>postquam</strong></span> <span class='ocrx_word' id='word_1_70' title='bbox 538 598 630 643; x_wconf 86' lang='lat' dir='ltr'><strong>toga</strong></span> <span class='ocrx_word' id='word_1_71' title='bbox 652 593 693 628; x_wconf 91' lang='lat' dir='ltr'><strong>in</strong></span> <span class='ocrx_word' id='word_1_72' title='bbox 731 589 1035 628; x_wconf 80' lang='lat' dir='ltr'><strong>desuetudinem</strong></span> <span class='ocrx_word' id='word_1_73' title='bbox 1062 589 1174 627; x_wconf 82' lang='lat' dir='ltr'><strong>abiit.</strong></span> <span class='ocrx_word' id='word_1_74' title='bbox 1204 588 1300 627; x_wconf 84' lang='lat' dir='ltr'><strong>Vidi</strong></span> <span class='ocrx_word' id='word_1_75' title='bbox 1316 603 1476 642; x_wconf 92' lang='lat' dir='ltr'><strong>quoque</strong></span> <span class='ocrx_word' id='word_1_76' title='bbox 1503 588 1544 627; x_wconf 84' lang='lat' dir='ltr'><strong>in</strong></span> <span class='ocrx_word' id='word_1_77' title='bbox 1581 589 1749 628; x_wconf 74' lang='lat' dir='ltr'><strong>vetustis</strong></span> 
     </span>
     <span class='ocr_line' id='line_1_9' title="bbox 299 641 1747 700; baseline -0.004 -14"><span class='ocrx_word' id='word_1_78' title='bbox 299 647 539 700; x_wconf 80' lang='lat' dir='ltr'><strong>imaginibus</strong></span> <span class='ocrx_word' id='word_1_79' title='bbox 558 646 720 684; x_wconf 90' lang='lat' dir='ltr'><strong>tertium</strong></span> <span class='ocrx_word' id='word_1_80' title='bbox 750 644 973 698; x_wconf 81' lang='lat' dir='ltr'><strong>chlamydis</strong></span> <span class='ocrx_word' id='word_1_81' title='bbox 1009 645 1288 682; x_wconf 87' lang='lat' dir='ltr'><strong>brevissimum</strong></span> <span class='ocrx_word' id='word_1_82' title='bbox 1333 659 1474 697; x_wconf 85' lang='lat' dir='ltr'><strong>genus,</strong></span> <span class='ocrx_word' id='word_1_83' title='bbox 1502 644 1613 697; x_wconf 85' lang='lat' dir='ltr'><strong>quod</strong></span> <span class='ocrx_word' id='word_1_84' title='bbox 1638 641 1747 696; x_wconf 89' lang='lat' dir='ltr'><strong>apud</strong></span> 
     </span>
     <span class='ocr_line' id='line_1_10' title="bbox 301 697 1748 747; baseline -0.004 -5"><span class='ocrx_word' id='word_1_85' title='bbox 301 704 532 742; x_wconf 87' lang='lat' dir='ltr'><strong>iuncturam</strong></span> <span class='ocrx_word' id='word_1_86' title='bbox 573 701 733 739; x_wconf 87' lang='lat' dir='ltr'><strong>humeri</strong></span> <span class='ocrx_word' id='word_1_87' title='bbox 770 714 863 738; x_wconf 89' lang='lat' dir='ltr'><strong>cum</strong></span> <span class='ocrx_word' id='word_1_88' title='bbox 890 699 1026 738; x_wconf 88' lang='lat' dir='ltr'><strong>cubito</strong></span> <span class='ocrx_word' id='word_1_89' title='bbox 1054 699 1276 747; x_wconf 83' lang='lat' dir='ltr'><strong>desineret,</strong></span> <span class='ocrx_word' id='word_1_90' title='bbox 1308 698 1512 739; x_wconf 91' lang='lat' dir='ltr'><strong>diversum</strong></span> <span class='ocrx_word' id='word_1_91' title='bbox 1540 713 1564 738; x_wconf 88' lang='lat' dir='ltr'><strong>a</strong></span> <span class='ocrx_word' id='word_1_92' title='bbox 1591 697 1748 738; x_wconf 89' lang='lat' dir='ltr'><strong>colobio</strong></span> 
     </span>
     <span class='ocr_line' id='line_1_11' title="bbox 299 754 1748 810; baseline -0.004 -13"><span class='ocrx_word' id='word_1_93' title='bbox 299 773 379 808; x_wconf 89' lang='lat' dir='ltr'><strong>eo,</strong></span> <span class='ocrx_word' id='word_1_94' title='bbox 418 757 527 810; x_wconf 90' lang='lat' dir='ltr'><strong>quod</strong></span> <span class='ocrx_word' id='word_1_95' title='bbox 572 756 774 794; x_wconf 90' lang='lat' dir='ltr'><strong>colobium</strong></span> <span class='ocrx_word' id='word_1_96' title='bbox 803 757 844 793; x_wconf 92' lang='lat' dir='ltr'><strong>in</strong></span> <span class='ocrx_word' id='word_1_97' title='bbox 877 762 1037 807; x_wconf 79' lang='lat' dir='ltr'><strong>pectore</strong></span> <span class='ocrx_word' id='word_1_98' title='bbox 1077 761 1261 807; x_wconf 89' lang='lat' dir='ltr'><strong>apertum</strong></span> <span class='ocrx_word' id='word_1_99' title='bbox 1290 762 1418 804; x_wconf 85' lang='lat' dir='ltr'><strong>esset,</strong></span> <span class='ocrx_word' id='word_1_100' title='bbox 1452 754 1630 808; x_wconf 87' lang='lat' dir='ltr'><strong>chlamys</strong></span> <span class='ocrx_word' id='word_1_101' title='bbox 1656 759 1748 792; x_wconf 88' lang='lat' dir='ltr'><strong>tan-</strong></span> 
     </span>
     <span class='ocr_line' id='line_1_12' title="bbox 298 810 1750 860; baseline -0.003 -9"><span class='ocrx_word' id='word_1_102' title='bbox 298 821 389 851; x_wconf 88' lang='lat' dir='ltr'><strong>tum</strong></span> <span class='ocrx_word' id='word_1_103' title='bbox 417 828 440 851; x_wconf 91' lang='lat' dir='ltr'><strong>a</strong></span> <span class='ocrx_word' id='word_1_104' title='bbox 469 812 606 850; x_wconf 83' lang='lat' dir='ltr'><strong>dextro</strong></span> <span class='ocrx_word' id='word_1_105' title='bbox 640 810 788 860; x_wconf 88' lang='lat' dir='ltr'><strong>latere,</strong></span> <span class='ocrx_word' id='word_1_106' title='bbox 835 810 889 848; x_wconf 89' lang='lat' dir='ltr'><strong>sic</strong></span> <span class='ocrx_word' id='word_1_107' title='bbox 917 817 961 848; x_wconf 88' lang='lat' dir='ltr'><strong>ut</strong></span> <span class='ocrx_word' id='word_1_108' title='bbox 999 810 1182 848; x_wconf 83' lang='lat' dir='ltr'><strong>dextrum</strong></span> <span class='ocrx_word' id='word_1_109' title='bbox 1210 810 1330 848; x_wconf 89' lang='lat' dir='ltr'><strong>modo</strong></span> <span class='ocrx_word' id='word_1_110' title='bbox 1358 810 1573 849; x_wconf 90' lang='lat' dir='ltr'><strong>humerum</strong></span> <span class='ocrx_word' id='word_1_111' title='bbox 1602 810 1750 848; x_wconf 90' lang='lat' dir='ltr'><strong>sineret</strong></span> 
     </span>
     <span class='ocr_line' id='line_1_13' title="bbox 301 864 1749 918; baseline -0.004 -11"><span class='ocrx_word' id='word_1_112' title='bbox 301 870 449 917; x_wconf 91' lang='lat' dir='ltr'><strong>exseri,</strong></span> <span class='ocrx_word' id='word_1_113' title='bbox 487 869 694 906; x_wconf 88' lang='lat' dir='ltr'><strong>sinistrum</strong></span> <span class='ocrx_word' id='word_1_114' title='bbox 729 865 939 904; x_wconf 84' lang='lat' dir='ltr'><strong>occuleret.</strong></span> <span class='ocrx_word' id='word_1_115' title='bbox 1015 864 1250 917; x_wconf 88' lang='lat' dir='ltr'><strong>Chlamydis</strong></span> <span class='ocrx_word' id='word_1_116' title='bbox 1286 872 1326 903; x_wconf 88' lang='lat' dir='ltr'><strong>et</strong></span> <span class='ocrx_word' id='word_1_117' title='bbox 1367 866 1449 918; x_wconf 83' lang='lat' dir='ltr'><strong>sagi</strong></span> <span class='ocrx_word' id='word_1_118' title='bbox 1501 872 1541 903; x_wconf 86' lang='lat' dir='ltr'><strong>et</strong></span> <span class='ocrx_word' id='word_1_119' title='bbox 1578 864 1749 903; x_wconf 85' lang='lat' dir='ltr'><strong>chitonis</strong></span> 
     </span>
     <span class='ocr_line' id='line_1_14' title="bbox 300 918 1750 976; baseline -0.004 -14"><span class='ocrx_word' id='word_1_120' title='bbox 300 924 516 976; x_wconf 84' lang='lat' dir='ltr'><strong>imaginem</strong></span> <span class='ocrx_word' id='word_1_121' title='bbox 545 922 685 961; x_wconf 90' lang='lat' dir='ltr'><strong>videor</strong></span> <span class='ocrx_word' id='word_1_122' title='bbox 713 921 812 959; x_wconf 89' lang='lat' dir='ltr'><strong>mihi</strong></span> <span class='ocrx_word' id='word_1_123' title='bbox 840 922 880 958; x_wconf 93' lang='lat' dir='ltr'><strong>in</strong></span> <span class='ocrx_word' id='word_1_124' title='bbox 911 920 1139 973; x_wconf 86' lang='lat' dir='ltr'><strong>Menologio</strong></span> <span class='ocrx_word' id='word_1_125' title='bbox 1169 919 1369 958; x_wconf 88' lang='lat' dir='ltr'><strong>Basiliano</strong></span> <span class='ocrx_word' id='word_1_126' title='bbox 1401 921 1451 958; x_wconf 89' lang='lat' dir='ltr'><strong>T.</strong></span> <span class='ocrx_word' id='word_1_127' title='bbox 1480 920 1512 958; x_wconf 93' lang='grc' dir='ltr'><strong>Ι.</strong></span> <span class='ocrx_word' id='word_1_128' title='bbox 1537 935 1579 972; x_wconf 88' lang='lat' dir='ltr'><strong>p.</strong></span> <span class='ocrx_word' id='word_1_129' title='bbox 1607 919 1677 959; x_wconf 83' lang='lat'><strong>63.</strong></span> <span class='ocrx_word' id='word_1_130' title='bbox 1707 918 1750 957; x_wconf 88' lang='lat' dir='ltr'><strong>in</strong></span> 
     </span>
     <span class='ocr_line' id='line_1_15' title="bbox 303 974 1751 1031; baseline -0.003 -15"><span class='ocrx_word' id='word_1_131' title='bbox 303 978 432 1031; x_wconf 82' lang='lat' dir='ltr'><strong>effigie</strong></span> <span class='ocrx_word' id='word_1_132' title='bbox 465 978 506 1016; x_wconf 89' lang='lat' dir='ltr'><strong>S.</strong></span> <span class='ocrx_word' id='word_1_133' title='bbox 541 978 702 1015; x_wconf 90' lang='lat' dir='ltr'><strong>Ioannis</strong></span> <span class='ocrx_word' id='word_1_134' title='bbox 731 977 931 1027; x_wconf 74' lang='lat' dir='ltr'><strong>Baptistae</strong></span> <span class='ocrx_word' id='word_1_135' title='bbox 969 975 1019 1013; x_wconf 91' lang='lat' dir='ltr'><strong>ad</strong></span> <span class='ocrx_word' id='word_1_136' title='bbox 1059 974 1242 1012; x_wconf 88' lang='lat' dir='ltr'><strong>habitum</strong></span> <span class='ocrx_word' id='word_1_137' title='bbox 1285 975 1406 1013; x_wconf 88' lang='lat' dir='ltr'><strong>medii</strong></span> <span class='ocrx_word' id='word_1_138' title='bbox 1433 976 1522 1013; x_wconf 89' lang='lat' dir='ltr'><strong>aevi</strong></span> <span class='ocrx_word' id='word_1_139' title='bbox 1551 974 1656 1013; x_wconf 86' lang='lat' dir='ltr'><strong>facta</strong></span> <span class='ocrx_word' id='word_1_140' title='bbox 1685 975 1751 1012; x_wconf 89' lang='lat' dir='ltr'><strong>vi-</strong></span> 
     </span>
     <span class='ocr_line' id='line_1_16' title="bbox 303 1029 1750 1083; baseline -0.003 -11"><span class='ocrx_word' id='word_1_141' title='bbox 303 1034 412 1072; x_wconf 90' lang='lat' dir='ltr'><strong>dere.</strong></span> <span class='ocrx_word' id='word_1_142' title='bbox 445 1033 522 1071; x_wconf 87' lang='lat' dir='ltr'><strong>Est</strong></span> <span class='ocrx_word' id='word_1_143' title='bbox 551 1033 671 1070; x_wconf 88' lang='lat' dir='ltr'><strong>etiam</strong></span> <span class='ocrx_word' id='word_1_144' title='bbox 700 1030 893 1082; x_wconf 79' lang='lat' dir='ltr'><strong>chlamys,</strong></span> <span class='ocrx_word' id='word_1_145' title='bbox 926 1044 1005 1082; x_wconf 87' lang='lat' dir='ltr'><strong>qua</strong></span> <span class='ocrx_word' id='word_1_146' title='bbox 1034 1030 1200 1068; x_wconf 90' lang='lat' dir='ltr'><strong>indutus</strong></span> <span class='ocrx_word' id='word_1_147' title='bbox 1228 1030 1474 1083; x_wconf 83' lang='lat' dir='ltr'><strong>conspicitur</strong></span> <span class='ocrx_word' id='word_1_148' title='bbox 1497 1029 1750 1082; x_wconf 86' lang='lat' dir='ltr'><strong>Nicephorus</strong></span> 
     </span>
     <span class='ocr_line' id='line_1_17' title="bbox 302 1084 1752 1139; baseline -0.003 -12"><span class='ocrx_word' id='word_1_149' title='bbox 302 1089 533 1127; x_wconf 87' lang='lat' dir='ltr'><strong>Botoniates</strong></span> <span class='ocrx_word' id='word_1_150' title='bbox 562 1087 602 1124; x_wconf 92' lang='lat' dir='ltr'><strong>in</strong></span> <span class='ocrx_word' id='word_1_151' title='bbox 624 1086 794 1139; x_wconf 83' lang='lat' dir='ltr'><strong>imagine</strong></span> <span class='ocrx_word' id='word_1_152' title='bbox 815 1084 1079 1123; x_wconf 86' lang='lat' dir='ltr'><strong>Ceremoniali</strong></span> <span class='ocrx_word' id='word_1_153' title='bbox 1108 1092 1245 1123; x_wconf 89' lang='lat' dir='ltr'><strong>nostro</strong></span> <span class='ocrx_word' id='word_1_154' title='bbox 1264 1087 1491 1137; x_wconf 88' lang='lat' dir='ltr'><strong>praemissa.</strong></span> <span class='ocrx_word' id='word_1_155' title='bbox 1551 1085 1650 1123; x_wconf 89' lang='lat' dir='ltr'><strong>Nam</strong></span> <span class='ocrx_word' id='word_1_156' title='bbox 1678 1097 1752 1137; x_wconf 90' lang='lat' dir='ltr'><strong>per</strong></span> 
     </span>
     <span class='ocr_line' id='line_1_18' title="bbox 305 1139 1753 1182; baseline -0.003 -1"><span class='ocrx_word' id='word_1_157' title='bbox 305 1145 389 1182; x_wconf 89' lang='lat' dir='ltr'><strong>eius</strong></span> <span class='ocrx_word' id='word_1_158' title='bbox 417 1142 600 1181; x_wconf 85' lang='lat' dir='ltr'><strong>fissuram</strong></span> <span class='ocrx_word' id='word_1_159' title='bbox 627 1141 817 1180; x_wconf 88' lang='lat' dir='ltr'><strong>traiectus</strong></span> <span class='ocrx_word' id='word_1_160' title='bbox 834 1147 942 1178; x_wconf 89' lang='lat' dir='ltr'><strong>totus</strong></span> <span class='ocrx_word' id='word_1_161' title='bbox 971 1140 1105 1178; x_wconf 80' lang='lat' dir='ltr'><strong>dexter</strong></span> <span class='ocrx_word' id='word_1_162' title='bbox 1133 1139 1326 1179; x_wconf 84' lang='lat' dir='ltr'><strong>humerus</strong></span> <span class='ocrx_word' id='word_1_163' title='bbox 1346 1155 1438 1179; x_wconf 89' lang='lat' dir='ltr'><strong>cum</strong></span> <span class='ocrx_word' id='word_1_164' title='bbox 1466 1139 1638 1179; x_wconf 89' lang='lat' dir='ltr'><strong>chitonis</strong></span> <span class='ocrx_word' id='word_1_165' title='bbox 1663 1153 1753 1178; x_wconf 85' lang='lat' dir='ltr'><strong>ma·-</strong></span> 
     </span>
     <span class='ocr_line' id='line_1_19' title="bbox 303 1195 1751 1249; baseline -0.002 -12"><span class='ocrx_word' id='word_1_166' title='bbox 303 1200 396 1237; x_wconf 90' lang='lat' dir='ltr'><strong>nica</strong></span> <span class='ocrx_word' id='word_1_167' title='bbox 416 1198 555 1236; x_wconf 85' lang='lat' dir='ltr'><strong>dextra</strong></span> <span class='ocrx_word' id='word_1_168' title='bbox 577 1204 616 1235; x_wconf 90' lang='lat' dir='ltr'><strong>et</strong></span> <span class='ocrx_word' id='word_1_169' title='bbox 648 1197 733 1249; x_wconf 92' lang='lat' dir='ltr'><strong>ipso</strong></span> <span class='ocrx_word' id='word_1_170' title='bbox 777 1209 903 1248; x_wconf 87' lang='lat' dir='ltr'><strong>paene</strong></span> <span class='ocrx_word' id='word_1_171' title='bbox 920 1202 1004 1233; x_wconf 85' lang='lat' dir='ltr'><strong>toto</strong></span> <span class='ocrx_word' id='word_1_172' title='bbox 1035 1195 1196 1234; x_wconf 87' lang='lat' dir='ltr'><strong>chitone</strong></span> <span class='ocrx_word' id='word_1_173' title='bbox 1216 1202 1396 1248; x_wconf 86' lang='lat' dir='ltr'><strong>apparet.</strong></span> <span class='ocrx_word' id='word_1_174' title='bbox 1455 1196 1626 1234; x_wconf 88' lang='lat' dir='ltr'><strong>Sinistra</strong></span> <span class='ocrx_word' id='word_1_175' title='bbox 1654 1208 1751 1234; x_wconf 85' lang='lat' dir='ltr'><strong>vero</strong></span> 
     </span>
     <span class='ocr_line' id='line_1_20' title="bbox 303 1249 1752 1304; baseline -0.002 -12"><span class='ocrx_word' id='word_1_176' title='bbox 303 1267 447 1292; x_wconf 89' lang='lat' dir='ltr'><strong>manus</strong></span> <span class='ocrx_word' id='word_1_177' title='bbox 489 1251 572 1291; x_wconf 90' lang='lat' dir='ltr'><strong>sola</strong></span> <span class='ocrx_word' id='word_1_178' title='bbox 616 1252 847 1304; x_wconf 88' lang='lat' dir='ltr'><strong>prominens</strong></span> <span class='ocrx_word' id='word_1_179' title='bbox 889 1264 959 1302; x_wconf 91' lang='lat' dir='ltr'><strong>per</strong></span> <span class='ocrx_word' id='word_1_180' title='bbox 999 1250 1249 1288; x_wconf 83' lang='lat' dir='ltr'><strong>sublevatam</strong></span> <span class='ocrx_word' id='word_1_181' title='bbox 1289 1249 1544 1303; x_wconf 84' lang='lat' dir='ltr'><strong>chlamydem</strong></span> <span class='ocrx_word' id='word_1_182' title='bbox 1576 1257 1752 1304; x_wconf 85' lang='lat' dir='ltr'><strong>apparet.</strong></span> 
     </span>
     <span class='ocr_line' id='line_1_21' title="bbox 306 1305 1753 1360; baseline -0.003 -13"><span class='ocrx_word' id='word_1_183' title='bbox 306 1310 399 1358; x_wconf 86' lang='lat' dir='ltr'><strong>Qua</strong></span> <span class='ocrx_word' id='word_1_184' title='bbox 427 1315 540 1360; x_wconf 89' lang='lat' dir='ltr'><strong>parte</strong></span> <span class='ocrx_word' id='word_1_185' title='bbox 568 1306 730 1345; x_wconf 89' lang='lat' dir='ltr'><strong>coibant</strong></span> <span class='ocrx_word' id='word_1_186' title='bbox 757 1319 850 1344; x_wconf 91' lang='lat' dir='ltr'><strong>orae</strong></span> <span class='ocrx_word' id='word_1_187' title='bbox 881 1306 1006 1343; x_wconf 85' lang='lat' dir='ltr'><strong>dextri</strong></span> <span class='ocrx_word' id='word_1_188' title='bbox 1037 1312 1076 1344; x_wconf 92' lang='lat' dir='ltr'><strong>et</strong></span> <span class='ocrx_word' id='word_1_189' title='bbox 1115 1306 1263 1344; x_wconf 90' lang='lat' dir='ltr'><strong>sinistri</strong></span> <span class='ocrx_word' id='word_1_190' title='bbox 1292 1305 1442 1355; x_wconf 90' lang='lat' dir='ltr'><strong>lateris,</strong></span> <span class='ocrx_word' id='word_1_191' title='bbox 1470 1307 1513 1344; x_wconf 91' lang='lat' dir='ltr'><strong>in</strong></span> <span class='ocrx_word' id='word_1_192' title='bbox 1541 1305 1753 1358; x_wconf 87' lang='lat' dir='ltr'><strong>chlamyde</strong></span> 
     </span>
     <span class='ocr_line' id='line_1_22' title="bbox 304 1359 1754 1413; baseline -0.002 -11"><span class='ocrx_word' id='word_1_193' title='bbox 304 1362 386 1402; x_wconf 86' lang='lat' dir='ltr'><strong>lata</strong></span> <span class='ocrx_word' id='word_1_194' title='bbox 415 1370 502 1401; x_wconf 87' lang='lat' dir='ltr'><strong>erat</strong></span> <span class='ocrx_word' id='word_1_195' title='bbox 530 1362 661 1400; x_wconf 90' lang='lat' dir='ltr'><strong>insuta</strong></span> <span class='ocrx_word' id='word_1_196' title='bbox 689 1368 759 1399; x_wconf 91' lang='lat' dir='ltr'><strong>aut</strong></span> <span class='ocrx_word' id='word_1_197' title='bbox 786 1361 936 1398; x_wconf 85' lang='lat' dir='ltr'><strong>intexta</strong></span> <span class='ocrx_word' id='word_1_198' title='bbox 962 1360 1102 1398; x_wconf 88' lang='lat' dir='ltr'><strong>tabula</strong></span> <span class='ocrx_word' id='word_1_199' title='bbox 1119 1390 1129 1407; x_wconf 90' lang='lat'><strong>,</strong></span> <span class='ocrx_word' id='word_1_200' title='bbox 1161 1374 1388 1412; x_wconf 85' lang='lat' dir='ltr'><strong>purpurea,</strong></span> <span class='ocrx_word' id='word_1_201' title='bbox 1417 1374 1536 1399; x_wconf 88' lang='lat' dir='ltr'><strong>aurea</strong></span> <span class='ocrx_word' id='word_1_202' title='bbox 1552 1389 1564 1410; x_wconf 90' lang='lat'><strong>,</strong></span> <span class='ocrx_word' id='word_1_203' title='bbox 1594 1359 1754 1413; x_wconf 89' lang='lat' dir='ltr'><strong>pluma-</strong></span> 
     </span>
     <span class='ocr_line' id='line_1_23' title="bbox 304 1415 1754 1470; baseline -0.001 -14"><span class='ocrx_word' id='word_1_204' title='bbox 304 1425 347 1456; x_wconf 87' lang='lat' dir='ltr'><strong>ta</strong></span> <span class='ocrx_word' id='word_1_205' title='bbox 364 1448 374 1465; x_wconf 94' lang='lat'><strong>,</strong></span> <span class='ocrx_word' id='word_1_206' title='bbox 407 1418 598 1470; x_wconf 86' lang='lat' dir='ltr'><strong>imagines</strong></span> <span class='ocrx_word' id='word_1_207' title='bbox 627 1417 783 1462; x_wconf 85' lang='lat' dir='ltr'><strong>varias,</strong></span> <span class='ocrx_word' id='word_1_208' title='bbox 815 1415 1028 1468; x_wconf 87' lang='lat' dir='ltr'><strong>praecipue</strong></span> <span class='ocrx_word' id='word_1_209' title='bbox 1057 1429 1151 1454; x_wconf 88' lang='lat' dir='ltr'><strong>vero</strong></span> <span class='ocrx_word' id='word_1_210' title='bbox 1179 1416 1433 1468; x_wconf 83' lang='lat' dir='ltr'><strong>principum,</strong></span> <span class='ocrx_word' id='word_1_211' title='bbox 1463 1429 1636 1469; x_wconf 89' lang='lat' dir='ltr'><strong>quorum</strong></span> <span class='ocrx_word' id='word_1_212' title='bbox 1663 1417 1754 1469; x_wconf 85' lang='lat' dir='ltr'><strong>quis</strong></span> 
     </span>
     <span class='ocr_line' id='line_1_24' title="bbox 305 1470 1756 1524; baseline -0.002 -13"><span class='ocrx_word' id='word_1_213' title='bbox 305 1480 408 1511; x_wconf 87' lang='lat' dir='ltr'><strong>essct</strong></span> <span class='ocrx_word' id='word_1_214' title='bbox 437 1472 648 1520; x_wconf 91' lang='lat' dir='ltr'><strong>subditus,</strong></span> <span class='ocrx_word' id='word_1_215' title='bbox 688 1478 892 1523; x_wconf 88' lang='lat' dir='ltr'><strong>protomas</strong></span> <span class='ocrx_word' id='word_1_216' title='bbox 931 1470 1155 1509; x_wconf 87' lang='lat' dir='ltr'><strong>ostendens.</strong></span> <span class='ocrx_word' id='word_1_217' title='bbox 1234 1471 1317 1509; x_wconf 89' lang='lat' dir='ltr'><strong>Has</strong></span> <span class='ocrx_word' id='word_1_218' title='bbox 1349 1470 1506 1509; x_wconf 87' lang='lat' dir='ltr'><strong>tabulas</strong></span> <span class='ocrx_word' id='word_1_219' title='bbox 1531 1471 1655 1509; x_wconf 84' lang='lat' dir='ltr'><strong>tablia</strong></span> <span class='ocrx_word' id='word_1_220' title='bbox 1683 1485 1756 1524; x_wconf 84' lang='lat' dir='ltr'><strong>ap-</strong></span> 
     </span>
     <span class='ocr_line' id='line_1_25' title="bbox 306 1525 1754 1580; baseline 0 -15"><span class='ocrx_word' id='word_1_221' title='bbox 306 1527 458 1580; x_wconf 87' lang='lat' dir='ltr'><strong>pellant</strong></span> <span class='ocrx_word' id='word_1_222' title='bbox 481 1558 491 1575; x_wconf 82' lang='lat'><strong>,</strong></span> <span class='ocrx_word' id='word_1_223' title='bbox 529 1527 579 1565; x_wconf 93' lang='lat' dir='ltr'><strong>de</strong></span> <span class='ocrx_word' id='word_1_224' title='bbox 624 1527 769 1578; x_wconf 87' lang='lat' dir='ltr'><strong>quibus</strong></span> <span class='ocrx_word' id='word_1_225' title='bbox 796 1529 836 1564; x_wconf 90' lang='lat' dir='ltr'><strong>in</strong></span> <span class='ocrx_word' id='word_1_226' title='bbox 858 1526 1078 1564; x_wconf 88' lang='lat' dir='ltr'><strong>continenti</strong></span> <span class='ocrx_word' id='word_1_227' title='bbox 1108 1525 1239 1564; x_wconf 81' lang='lat' dir='ltr'><strong>dicam</strong></span> <span class='ocrx_word' id='word_1_228' title='bbox 1265 1525 1463 1578; x_wconf 88' lang='lat' dir='ltr'><strong>pluribus.</strong></span> <span class='ocrx_word' id='word_1_229' title='bbox 1522 1525 1754 1580; x_wconf 88' lang='lat' dir='ltr'><strong>Chlamydis</strong></span> 
     </span>
     <span class='ocr_line' id='line_1_26' title="bbox 306 1580 1756 1636; baseline 0 -16"><span class='ocrx_word' id='word_1_230' title='bbox 306 1585 430 1636; x_wconf 85' lang='lat' dir='ltr'><strong>igitur</strong></span> <span class='ocrx_word' id='word_1_231' title='bbox 460 1589 545 1620; x_wconf 84' lang='lat' dir='ltr'><strong>erat</strong></span> <span class='ocrx_word' id='word_1_232' title='bbox 573 1581 696 1619; x_wconf 85' lang='lat' dir='ltr'><strong>fibula</strong></span> <span class='ocrx_word' id='word_1_233' title='bbox 726 1581 765 1619; x_wconf 92' lang='lat' dir='ltr'><strong>in</strong></span> <span class='ocrx_word' id='word_1_234' title='bbox 796 1581 934 1619; x_wconf 82' lang='lat' dir='ltr'><strong>dextro</strong></span> <span class='ocrx_word' id='word_1_235' title='bbox 962 1581 1146 1631; x_wconf 89' lang='lat' dir='ltr'><strong>humero,</strong></span> <span class='ocrx_word' id='word_1_236' title='bbox 1178 1581 1253 1620; x_wconf 89' lang='lat' dir='ltr'><strong>sub</strong></span> <span class='ocrx_word' id='word_1_237' title='bbox 1296 1596 1375 1634; x_wconf 89' lang='lat' dir='ltr'><strong>qua</strong></span> <span class='ocrx_word' id='word_1_238' title='bbox 1403 1581 1538 1620; x_wconf 87' lang='lat' dir='ltr'><strong>dexter</strong></span> <span class='ocrx_word' id='word_1_239' title='bbox 1563 1580 1756 1620; x_wconf 87' lang='lat' dir='ltr'><strong>humerus</strong></span> 
     </span>
     <span class='ocr_line' id='line_1_27' title="bbox 309 1635 1756 1689; baseline -0.001 -13"><span class='ocrx_word' id='word_1_240' title='bbox 309 1637 576 1676; x_wconf 84' lang='lat' dir='ltr'><strong>exserebatur.</strong></span> <span class='ocrx_word' id='word_1_241' title='bbox 665 1636 831 1674; x_wconf 88' lang='lat' dir='ltr'><strong>Constat</strong></span> <span class='ocrx_word' id='word_1_242' title='bbox 865 1636 907 1674; x_wconf 93' lang='lat' dir='ltr'><strong>id</strong></span> <span class='ocrx_word' id='word_1_243' title='bbox 941 1635 1075 1675; x_wconf 89' lang='lat' dir='ltr'><strong>multis</strong></span> <span class='ocrx_word' id='word_1_244' title='bbox 1115 1643 1325 1674; x_wconf 89' lang='lat' dir='ltr'><strong>auctorum</strong></span> <span class='ocrx_word' id='word_1_245' title='bbox 1364 1636 1487 1684; x_wconf 87' lang='lat' dir='ltr'><strong>locis,</strong></span> <span class='ocrx_word' id='word_1_246' title='bbox 1517 1635 1569 1675; x_wconf 88' lang='lat' dir='ltr'><strong>de</strong></span> <span class='ocrx_word' id='word_1_247' title='bbox 1607 1635 1756 1689; x_wconf 88' lang='lat' dir='ltr'><strong>quibus</strong></span> 
     </span>
     <span class='ocr_line' id='line_1_28' title="bbox 305 1690 1755 1745; baseline 0 -15"><span class='ocrx_word' id='word_1_248' title='bbox 305 1707 433 1730; x_wconf 90' lang='lat' dir='ltr'><strong>unum</strong></span> <span class='ocrx_word' id='word_1_249' title='bbox 463 1693 638 1730; x_wconf 86' lang='lat' dir='ltr'><strong>Nicetam</strong></span> <span class='ocrx_word' id='word_1_250' title='bbox 667 1691 826 1740; x_wconf 82' lang='lat' dir='ltr'><strong>citabo,</strong></span> <span class='ocrx_word' id='word_1_251' title='bbox 857 1692 926 1744; x_wconf 90' lang='lat' dir='ltr'><strong>qui</strong></span> <span class='ocrx_word' id='word_1_252' title='bbox 955 1692 1003 1729; x_wconf 92' lang='lat' dir='ltr'><strong>L.</strong></span> <span class='ocrx_word' id='word_1_253' title='bbox 1037 1691 1109 1729; x_wconf 89' lang='lat' dir='ltr'><strong>III.</strong></span> <span class='ocrx_word' id='word_1_254' title='bbox 1146 1691 1343 1730; x_wconf 90' lang='lat' dir='ltr'><strong>Manuelis</strong></span> <span class='ocrx_word' id='word_1_255' title='bbox 1371 1706 1413 1745; x_wconf 88' lang='lat' dir='ltr'><strong>p.</strong></span> <span class='ocrx_word' id='word_1_256' title='bbox 1446 1704 1513 1745; x_wconf 85' lang='lat'><strong>71.</strong></span> <span class='ocrx_word' id='word_1_257' title='bbox 1563 1690 1643 1730; x_wconf 91' lang='lat' dir='ltr'><strong>fine</strong></span> <span class='ocrx_word' id='word_1_258' title='bbox 1683 1691 1755 1730; x_wconf 88' lang='lat' dir='ltr'><strong>de-</strong></span> 
     </span>
     <span class='ocr_line' id='line_1_29' title="bbox 308 1746 1756 1800; baseline 0 -15"><span class='ocrx_word' id='word_1_259' title='bbox 308 1748 486 1786; x_wconf 86' lang='lat' dir='ltr'><strong>scribens</strong></span> <span class='ocrx_word' id='word_1_260' title='bbox 515 1754 838 1785; x_wconf 85' lang='lat' dir='ltr'><strong>torneamentum</strong></span> <span class='ocrx_word' id='word_1_261' title='bbox 877 1746 928 1784; x_wconf 89' lang='lat' dir='ltr'><strong>ab</strong></span> <span class='ocrx_word' id='word_1_262' title='bbox 957 1746 1026 1784; x_wconf 90' lang='lat' dir='ltr'><strong>illo</strong></span> <span class='ocrx_word' id='word_1_263' title='bbox 1056 1747 1299 1799; x_wconf 89' lang='lat' dir='ltr'><strong>Imperatore</strong></span> <span class='ocrx_word' id='word_1_264' title='bbox 1326 1753 1366 1786; x_wconf 89' lang='lat' dir='ltr'><strong>et</strong></span> <span class='ocrx_word' id='word_1_265' title='bbox 1391 1747 1550 1785; x_wconf 87' lang='lat' dir='ltr'><strong>Franco</strong></span> <span class='ocrx_word' id='word_1_266' title='bbox 1576 1746 1756 1800; x_wconf 88' lang='lat' dir='ltr'><strong>principe</strong></span> 
     </span>
     <span class='ocr_line' id='line_1_30' title="bbox 308 1801 1755 1855; baseline 0 -15"><span class='ocrx_word' id='word_1_267' title='bbox 308 1802 546 1840; x_wconf 86' lang='lat' dir='ltr'><strong>Antiochiae</strong></span> <span class='ocrx_word' id='word_1_268' title='bbox 575 1802 682 1854; x_wconf 83' lang='lat' dir='ltr'><strong>apud</strong></span> <span class='ocrx_word' id='word_1_269' title='bbox 710 1801 820 1839; x_wconf 89' lang='lat' dir='ltr'><strong>illam</strong></span> <span class='ocrx_word' id='word_1_270' title='bbox 842 1802 982 1839; x_wconf 89' lang='lat' dir='ltr'><strong>urbem</strong></span> <span class='ocrx_word' id='word_1_271' title='bbox 1000 1802 1248 1852; x_wconf 87' lang='lat' dir='ltr'><strong>institutum,</strong></span> <span class='ocrx_word' id='word_1_272' title='bbox 1271 1802 1326 1840; x_wconf 89' lang='lat' dir='ltr'><strong>ait</strong></span> <span class='ocrx_word' id='word_1_273' title='bbox 1354 1802 1641 1854; x_wconf 84' lang='lat' dir='ltr'><strong>Imperatorem</strong></span> <span class='ocrx_word' id='word_1_274' title='bbox 1657 1815 1755 1855; x_wconf 89' lang='lat' dir='ltr'><strong>pro—</strong></span> 
     </span>
     <span class='ocr_line' id='line_1_31' title="bbox 309 1853 1756 1910; baseline 0.001 -15"><span class='ocrx_word' id='word_1_275' title='bbox 309 1859 469 1896; x_wconf 89' lang='lat' dir='ltr'><strong>cessisse</strong></span> <span class='ocrx_word' id='word_1_276' title='bbox 503 1859 544 1894; x_wconf 88' lang='lat' dir='ltr'><strong>in</strong></span> <span class='ocrx_word' id='word_1_277' title='bbox 576 1871 706 1910; x_wconf 87' lang='lat' dir='ltr'><strong>equo,</strong></span> <span class='ocrx_word' id='word_1_278' title='bbox 746 1853 949 1907; x_wconf 76' lang='grc' dir='ltr'><em>χλαμύᾶα</em></span> <span class='ocrx_word' id='word_1_279' title='bbox 979 1854 1215 1908; x_wconf 61' lang='grc' dir='ltr'><em>ἠσθημένοι)</em></span> <span class='ocrx_word' id='word_1_280' title='bbox 1244 1854 1527 1909; x_wconf 76' lang='grc' dir='ltr'><strong><em>α’στειοτέραν,</em></strong></span> <span class='ocrx_word' id='word_1_281' title='bbox 1558 1856 1657 1910; x_wconf 71' lang='grc' dir='ltr'><strong>περὶ</strong></span> <span class='ocrx_word' id='word_1_282' title='bbox 1681 1853 1756 1896; x_wconf 75' lang='grc' dir='ltr'><strong>τὸν</strong></span> 
     </span>
     <span class='ocr_line' id='line_1_32' title="bbox 310 1905 1754 1964; baseline 0 -14"><span class='ocrx_word' id='word_1_283' title='bbox 310 1907 450 1959; x_wconf 74' lang='grc' dir='ltr'><em>δεξιὸν</em></span> <span class='ocrx_word' id='word_1_284' title='bbox 484 1905 598 1961; x_wconf 73' lang='grc' dir='ltr'><em>ὦμον</em></span> <span class='ocrx_word' id='word_1_285' title='bbox 629 1911 934 1963; x_wconf 79' lang='grc' dir='ltr'>περονουμένην</span> <span class='ocrx_word' id='word_1_286' title='bbox 957 1910 1030 1949; x_wconf 80' lang='grc' dir='ltr'><strong>καί</strong></span> <span class='ocrx_word' id='word_1_287' title='bbox 1044 1906 1243 1964; x_wconf 77' lang='grc' dir='ltr'><em>ἀφιεῖσαν</em></span> <span class='ocrx_word' id='word_1_288' title='bbox 1270 1909 1498 1962; x_wconf 70' lang='grc' dir='ltr'><strong><em>ἐλευθέραν</em></strong></span> <span class='ocrx_word' id='word_1_289' title='bbox 1525 1907 1604 1964; x_wconf 77' lang='grc' dir='ltr'><strong>τήν</strong></span> <span class='ocrx_word' id='word_1_290' title='bbox 1627 1913 1754 1964; x_wconf 78' lang='grc' dir='ltr'><strong><em>χεῖρα</em></strong></span> 
     </span>
     <span class='ocr_line' id='line_1_33' title="bbox 309 1961 1757 2019; baseline 0.001 -16"><span class='ocrx_word' id='word_1_291' title='bbox 309 1962 415 2005; x_wconf 75' lang='grc' dir='ltr'><em>κατὰ</em></span> <span class='ocrx_word' id='word_1_292' title='bbox 456 1962 506 2004; x_wconf 76' lang='grc' dir='ltr'><strong>τό</strong></span> <span class='ocrx_word' id='word_1_293' title='bbox 546 1961 760 2017; x_wconf 77' lang='grc' dir='ltr'><em>πόρπημα.</em></span> <span class='ocrx_word' id='word_1_294' title='bbox 819 1965 1034 2004; x_wconf 88' lang='lat' dir='ltr'><strong>Chlanides</strong></span> <span class='ocrx_word' id='word_1_295' title='bbox 1076 1973 1115 2004; x_wconf 88' lang='lat' dir='ltr'><strong>et</strong></span> <span class='ocrx_word' id='word_1_296' title='bbox 1144 1966 1324 2004; x_wconf 89' lang='lat' dir='ltr'><strong>chitones</strong></span> <span class='ocrx_word' id='word_1_297' title='bbox 1363 1965 1567 2005; x_wconf 87' lang='lat' dir='ltr'><strong>habebant</strong></span> <span class='ocrx_word' id='word_1_298' title='bbox 1593 1966 1757 2019; x_wconf 88' lang='lat' dir='ltr'><strong>quidem</strong></span> 
     </span>
     <span class='ocr_line' id='line_1_34' title="bbox 310 2020 1756 2074; baseline 0.001 -16"><span class='ocrx_word' id='word_1_299' title='bbox 310 2021 512 2059; x_wconf 88' lang='lat' dir='ltr'><strong>interdum</strong></span> <span class='ocrx_word' id='word_1_300' title='bbox 541 2035 700 2074; x_wconf 88' lang='lat' dir='ltr'><strong>quoque</strong></span> <span class='ocrx_word' id='word_1_301' title='bbox 728 2020 896 2070; x_wconf 89' lang='lat' dir='ltr'><strong>fibulas,</strong></span> <span class='ocrx_word' id='word_1_302' title='bbox 936 2020 1004 2059; x_wconf 88' lang='lat' dir='ltr'><strong>sed</strong></span> <span class='ocrx_word' id='word_1_303' title='bbox 1030 2034 1111 2059; x_wconf 92' lang='lat' dir='ltr'><strong>non</strong></span> <span class='ocrx_word' id='word_1_304' title='bbox 1139 2035 1310 2074; x_wconf 88' lang='lat' dir='ltr'><strong>semper.</strong></span> <span class='ocrx_word' id='word_1_305' title='bbox 1369 2021 1521 2060; x_wconf 84' lang='lat' dir='ltr'><strong>Multae</strong></span> <span class='ocrx_word' id='word_1_306' title='bbox 1551 2024 1659 2060; x_wconf 89' lang='lat' dir='ltr'><strong>enim</strong></span> <span class='ocrx_word' id='word_1_307' title='bbox 1689 2035 1756 2060; x_wconf 84' lang='lat' dir='ltr'><strong>ea-</strong></span> 
     </span>
     <span class='ocr_line' id='line_1_35' title="bbox 310 2075 1756 2126; baseline 0.001 -13"><span class='ocrx_word' id='word_1_308' title='bbox 310 2089 403 2113; x_wconf 88' lang='lat' dir='ltr'><strong>rum</strong></span> <span class='ocrx_word' id='word_1_309' title='bbox 433 2076 484 2113; x_wconf 88' lang='lat' dir='ltr'><strong>ad</strong></span> <span class='ocrx_word' id='word_1_310' title='bbox 512 2083 694 2114; x_wconf 89' lang='lat' dir='ltr'><strong>nostrum</strong></span> <span class='ocrx_word' id='word_1_311' title='bbox 722 2075 962 2114; x_wconf 88' lang='lat' dir='ltr'><strong>hodiernum</strong></span> <span class='ocrx_word' id='word_1_312' title='bbox 990 2089 1145 2114; x_wconf 90' lang='lat' dir='ltr'><strong>morem</strong></span> <span class='ocrx_word' id='word_1_313' title='bbox 1175 2076 1301 2115; x_wconf 84' lang='lat' dir='ltr'><strong>factae</strong></span> <span class='ocrx_word' id='word_1_314' title='bbox 1329 2083 1468 2126; x_wconf 86' lang='lat' dir='ltr'><strong>erant,</strong></span> <span class='ocrx_word' id='word_1_315' title='bbox 1494 2077 1549 2114; x_wconf 91' lang='lat' dir='ltr'><strong>sic</strong></span> <span class='ocrx_word' id='word_1_316' title='bbox 1577 2083 1624 2115; x_wconf 88' lang='lat' dir='ltr'><strong>ut</strong></span> <span class='ocrx_word' id='word_1_317' title='bbox 1650 2077 1756 2115; x_wconf 89' lang='lat' dir='ltr'><strong>inter</strong></span> 
     </span>
     <span class='ocr_line' id='line_1_36' title="bbox 309 2129 1763 2184; baseline 0.001 -16"><span class='ocrx_word' id='word_1_318' title='bbox 309 2129 415 2168; x_wconf 80' lang='lat' dir='ltr'><strong>latus</strong></span> <span class='ocrx_word' id='word_1_319' title='bbox 443 2129 535 2169; x_wconf 90' lang='lat' dir='ltr'><strong>colli</strong></span> <span class='ocrx_word' id='word_1_320' title='bbox 564 2138 604 2169; x_wconf 90' lang='lat' dir='ltr'><strong>et</strong></span> <span class='ocrx_word' id='word_1_321' title='bbox 635 2131 863 2168; x_wconf 88' lang='lat' dir='ltr'><strong>iuncturam</strong></span> <span class='ocrx_word' id='word_1_322' title='bbox 890 2130 1048 2170; x_wconf 89' lang='lat' dir='ltr'><strong>humeri</strong></span> <span class='ocrx_word' id='word_1_323' title='bbox 1089 2145 1182 2169; x_wconf 92' lang='lat' dir='ltr'><strong>cum</strong></span> <span class='ocrx_word' id='word_1_324' title='bbox 1209 2130 1414 2170; x_wconf 87' lang='lat' dir='ltr'><strong>claviculis</strong></span> <span class='ocrx_word' id='word_1_325' title='bbox 1446 2129 1548 2170; x_wconf 86' lang='lat' dir='ltr'><strong>nihil</strong></span> <span class='ocrx_word' id='word_1_326' title='bbox 1577 2137 1763 2184; x_wconf 81' lang='lat' dir='ltr'><strong>pateret,</strong></span> 
     </span>
     <span class='ocr_line' id='line_1_37' title="bbox 311 2185 1755 2238; baseline 0.001 -15"><span class='ocrx_word' id='word_1_327' title='bbox 311 2185 382 2223; x_wconf 89' lang='lat' dir='ltr'><strong>sed</strong></span> <span class='ocrx_word' id='word_1_328' title='bbox 414 2185 543 2223; x_wconf 89' lang='lat' dir='ltr'><strong>omnis</strong></span> <span class='ocrx_word' id='word_1_329' title='bbox 572 2198 727 2238; x_wconf 90' lang='lat' dir='ltr'><strong>pannus</strong></span> <span class='ocrx_word' id='word_1_330' title='bbox 755 2187 969 2224; x_wconf 89' lang='lat' dir='ltr'><strong>continuus</strong></span> <span class='ocrx_word' id='word_1_331' title='bbox 1009 2192 1109 2224; x_wconf 88' lang='lat' dir='ltr'><strong>esset</strong></span> <span class='ocrx_word' id='word_1_332' title='bbox 1127 2216 1138 2236; x_wconf 88' lang='lat'>‚</span> <span class='ocrx_word' id='word_1_333' title='bbox 1169 2193 1208 2225; x_wconf 88' lang='lat' dir='ltr'><strong>et</strong></span> <span class='ocrx_word' id='word_1_334' title='bbox 1232 2186 1388 2224; x_wconf 88' lang='lat' dir='ltr'><strong>manica</strong></span> <span class='ocrx_word' id='word_1_335' title='bbox 1417 2200 1510 2224; x_wconf 88' lang='lat' dir='ltr'><strong>cum</strong></span> <span class='ocrx_word' id='word_1_336' title='bbox 1534 2185 1618 2238; x_wconf 90' lang='lat' dir='ltr'><strong>ipsa</strong></span> <span class='ocrx_word' id='word_1_337' title='bbox 1644 2192 1755 2224; x_wconf 86' lang='lat' dir='ltr'><strong>veste</strong></span> 
     </span>
     <span class='ocr_line' id='line_1_38' title="bbox 311 2238 1755 2292; baseline 0 -15"><span class='ocrx_word' id='word_1_338' title='bbox 311 2239 559 2278; x_wconf 88' lang='lat' dir='ltr'><strong>cohaereret.</strong></span> <span class='ocrx_word' id='word_1_339' title='bbox 626 2240 672 2279; x_wconf 91' lang='lat' dir='ltr'><strong>In</strong></span> <span class='ocrx_word' id='word_1_340' title='bbox 698 2240 942 2292; x_wconf 88' lang='lat' dir='ltr'><strong>quibusdam</strong></span> <span class='ocrx_word' id='word_1_341' title='bbox 982 2247 1115 2279; x_wconf 91' lang='lat' dir='ltr'><strong>tamen</strong></span> <span class='ocrx_word' id='word_1_342' title='bbox 1146 2241 1374 2280; x_wconf 89' lang='lat' dir='ltr'><strong>chitonibus</strong></span> <span class='ocrx_word' id='word_1_343' title='bbox 1401 2240 1465 2279; x_wconf 93' lang='lat' dir='ltr'><strong>vel</strong></span> <span class='ocrx_word' id='word_1_344' title='bbox 1491 2240 1637 2279; x_wconf 88' lang='lat' dir='ltr'><strong>tunicis</strong></span> <span class='ocrx_word' id='word_1_345' title='bbox 1666 2238 1755 2278; x_wconf 88' lang='lat' dir='ltr'><strong>hia-</strong></span> 
     </span>
     <span class='ocr_line' id='line_1_39' title="bbox 310 2293 1763 2348; baseline 0 -16"><span class='ocrx_word' id='word_1_346' title='bbox 310 2293 382 2332; x_wconf 87' lang='lat' dir='ltr'><strong>bat</strong></span> <span class='ocrx_word' id='word_1_347' title='bbox 410 2309 568 2346; x_wconf 89' lang='lat' dir='ltr'><strong>pannus</strong></span> <span class='ocrx_word' id='word_1_348' title='bbox 609 2294 661 2332; x_wconf 91' lang='lat' dir='ltr'><strong>ab</strong></span> <span class='ocrx_word' id='word_1_349' title='bbox 689 2302 861 2348; x_wconf 82' lang='lat' dir='ltr'><strong>utroque</strong></span> <span class='ocrx_word' id='word_1_350' title='bbox 906 2294 1029 2333; x_wconf 89' lang='lat' dir='ltr'><strong>latere</strong></span> <span class='ocrx_word' id='word_1_351' title='bbox 1057 2302 1096 2334; x_wconf 90' lang='lat' dir='ltr'><strong>et</strong></span> <span class='ocrx_word' id='word_1_352' title='bbox 1124 2294 1206 2334; x_wconf 89' lang='lat' dir='ltr'><strong>lata</strong></span> <span class='ocrx_word' id='word_1_353' title='bbox 1233 2296 1374 2334; x_wconf 88' lang='lat' dir='ltr'><strong>fissura</strong></span> <span class='ocrx_word' id='word_1_354' title='bbox 1401 2303 1486 2334; x_wconf 89' lang='lat' dir='ltr'><strong>erat</strong></span> <span class='ocrx_word' id='word_1_355' title='bbox 1515 2295 1700 2346; x_wconf 83' lang='lat' dir='ltr'><strong>utrinque</strong></span> <span class='ocrx_word' id='word_1_356' title='bbox 1729 2296 1763 2333; x_wconf 53' lang='lat' dir='ltr'><strong>a‘</strong></span> 
     </span>
     <span class='ocr_line' id='line_1_40' title="bbox 309 2349 1756 2404; baseline 0 -18"><span class='ocrx_word' id='word_1_357' title='bbox 309 2349 489 2387; x_wconf 88' lang='lat' dir='ltr'><strong>mamilla</strong></span> <span class='ocrx_word' id='word_1_358' title='bbox 517 2351 687 2402; x_wconf 88' lang='lat' dir='ltr'><strong>pectoris</strong></span> <span class='ocrx_word' id='word_1_359' title='bbox 725 2350 774 2388; x_wconf 86' lang='lat' dir='ltr'><strong>ad</strong></span> <span class='ocrx_word' id='word_1_360' title='bbox 805 2350 924 2389; x_wconf 86' lang='lat' dir='ltr'><strong>finem</strong></span> <span class='ocrx_word' id='word_1_361' title='bbox 953 2349 1135 2402; x_wconf 87' lang='lat' dir='ltr'><strong>scapulae</strong></span> <span class='ocrx_word' id='word_1_362' title='bbox 1178 2365 1306 2404; x_wconf 90' lang='lat' dir='ltr'><strong>usque</strong></span> <span class='ocrx_word' id='word_1_363' title='bbox 1333 2350 1564 2403; x_wconf 81' lang='lat' dir='ltr'><strong>procedens.</strong></span> <span class='ocrx_word' id='word_1_364' title='bbox 1619 2350 1756 2387; x_wconf 89' lang='lat' dir='ltr'><strong>Gemi-</strong></span> 
     </span>
     <span class='ocr_line' id='line_1_41' title="bbox 311 2401 1758 2458; baseline 0.001 -17"><span class='ocrx_word' id='word_1_365' title='bbox 311 2417 387 2442; x_wconf 86' lang='lat' dir='ltr'><strong>nae</strong></span> <span class='ocrx_word' id='word_1_366' title='bbox 415 2405 538 2457; x_wconf 82' lang='lat' dir='ltr'><strong>igitur</strong></span> <span class='ocrx_word' id='word_1_367' title='bbox 580 2404 655 2442; x_wconf 91' lang='lat' dir='ltr'><strong>hae</strong></span> <span class='ocrx_word' id='word_1_368' title='bbox 693 2406 818 2443; x_wconf 87' lang='lat' dir='ltr'><strong>rimae</strong></span> <span class='ocrx_word' id='word_1_369' title='bbox 846 2404 978 2442; x_wconf 84' lang='lat' dir='ltr'><strong>fibulis</strong></span> <span class='ocrx_word' id='word_1_370' title='bbox 1017 2405 1206 2458; x_wconf 86' lang='lat' dir='ltr'><strong>adstringi</strong></span> <span class='ocrx_word' id='word_1_371' title='bbox 1242 2406 1455 2444; x_wconf 88' lang='lat' dir='ltr'><strong>debebant.</strong></span> <span class='ocrx_word' id='word_1_372' title='bbox 1508 2401 1758 2442; x_wconf 86' lang='lat' dir='ltr'><strong>Differebant</strong></span> 
     </span>
     <span class='ocr_line' id='line_1_42' title="bbox 313 2457 1753 2513; baseline 0 -18"><span class='ocrx_word' id='word_1_373' title='bbox 313 2458 434 2510; x_wconf 84' lang='lat' dir='ltr'><strong>igitur</strong></span> <span class='ocrx_word' id='word_1_374' title='bbox 462 2458 608 2497; x_wconf 87' lang='lat' dir='ltr'><strong>fibulae</strong></span> <span class='ocrx_word' id='word_1_375' title='bbox 635 2459 844 2498; x_wconf 87' lang='lat' dir='ltr'><strong>chitonum</strong></span> <span class='ocrx_word' id='word_1_376' title='bbox 872 2474 895 2498; x_wconf 87' lang='lat' dir='ltr'><strong>a</strong></span> <span class='ocrx_word' id='word_1_377' title='bbox 923 2458 1057 2499; x_wconf 89' lang='lat' dir='ltr'><strong>fibulis</strong></span> <span class='ocrx_word' id='word_1_378' title='bbox 1085 2460 1365 2513; x_wconf 86' lang='lat' dir='ltr'><strong>chlamydum,</strong></span> <span class='ocrx_word' id='word_1_379' title='bbox 1411 2457 1519 2512; x_wconf 91' lang='lat' dir='ltr'><strong>quod</strong></span> <span class='ocrx_word' id='word_1_380' title='bbox 1546 2457 1623 2496; x_wconf 89' lang='lat' dir='ltr'><strong>hae</strong></span> <span class='ocrx_word' id='word_1_381' title='bbox 1650 2471 1753 2496; x_wconf 89' lang='lat' dir='ltr'><strong>sem-</strong></span> 
     </span>
     <span class='ocr_line' id='line_1_43' title="bbox 312 2511 1755 2567; baseline 0.001 -17"><span class='ocrx_word' id='word_1_382' title='bbox 312 2526 384 2563; x_wconf 90' lang='lat' dir='ltr'><strong>per</strong></span> <span class='ocrx_word' id='word_1_383' title='bbox 425 2513 606 2552; x_wconf 89' lang='lat' dir='ltr'><strong>adessent</strong></span> <span class='ocrx_word' id='word_1_384' title='bbox 654 2521 693 2552; x_wconf 91' lang='lat' dir='ltr'><strong>et</strong></span> <span class='ocrx_word' id='word_1_385' title='bbox 729 2528 938 2567; x_wconf 86' lang='lat' dir='ltr'><strong>nunquam</strong></span> <span class='ocrx_word' id='word_1_386' title='bbox 976 2522 1136 2567; x_wconf 88' lang='lat' dir='ltr'><strong>possent</strong></span> <span class='ocrx_word' id='word_1_387' title='bbox 1181 2515 1316 2554; x_wconf 86' lang='lat' dir='ltr'><strong>abesse</strong></span> <span class='ocrx_word' id='word_1_388' title='bbox 1339 2543 1351 2563; x_wconf 89' lang='lat'><strong>,</strong></span> <span class='ocrx_word' id='word_1_389' title='bbox 1401 2513 1491 2551; x_wconf 88' lang='lat' dir='ltr'><strong>illae</strong></span> <span class='ocrx_word' id='word_1_390' title='bbox 1518 2511 1755 2565; x_wconf 88' lang='lat' dir='ltr'><strong>plerumque</strong></span> 
     </span>
     <span class='ocr_line' id='line_1_44' title="bbox 314 2567 1753 2623; baseline 0.001 -19"><span class='ocrx_word' id='word_1_391' title='bbox 314 2567 498 2606; x_wconf 87' lang='lat' dir='ltr'><strong>abessent</strong></span> <span class='ocrx_word' id='word_1_392' title='bbox 528 2576 566 2607; x_wconf 89' lang='lat' dir='ltr'><strong>et</strong></span> <span class='ocrx_word' id='word_1_393' title='bbox 600 2568 747 2607; x_wconf 85' lang='lat' dir='ltr'><strong>fibulae</strong></span> <span class='ocrx_word' id='word_1_394' title='bbox 786 2584 907 2622; x_wconf 90' lang='lat' dir='ltr'><strong>porro</strong></span> <span class='ocrx_word' id='word_1_395' title='bbox 937 2569 1196 2623; x_wconf 85' lang='lat' dir='ltr'><strong>chlamydum</strong></span> <span class='ocrx_word' id='word_1_396' title='bbox 1238 2581 1391 2621; x_wconf 88' lang='lat' dir='ltr'><strong>semper</strong></span> <span class='ocrx_word' id='word_1_397' title='bbox 1418 2573 1548 2606; x_wconf 88' lang='lat' dir='ltr'><strong>essent</strong></span> <span class='ocrx_word' id='word_1_398' title='bbox 1576 2567 1753 2620; x_wconf 85' lang='lat' dir='ltr'><strong>singula-</strong></span> 
     </span>
     <span class='ocr_line' id='line_1_45' title="bbox 313 2620 1756 2675; baseline 0.002 -17"><span class='ocrx_word' id='word_1_399' title='bbox 313 2634 404 2669; x_wconf 90' lang='lat' dir='ltr'><strong>res,</strong></span> <span class='ocrx_word' id='word_1_400' title='bbox 446 2622 653 2661; x_wconf 88' lang='lat' dir='ltr'><strong>chitonum</strong></span> <span class='ocrx_word' id='word_1_401' title='bbox 693 2631 856 2673; x_wconf 89' lang='lat' dir='ltr'><strong>contra,</strong></span> <span class='ocrx_word' id='word_1_402' title='bbox 903 2624 973 2663; x_wconf 90' lang='lat' dir='ltr'><strong>ubi</strong></span> <span class='ocrx_word' id='word_1_403' title='bbox 1004 2625 1199 2675; x_wconf 86' lang='lat' dir='ltr'><strong>adessent,</strong></span> <span class='ocrx_word' id='word_1_404' title='bbox 1226 2636 1379 2674; x_wconf 86' lang='lat' dir='ltr'><strong>semper</strong></span> <span class='ocrx_word' id='word_1_405' title='bbox 1405 2620 1608 2674; x_wconf 86' lang='lat' dir='ltr'><strong>gemellae.</strong></span> <span class='ocrx_word' id='word_1_406' title='bbox 1668 2622 1756 2661; x_wconf 83' lang='lat' dir='ltr'><strong>Hae</strong></span> 
     </span>
     <span class='ocr_line' id='line_1_46' title="bbox 314 2674 1754 2731; baseline 0.003 -20"><span class='ocrx_word' id='word_1_407' title='bbox 314 2674 485 2727; x_wconf 75' lang='lat' dir='ltr'><strong>denique</strong></span> <span class='ocrx_word' id='word_1_408' title='bbox 513 2684 620 2716; x_wconf 83' lang='lat' dir='ltr'><strong>extra</strong></span> <span class='ocrx_word' id='word_1_409' title='bbox 649 2687 907 2731; x_wconf 90' lang='lat' dir='ltr'><strong>conspectum</strong></span> <span class='ocrx_word' id='word_1_410' title='bbox 950 2679 1127 2717; x_wconf 86' lang='lat' dir='ltr'><strong>latebant</strong></span> <span class='ocrx_word' id='word_1_411' title='bbox 1182 2678 1257 2717; x_wconf 88' lang='lat' dir='ltr'><strong>sub</strong></span> <span class='ocrx_word' id='word_1_412' title='bbox 1284 2676 1519 2730; x_wconf 85' lang='lat' dir='ltr'><strong>chlamyde,</strong></span> <span class='ocrx_word' id='word_1_413' title='bbox 1562 2677 1635 2715; x_wconf 92' lang='lat' dir='ltr'><strong>nisi</strong></span> <span class='ocrx_word' id='word_1_414' title='bbox 1666 2678 1754 2730; x_wconf 86' lang='lat' dir='ltr'><strong>quis</strong></span> 
     </span>
     <span class='ocr_line' id='line_1_47' title="bbox 312 2727 1749 2785; baseline 0.003 -18"><span class='ocrx_word' id='word_1_415' title='bbox 312 2727 480 2783; x_wconf 66' lang='grc' dir='ltr'><em>γυμνὸς,</em></span> <span class='ocrx_word' id='word_1_416' title='bbox 508 2730 548 2769; x_wconf 92' lang='lat' dir='ltr'><strong>id</strong></span> <span class='ocrx_word' id='word_1_417' title='bbox 569 2740 624 2771; x_wconf 88' lang='lat' dir='ltr'><strong>est</strong></span> <span class='ocrx_word' id='word_1_418' title='bbox 644 2734 922 2773; x_wconf 81' lang='lat' dir='ltr'><strong>tantummodo</strong></span> <span class='ocrx_word' id='word_1_419' title='bbox 941 2734 1156 2785; x_wconf 84' lang='lat' dir='ltr'><strong>tunicatus,</strong></span> <span class='ocrx_word' id='word_1_420' title='bbox 1184 2732 1413 2785; x_wconf 86' lang='lat' dir='ltr'><strong>procederet</strong></span> <span class='ocrx_word' id='word_1_421' title='bbox 1430 2746 1442 2783; x_wconf 76' lang='lat'><em>3</em></span> <span class='ocrx_word' id='word_1_422' title='bbox 1473 2731 1617 2771; x_wconf 80' lang='lat' dir='ltr'><strong>fibulae</strong></span> <span class='ocrx_word' id='word_1_423' title='bbox 1638 2731 1749 2772; x_wconf 84' lang='lat' dir='ltr'><strong>chla-</strong></span> 
     </span>
    </p>
   </div>
  </div>
 </body>
</html>
