1884 3132
197 138 272 181 An
311 135 606 181 consum.
646 123 840 179 ponpa.
868 136 939 176 DE
975 134 1155 178 cmm.
1193 133 1293 173 Lm.
1322 132 1376 172 11.
1426 111 1537 185 617

123 252 366 292 consecratio
389 250 573 290 ecclesiae
593 262 685 287 cum
699 248 813 287 trinis
832 245 1146 301 processionibus
1158 275 1170 297 ,
1194 259 1285 284 cum
1301 240 1487 284 laudibus
1510 249 1550 282 et

125 307 276 360 gloria,
313 313 358 344 ut
385 305 674 358 loquebantur,
701 317 770 341 seu
800 303 826 340 h
858 304 960 340 mnis
982 309 1020 339 et
1051 301 1253 340 funalibus
1285 301 1390 338 circa
1423 295 1551 336 eccle-

125 364 226 401 siam
249 361 379 400 adhuc
402 360 600 408 clausam3
627 357 797 397 alterum
820 372 845 408 η
868 351 1044 402 ἄνοιξις,
1074 355 1234 409 quando
1264 354 1315 393 ad
1340 353 1551 405 flagitatio-

125 430 216 454 nem
240 415 411 468 episcopi
429 413 494 454 vel
518 413 735 466 presbyteri
755 411 967 450 alteriusve
993 410 1211 449 dedicantis
1225 439 1235 458 ,
1260 416 1368 448 extra
1390 413 1551 460 portam

125 469 324 509 nat-thecis
348 483 439 508 cum
465 467 641 520 reliquiis
664 466 906 519 deponendis
924 466 967 503 in
991 463 1153 504 ecclesia
1182 466 1343 512 stantis,
1374 463 1553 514 aperitur

126 532 241 578 porta
258 524 309 562 ab
336 523 438 570 illis,
457 524 526 576 qui
547 523 653 561 intus
678 528 796 571 sunt3
823 521 986 559 tertium
1009 513 1030 556 ὅ
1059 515 1333 570 ἐνθρονισμὸς
1347 547 1360 566 ,
1389 516 1550 569 quando

124 579 311 618 dedicans
335 577 515 617 sacerdos
536 576 824 629 semetipsum,
852 581 922 614 aut
945 573 1068 612 alium
1097 573 1282 612 ecclesiae
1312 572 1368 612 illi
1390 572 1552 624 praesu-

125 641 263 672 turum
299 633 343 671 in
373 633 519 671 throno
565 646 632 670 seu
659 630 751 670 sede
786 627 1057 683 presbyteriali
1102 629 1143 667 in
1177 642 1331 667 summa
1365 626 1554 665 tribunae

125 688 320 738 collocat3
346 687 430 726 vid.
450 687 516 724 Du
535 685 665 740 Gange
691 677 925 732 ν.”Ανοιξις
945 690 985 722 et
1004 690 1185 722 auctores
1201 712 1213 733 ,
1243 684 1312 736 qui
1333 682 1383 719 de
1407 681 1553 719 ritibus

125 744 370 781 Graecorum
392 742 510 780 sacris
535 742 788 792 scripserunt.
848 739 1014 777 Interim
1042 738 1154 776 iuvat
1196 751 1298 790 quae
1335 735 1555 774 Durandus

125 796 345 836 Rationalis
365 796 535 835 divinor.
565 795 669 834 offic.
692 796 739 833 L.
757 795 791 832 1.
821 808 857 832 c.
880 794 956 832 VI.
980 793 1030 831 de
1055 793 1197 832 ritibus
1212 822 1224 843 ,
1254 790 1399 845 quibus
1420 790 1555 829 Latini

124 847 325 890 ecclesiam
343 851 537 899 dedicant,
554 851 691 899 tradit,
712 863 784 902 pro
809 855 921 901 parte
941 847 1180 886 adscribere.
1213 848 1379 901 Quarto,
1403 844 1473 892 ait,
1493 845 1552 884 di-

125 906 287 945 cendum
317 914 395 952 est,
436 906 605 961 qualiter
622 905 780 944 ecelesia
799 903 1012 941 dedicetur.
1042 902 1101 941 Ec
1114 902 1272 958 quidem
1304 900 1481 940 omnibus
1502 898 1554 938 de

123 961 282 1000 ecclesia
303 962 428 999 eiectis
441 990 452 1007 ,
499 961 579 999 solo
606 960 771 999 diacono
799 958 858 996 ibi
881 966 1100 996 remanente
1126 957 1273 995 recluso
1295 986 1307 1004 ‚
1353 956 1555 1009 episcopm·

123 1029 211 1053 acm
246 1015 351 1054 clero
380 1023 468 1054 ante
480 1016 599 1067 jbres
621 1015 799 1053 ecclesiae
829 1026 971 1067 aquam
1011 1026 1090 1051 non
1115 1013 1198 1050 sine
1226 1011 1308 1050 sale
1338 1009 1554 1059 benedicit,-

125 1071 279 1108 interz'm
318 1071 542 1109 intrinsecus
568 1069 709 1108 ardent
739 1068 943 1107 duodecim
980 1067 1196 1105 luminaria
1226 1075 1316 1105 ante
1349 1065 1554 1103 duodecim

124 1139 252 1163 maces
278 1125 321 1164 in
355 1125 535 1163 ecclesiae
561 1123 775 1179 parietibus
796 1122 984 1176 depictas.
1041 1120 1292 1162 Postmodum
1309 1133 1421 1168 vero,
1447 1119 1554 1158 clero

123 1188 164 1218 et
181 1179 327 1233 populo
348 1181 589 1234 insequente,
609 1177 878 1218 circmneundo
905 1177 1102 1215 ecclesiam
1128 1178 1301 1215 exterius
1319 1189 1406 1214 cum
1415 1175 1555 1225 fasci-

124 1234 214 1272 culo
252 1235 394 1287 hysopi
418 1235 586 1288 parietes
615 1246 719 1287 aqua
747 1231 945 1270 benedicta
982 1231 1181 1285 adspergit
1206 1240 1245 1269 et
1273 1230 1443 1285 qualibet
1469 1229 1556 1267 vice

124 1287 183 1326 ad
215 1289 374 1326 ianuam
410 1289 588 1327 ecclesiae
619 1288 778 1326 veniens
805 1286 972 1340 perculit
983 1286 1283 1337 superliminare
1315 1299 1401 1323 cum
1419 1283 1555 1322 baculo

123 1343 332 1394 pastorali,
362 1342 496 1380 dicens
510 1360 522 1380 .-
565 1342 729 1381 attollite
748 1350 907 1393 portas,
938 1341 1160 1392 principes,
1194 1349 1343 1378 vestras
1370 1347 1442 1377 etc.
1498 1338 1541 1376 E
1541 1347 1559 1376 t

125 1397 312 1435 diaconus
353 1396 503 1435 deintus
539 1397 765 1448 respondet.-
797 1395 883 1450 quis
926 1403 981 1432 est
1018 1395 1091 1432 iste
1121 1408 1197 1432 rex
1225 1394 1445 1446 gloriosus?
1484 1393 1560 1431 Cui

121 1452 307 1503 pontifex
317 1467 329 1488 .-
354 1449 549 1490 Dominus
548 1451 685 1501 sortis.
715 1450 851 1488 Tertia
866 1462 960 1487 vero
981 1450 1063 1486 vice
1089 1457 1258 1487 reserato
1273 1456 1366 1486 ostzo
1382 1447 1561 1500 ingredi-

126 1514 191 1547 tw·
210 1505 394 1557 ponafix
421 1506 620 1543 ecclesiam
649 1519 735 1542 cum
754 1504 892 1555 paucis
922 1517 976 1541 ex
1002 1502 1203 1552 ministris,
1221 1503 1325 1540 clero
1345 1510 1383 1540 et
1406 1502 1558 1553 populo

109 1561 226 1611 soris
251 1568 448 1609 manente,
488 1568 525 1598 et
541 1559 639 1597 dicit
666 1559 824 1596 litanias
851 1564 928 1595 etc.
1002 1556 1182 1608 Longam
1207 1556 1482 1594 tractationem
1507 1555 1559 1594 de

126 1627 238 1652 sacra
269 1613 367 1652 aede
389 1613 607 1652 dedicanda
637 1613 755 1652 habet
782 1613 926 1664 Symeo
957 1609 1318 1650 Thessalonicensis
1354 1625 1378 1648 a
1401 1625 1444 1663 p.
1467 1608 1560 1660 ¹¹4·

125 1687 181 1698 —-
208 1669 297 1708 125.
325 1667 459 1707 multis
498 1668 716 1720 capitibus,
757 1679 929 1719 quorum
973 1665 1145 1704 indicem
1182 1665 1304 1704 habet
1349 1665 1557 1704 Fabricius

128 1722 234 1763 Bibl.
263 1722 336 1760 Gr.
370 1722 422 1762 T.
439 1722 579 1762 ultimo
602 1737 643 1774 p.
661 1722 730 1772 64.
751 1720 819 1761 65.
834 1750 845 1770 ,
875 1719 946 1758 ubi
973 1720 1077 1758 inter
1102 1719 1179 1757 alia
1208 1734 1294 1772 cap.
1319 1718 1407 1758 1¹8.
1434 1733 1558 1784 quae-

126 1778 243 1824 ritur,
276 1790 400 1828 quare
438 1776 673 1815 claudantur
707 1783 867 1828 portae,
915 1769 986 1812 διιὶ
1026 1772 1075 1811 τί
1093 1773 1294 1812 κλείονται
1323 1770 1367 1811 αἱ
1399 1776 1557 1822 πυλαι,

127 1827 202 1869 καὶ
226 1827 273 1868 τὸ
315 1824 478 1883 ,,ἰι’ρατε
520 1830 674 1877 πύλας”
722 1825 894 1884 ᾂδεταις
939 1842 977 1866 c.
1007 1841 1092 1866 120.
1111 1842 1123 1865 ε
1158 1827 1205 1866 τί
1228 1823 1400 1872 δύναται
1420 1825 1447 1879 ἦ
1475 1825 1554 1880 πρὸ

127 1883 210 1922 τῶν
235 1883 378 1923 πυλῶν
405 1884 618 1936 ἐγκαινίων
636 1882 740 1937 εὕχή
755 1899 767 1935 3
825 1884 953 1935 Caput
985 1881 1074 1931 124.
1106 1889 1164 1920 est
1183 1882 1282 1935 περὶ
1308 1877 1383 1933 τῆς
1409 1877 1563 1930 τάξεως

127 1937 210 1976 τῶν
236 1936 464 1989 ἐγκαινίων,
520 1940 628 1992 quod
643 1969 655 1991 ,
673 1940 748 1979 nisi
777 1937 964 1978 brevitati
983 1936 1223 1976 studendum
1260 1943 1359 1975 esset
1376 1965 1388 1984 ,
1426 1943 1560 1976 totum

127 1992 463 2034 transscriberem.

235 2046 281 2084 C.
301 2046 343 2086 8.
362 2046 472 2100 1534,
500 2047 581 2102 13.]
610 2047 654 2087 ἒν
681 2048 737 2102 τῷ
776 2043 933 2100 βήματι
969 2045 1045 2084 τοῦ
1074 2040 1192 2097 ἆγιόυ
1222 2042 1559 2091 Κωνσταντίνῆυ,

126 2099 210 2139 Pro
246 2108 380 2139 sancto
422 2101 568 2142 habere
601 2103 773 2142 Graecos
800 2103 1108 2141 Constantinum
1134 2101 1208 2147 M„
1239 2108 1279 2138 et
1315 2100 1398 2138 dies
1430 2099 1560 2141 festus,

127 2155 212 2199 eins
234 2157 444 2194 memoriae
475 2171 608 2206 sacer,
640 2165 680 2196 et
713 2171 805 2196 arae
836 2158 910 2209 ipsi
940 2155 1141 2193 dedicatae
1177 2161 1385 2193 testantur.
1443 2153 1559 2193 Nihil.

128 2222 223 2262 ergo
239 2237 252 2258 ,
289 2211 470 2261 quamvis
506 2212 751 2251 Christianus
767 2242 779 2261 ,
822 2211 1005 2263 Augusto
1034 2210 1240 2255 deterioris
1275 2211 1317 2247 in
1352 2207 1560 2260 apotheosi

129 2263 365 2302 conditionis
387 2264 476 2303 fuit.
532 2267 667 2315 Quum
691 2274 824 2304 autem
850 2267 892 2303 in
914 2279 994 2303 una
1017 2264 1178 2302 ecclesia
1199 2263 1342 2302 multas
1368 2276 1455 2301 aras
1482 2262 1558 2300 ha-

128 2317 250 2359 beant
278 2319 447 2368 Graeci,
477 2333 632 2359 necesse
657 2328 736 2371 est,
765 2328 811 2359 ut
837 2320 1018 2358 tribunas
1046 2332 1207 2371 quoque
1233 2318 1399 2356 totidem
1417 2346 1428 2364 ,
1457 2323 1557 2370 quot
1615 2364 1630 2377 ·‚

130 2385 234 2420 aras,
262 2371 451 2410 habeant.

207 2426 295 2479 509.
314 2427 367 2469 A.
385 2428 423 2466 3.
446 2427 556 2481 [535,
576 2427 636 2481 4]
664 2425 897 2479 προελεύσει
923 2427 1004 2467 ταῖν
1031 2425 1158 2479 ἁγίων
1176 2420 1350 2465 πάντων.
1391 2425 1555 2464 Festum

127 2479 364 2518 Sanctorum
387 2484 564 2519 omnium
596 2482 792 2520 incidebat
807 2483 848 2521 in
869 2483 1014 2522 festum
1037 2483 1080 2523 S.
1094 2481 1300 2520 Trinitatis
1334 2494 1446 2519 more
1480 2494 1554 2519 no-

129 2540 211 2572 stro
241 2548 310 2573 seu
333 2537 373 2573 in
393 2543 551 2574 octavas
571 2536 838 2575 Pentecostes.

236 2587 290 2626 A.
307 2590 347 2628 5.
367 2589 483 2643 [535‚
504 2589 562 2644 7.]
589 2588 906 2641 μεσονηστᾲιου.
960 2590 1034 2629 Est
1055 2591 1216 2638 omnino
1255 2585 1282 2642 ἦ
1308 2583 1551 2640 μεσονῆστι-

130 2653 207 2689 μσς
247 2643 432 2682 mediana
487 2659 556 2683 seu
602 2644 818 2683 hebdomas
848 2645 1250 2698 Quadragesimarum
1274 2642 1434 2693 media3
1466 2643 1551 2681 vid.

127 2693 195 2732 Du
224 2695 355 2750 Gange
380 2698 420 2742 h.
461 2714 499 2740 v.
538 2707 704 2753 utroque
737 2698 865 2739 Gloss.
921 2700 1082 2750 Rectius
1124 2707 1256 2747 tamen
1298 2698 1362 2737 hic
1390 2697 1555 2752 quidemr
