1884 3132
319 124 461 181 362.
539 104 552 117 ’
605 142 677 185 10.
718 142 823 185 1Ac.
865 143 1059 185 ausim
1100 142 1478 187 COMMENTARH

316 245 388 284 ubi
416 245 465 284 de
493 244 877 298 λινομαλωταρίοις.
922 244 1071 284 Omnia
1092 259 1195 298 quae
1216 259 1430 299 perverse,
1460 254 1599 287 contra
1629 263 1751 303 quam

316 301 435 339 debet
464 307 583 354 atque
612 299 713 338 solet
734 329 745 350 ‚
775 300 900 351 fiunt,
929 308 1149 352 geruntur,
1181 308 1408 353 ponuntur,
1437 302 1579 341 Graeci
1605 302 1648 352 ἐξ
1676 305 1750 344 α’ν-

313 353 540 408 τιστρόφου
578 355 663 394 fieri
696 355 859 404 dicunt,
906 362 945 393 et
974 369 1055 394 uno
1093 355 1288 395 vocabulo
1317 353 1631 411 ἐξανάστροφα,
1671 373 1752 413 quo

314 412 441 450 utitur
468 410 731 463 Theophanes
790 440 799 449 .
821 409 913 462 542.
931 409 984 449 A.
1006 410 1046 449 8.
1067 418 1106 450 et
1132 411 1226 464 372.
1244 410 1295 450 A.
1320 412 1360 452 5.
1383 419 1422 451 et
1446 410 1559 451 alibi.

420 466 661 522 B.5.[381‚
697 425 785 520 ηδ)
827 460 1046 515 πρόσωπα.
1106 465 1152 504 Id
1193 473 1251 504 est
1280 470 1544 518 προσωπεῖα,
1588 469 1748 519 lar-vas,

305 535 494 576 personas
517 552 528 570 ‚
561 535 799 577 masqzoeras.
857 520 920 559 De
948 521 1120 573 quibus,
1161 528 1206 559 ut
1232 521 1362 560 dicam
1404 529 1494 575 post
1540 536 1607 562 eos
1628 552 1641 574 ,
1679 525 1748 577 qui

108 577 171 613 Ed.
185 577 439 625 L.114libros
466 577 517 616 de
541 577 589 616 iis
618 578 792 630 integros
819 575 1052 627 ediderunt,
1091 590 1189 629 opus
1227 590 1310 616 esse
1348 591 1430 616 non
1456 583 1570 630 puto.
1629 578 1747 619 Conf.

311 633 380 671 Du
399 633 532 686 Gange
560 646 601 671 v.
622 632 848 679 Bar-bator,
873 632 984 671 cuius
1012 632 1190 684 opinioni
1217 632 1421 671 subscribo
1438 662 1449 683 ,
1478 647 1624 671 nomen
1655 633 1749 672 bar-

310 688 513 738 batorum,
545 688 557 737 (
570 687 611 726 id
643 689 858 726 mimorum
890 701 1013 741 genus
1055 694 1112 726 est
1126 688 1152 738 ,)
1181 701 1205 725 a
1232 687 1544 740 praegrandibus
1571 687 1749 729 barbatis

309 742 433 783 larvis
475 743 706 783 deriVantis.
766 742 882 781 Conf.
925 742 1100 781 eiusdem
1140 742 1269 781 Gloss.
1311 743 1383 782 Gr.
1416 757 1458 782 v.
1487 739 1744 796 Μοσκάρας,

310 799 419 852 quod
448 798 503 837 ait
532 812 614 837 esse
639 799 890 846 histrionem,
932 798 1178 836 ioculatorem
1195 828 1205 845 ‚
1241 795 1542 848 γελωτοποιὸν,
1573 795 1747 852 ὑποκρι-

308 860 382 916 τὴν
400 871 438 904 et
457 865 616 903 larvam
630 878 807 918 quoque,
834 864 1148 915 μορμολυκεῖον.
1175 863 1405 917 Utrumque
1421 871 1540 903 recte.
1574 866 1718 921 ‘Sl-mo
1730 895 1744 914 ‚

309 919 492 959 Moscker
507 921 547 959 in
571 920 639 959 IV.
658 920 946 973 Coniugatione
973 925 1012 957 et
1039 918 1267 957 Mosaccsaer
1282 921 1323 958 in
1348 919 1522 963 secunda
1543 919 1746 959 Arabibus

308 982 368 1014 est
389 975 510 1014 homo
525 976 644 1014 risum
665 976 768 1014 ciens
778 990 793 1023 ;
813 981 852 1013 et
863 974 1050 1013 blase-har
1061 981 1119 1012 est
1135 976 1263 1013 omnis
1279 989 1359 1025 res,
1390 989 1492 1027 quae
1510 976 1632 1014 risum
1650 976 1743 1014 ciet.

309 1030 415 1069 Hinc
442 1037 551 1084 patet
581 1031 694 1083 origo
720 1030 948 1068 notissimae
976 1028 1085 1068 vocis
1110 1043 1267 1083 masque
1288 1037 1326 1069 et
1353 1030 1619 1085 masquerade,
1638 1045 1742 1083 quae

309 1099 467 1124 omnem
497 1087 664 1124 mimum
679 1115 691 1136 ‚
713 1084 1037 1125 simulamentum
1054 1114 1064 1131 ,
1085 1083 1290 1138 glaucoma
1309 1115 1320 1132 ‚
1352 1099 1433 1138 quo
1462 1084 1583 1123 homo
1610 1085 1743 1125 ducti-

307 1147 444 1190 tatur,
494 1140 746 1191 ludificatur,
790 1137 1077 1194 κωμῳδεῖται,
1112 1146 1241 1178 notat.
1299 1141 1434 1194 Longe
1472 1139 1548 1178 alia
1577 1154 1653 1180 vox
1682 1148 1740 1180 est

302 1196 466 1245 Masca,
497 1203 690 1249 quatenus
720 1196 882 1248 strigam
920 1201 989 1233 aut
1024 1208 1158 1248 sagam
1186 1201 1321 1241 notat,
1353 1203 1392 1234 et
1419 1210 1550 1234 masca
1577 1195 1643 1235 vel
1667 1211 1739 1248 po-

303 1251 383 1290 tius
413 1265 593 1291 mascam
620 1250 738 1303 (haee
765 1252 872 1290 enim
899 1251 1053 1303 integra
1080 1256 1154 1300 est,
1184 1249 1252 1289 illa
1279 1249 1403 1291 altera
1421 1257 1603 1290 truncata
1630 1254 1740 1305 vox,)

298 1320 470 1360 persona
494 1314 533 1346 et
559 1308 691 1347 larva.
748 1305 836 1356 Illa,
860 1320 991 1345 masc-a
1011 1335 1023 1356 ‚
1053 1314 1111 1346 est
1140 1307 1374 1346 Germanica
1388 1337 1402 1357 ,
1429 1313 1469 1345 et
1509 1305 1739 1346 adhucdum

304 1361 471 1401 dicimus
497 1363 582 1402 eine
603 1361 753 1414 Metze,
783 1375 857 1414 pro
894 1362 1066 1402 foemina
1095 1360 1382 1412 abominabili,
1421 1367 1566 1401 scorto.
1626 1362 1735 1402 Haec

306 1430 415 1463 vero,
444 1417 643 1465 Mascara,
675 1424 733 1456 est
760 1416 958 1456 Arabicae
977 1418 1153 1471 originis.
1212 1416 1307 1457 Vid.
1317 1418 1383 1456 Du
1401 1415 1533 1470 Gange
1553 1415 1619 1455 Gl.
1643 1417 1732 1457 Lat.

304 1485 346 1511 v.
380 1472 548 1519 Masca,
579 1472 649 1511 ubi
677 1473 780 1511 inter
807 1472 884 1511 alia
914 1487 935 1511 e
965 1473 1172 1512 Catholico
1194 1472 1403 1512 Armorico
1430 1472 1528 1511 haec
1555 1471 1732 1525 profert:

308 1527 464 1566 Gueen:
496 1526 601 1566 Gall.
623 1529 742 1580 faux
782 1529 940 1580 visage5
981 1529 1071 1567 Lat.
1113 1530 1230 1567 larva
1245 1558 1257 1580 ‚
1299 1528 1407 1583 quod
1442 1529 1558 1580 vulgo
1592 1526 1738 1568 det-itm·

303 1582 504 1622 Mascara.
558 1582 812 1622 Vocabulum
848 1583 983 1622 Gueen
1018 1591 1077 1623 est
1113 1591 1227 1623 vetus
1267 1584 1548 1622 Germanicum
1572 1585 1732 1624 waelm.

304 1636 437 1677 Hodie
463 1638 631 1678 dicimus
664 1638 733 1676 W
728 1640 806 1677 alm
834 1637 884 1677 de
911 1638 1020 1678 omni
1042 1638 1138 1678 falsa
1165 1639 1431 1692 persuasione.

386 1707 483 1733 222.
506 1694 551 1731 B.
571 1708 611 1748 7.
634 1692 751 1748 [581‚
779 1692 859 1746 13.]
891 1691 1134 1746 σκουτάρια.
1189 1694 1346 1733 Umbra
1373 1701 1412 1732 et
1440 1693 1630 1748 reliquiae
1656 1693 1735 1733 hae

305 1755 399 1787 sunt
435 1749 581 1788 veteris
610 1749 731 1788 moris
766 1747 1003 1802 gladiatores
1044 1749 1084 1787 in
1123 1750 1306 1790 convivia
1347 1749 1623 1788 introducendi
1640 1779 1652 1799 ‚
1681 1749 1733 1787 de

300 1817 383 1856 quo
406 1818 517 1843 more
538 1804 644 1857 apud
671 1804 864 1843 Etruscos
880 1834 892 1855 ,
922 1804 1122 1843 Romanos
1140 1835 1151 1855 ,
1183 1804 1314 1843 Celtas
1371 1811 1410 1843 et
1453 1805 1551 1844 alios
1585 1806 1732 1843 usitato

302 1871 344 1897 v.
377 1858 529 1898 Athen.
557 1873 598 1912 p.
621 1860 710 1901 153.
742 1859 820 1898 fine
847 1866 887 1898 et
919 1858 1027 1910 154„
1058 1861 1134 1898 nisi
1162 1859 1276 1898 malis
1303 1858 1489 1911 reliquias
1535 1858 1607 1898 has
1648 1872 1734 1898 esse

301 1912 557 1953 saltationum
585 1913 786 1954 veteribus
815 1915 917 1954 inter
942 1914 1085 1967 pocula
1111 1916 1346 1953 usitatarum
1372 1916 1413 1953 in
1441 1914 1592 1966 armiS,
1632 1928 1733 1968 qua-

299 1982 393 2008 rum
420 1967 595 2022 exempla
623 1970 729 2009 idem
757 1969 989 2009 Athenaeus
1018 1983 1059 2021 p.
1084 1967 1171 2008 155.
1203 1969 1337 2008 habet.

411 2024 460 2064 C.
500 2023 541 2075 4.
563 2023 658 2079 [581
680 2054 693 2075 ‚
731 2023 818 2077 2ο.]
846 2022 1204 2078 ,σφαιροδρομιόυ.
1260 2024 1352 2063 Non
1393 2025 1575 2063 exercitia
1601 2023 1729 2078 pilae,

298 2079 434 2134 qualia
476 2080 645 2119 Romani
683 2086 828 2118 norant
856 2086 896 2118 et
933 2079 1072 2117 Graeci
1093 2086 1243 2119 veteres
1263 2109 1274 2126 ‚
1303 2079 1372 2118 sed
1399 2079 1499 2118 illud
1526 2080 1729 2133 designat,

301 2159 346 2184 ex
371 2147 525 2184 oriente
552 2159 576 2184 a
595 2145 727 2184 Persis
755 2152 959 2199 acceptum
975 2175 986 2195 ‚
1016 2144 1123 2198 quod
1149 2135 1283 2199 032?
1330 2146 1485 2185 Tzucan
1507 2176 1518 2194 ‚
1576 2144 1731 2193 τζνκᾶν

299 2200 529 2253 appellant,
560 2200 666 2239 unde
693 2199 804 2239 locus
822 2229 834 2250 ‚
870 2201 911 2239 in
939 2214 1019 2253 quo
1051 2201 1303 2240 exercebatur
1319 2231 1330 2251 ‚
1369 2195 1726 2252 τζυκανιστήριον,

301 2258 413 2294 cuius
440 2256 589 2295 mentio
618 2255 663 2294 fit
689 2269 713 2294 a
742 2255 888 2295 Nostro
929 2269 971 2308 p.
1006 2255 1099 2312 522.
1134 2254 1185 2293 A.
1216 2257 1256 2295 3.
1315 2255 1474 2295 Scilicet
1511 2255 1648 2294 sedens
1684 2256 1727 2294 in

300 2324 403 2364 equo
431 2311 545 2350 clava
562 2340 574 2361 ‚
616 2324 737 2364 quam
765 2324 888 2349 manu
915 2317 1025 2349 tenet
1041 2340 1051 2357 ,
1091 2312 1236 2349 excutit
1281 2310 1395 2350 humi
1422 2312 1614 2350 iacentem
1641 2309 1726 2363 glo-
1759 2340 1763 2343 .

299 2365 396 2403 bum
424 2365 598 2419 ligneum
653 2372 692 2405 et
720 2366 870 2419 -rapide
896 2364 1152 2419 provolutum
1179 2375 1249 2406 aut
1277 2365 1478 2405 volantem
1503 2366 1634 2417 potius
1660 2365 1726 2403 in-

300 2421 421 2459 citato
449 2435 552 2473 equo
579 2421 849 2474 persequitur,
893 2420 1139 2473 ulteriusque
1167 2423 1247 2473 agit
1274 2421 1430 2459 incusso
1451 2422 1594 2463 iterum
1622 2418 1724 2457 mal-

299 2472 364 2512 leo
398 2474 555 2527 ligneo,
596 2475 716 2529 idque
759 2477 873 2515 toties
900 2478 1047 2526 iterat,
1087 2475 1214 2514 donec
1252 2475 1331 2527 pila
1359 2481 1504 2513 metam
1531 2475 1717 2526 attigerit.

299 2527 552 2569 Itineratores
577 2545 702 2583 paene
732 2545 867 2570 omnes
895 2531 944 2570 de
968 2530 1043 2569 hoc
1072 2530 1196 2569 nobili
1223 2530 1392 2582 equestri
1420 2529 1601 2567 exercitio
1615 2558 1625 2574 ‚
1649 2529 1719 2568 sed

299 2582 416 2622 valde
456 2599 613 2637 quoque
651 2586 873 2638 periculoso
894 2616 904 2632 ‚
947 2585 1074 2623 multa
1120 2591 1297 2624 narrant.
1350 2584 1546 2634 Integram
1585 2583 1635 2621 de
1670 2597 1718 2622 eo

298 2636 614 2678 dissertationem
655 2641 707 2679 ad
735 2640 906 2680 Ioinvill.
953 2640 1062 2679 dedit
1105 2640 1171 2678 Du
1213 2640 1358 2690 Gange.
1413 2637 1560 2690 Aliqua
1599 2639 1717 2677 etiam

299 2692 341 2731 in
370 2690 496 2732 Gloss.
531 2694 603 2733 Gr.
633 2702 672 2736 et
694 2694 791 2736 CPli
820 2695 916 2736 Chr.
947 2694 1067 2736 habet
1093 2708 1184 2749 pag.
1213 2693 1299 2735 123.
1331 2691 1421 2733 Lib.
1443 2692 1497 2732 11.
1570 2692 1647 2732 Sed
1673 2693 1716 2733 in
