1832 3126
278 146 382 202 152
554 162 629 204 10.
661 160 767 204 mc.
809 160 1007 202 nmsxn
1039 159 1422 203 commum

323 259 561 318 Κῆρχησαν
587 262 639 303 νὰ
668 260 934 316 πολεμήσουν
961 259 1036 303 καὶ
1061 259 1113 303 vd
1146 260 1302 304 σεύουν
1330 264 1391 317 εἰς
1415 258 1468 305 ui
1483 263 1614 317 τεὴζη.

271 339 389 391 Quae
417 337 520 375 bene
547 335 704 375 Graece
729 335 785 374 sic
819 333 984 375 efferas:

307 397 421 455 λΚαὶ
455 399 636 460 ἤρχοντο
677 403 749 447 ἵνα
784 403 1098 460 πολεμήσωσιν,
1143 403 1315 476 καῖ’ἲνα
1355 397 1538 460 &ofin-3012«
1569 406 1632 456 εἷς
1671 406 1728 450 τᾶ

1175 477 1309 516 τειχη.

387 533 435 574 C.
453 531 496 574 6.
515 532 605 588 [60,
631 532 691 588 1.]
719 526 989 586 ὖπερὰρχιος.
1058 533 1148 573 Vox
1174 535 1330 585 rarior,
1369 548 1395 574 a
1422 548 1529 575 nova
1562 535 1731 576 Graecia

276 590 448 635 conficta
467 619 479 641 ,
525 588 686 628 videtur
725 588 767 628 id
807 588 1055 642 significare,
1107 590 1216 644 quod
1253 604 1374 643 supet*
1416 605 1530 630 omne
1574 592 1731 633 initium>

277 647 452 702 positum
479 653 561 695 est,
596 644 707 697 quod
734 644 850 683 initio
880 651 1014 695 caret,
1055 650 1102 682 ut
1127 659 1248 697 supra
1273 644 1335 685 bis
1365 645 1578 692 habuimus
1601 641 1733 685 συνά-
1799 691 1805 697 Ι

278 713 458 754 ναρχος,
496 709 733 740 coaeternus.
789 698 890 740 Nam
917 694 1103 754 ἄναρχος
1147 714 1253 755 novo
1288 701 1511 755 significatu
1538 701 1594 742 ibi
1619 707 1734 748 notat

280 765 496 796 aeternum.
1647 792 1650 794 ,

394 811 447 849 D.
478 823 514 849 1.
536 808 625 864 [60‚
641 809 706 864 6.]
751 810 1020 862 θεολογεΐται.
1092 809 1159 850 Ad
1194 810 1366 851 verbum
1396 810 1542 851 dicitur·
1578 813 1734 852 trinita&

284 865 396 907 Deus
425 867 763 905 consubstantialis
777 896 788 915 ,
824 866 866 905 id
896 873 954 905 est
969 895 981 918 ,
1021 864 1247 906 celebratur
1270 868 1429 906 trinitas
1456 867 1705 908 sermonibus
1718 898 1732 920 ,

285 921 355 975 qui
393 927 646 972 asseverant,
689 929 770 961 tres
802 935 992 976 personas
1033 922 1224 961 trinitatis
1265 936 1392 975 aeque
1427 922 1583 963 divinas
1615 928 1741 978 atque*

286 975 644 1016 consubstantiales
672 990 769 1015 esse.
832 975 1049 1028 Θεολογεῖν
1075 984 1135 1016 est
1171 977 1222 1016 de
1249 977 1339 1017 Deo
1368 991 1561 1016 sermones
1572 980 1734 1030 facet-e.

291 1030 534 1085 Theophan.
566 1046 607 1086 p.
632 1030 700 1084 59.
725 1033 773 1072 B.
807 1045 843 1072 1.
871 1047 939 1086 77.
970 1032 1015 1071 C.
1045 1045 1110 1072 10.
1135 1032 1229 1073 550.
1255 1033 1303 1072 Β.
1332 1046 1369 1074 1.
1397 1039 1437 1071 et
1456 1032 1737 1075 Combefis.ad

292 1085 404 1126 illius
433 1101 474 1139 p.
499 1086 568 1140 59.
626 1085 842 1141 Theologis
869 1089 912 1126 in
937 1088 1067 1140 specie
1096 1101 1226 1127 sermo
1253 1095 1293 1127 et
1318 1088 1534 1142 disputatio
1558 1089 1608 1130 de
1631 1089 1738 1130 divi-

290 1155 346 1181 na
372 1141 521 1180 Christi
545 1148 690 1181 natura
719 1150 779 1182 est
807 1142 1018 1194 θεολογιά,
1074 1143 1173 1182 Vid.
1203 1142 1341 1183 Vales.
1370 1143 1422 1182 ad
1443 1142 1594 1184 Euseb.
1622 1158 1666 1199 p.
1693 1143 1736 1185 5.

292 1198 360 1236 Sic
398 1197 635 1248 κυνολογεῖν
672 1197 723 1237 de
748 1197 856 1236 Sirio
889 1212 1082 1239 sermones
1096 1199 1243 1253 facere
1281 1199 1388 1255 apud
1413 1199 1669 1243 Athenaeum
1700 1199 1738 1248 Ι.

289 1265 334 1307 p.
363 1252 431 1291 23.
455 1251 524 1300 Α.,
552 1251 625 1291 ubi
649 1251 734 1292 vid.
763 1253 993 1294 Casaubon.

352 1306 479 1360 37.B.
495 1306 643 1364 4.[61‚
662 1306 726 1359 5.]
764 1307 961 1362 τριλὲξια.
1016 1309 1104 1350 Non
1138 1310 1320 1363 reperio,
1372 1309 1443 1364 qui
1469 1323 1612 1350 vocem
1634 1308 1742 1351 hane

296 1364 534 1415 exposuerit.
593 1362 768 1402 Videtur
788 1363 950 1403 carmen
978 1373 1118 1405 notare
1131 1394 1144 1414 ‚
1181 1365 1290 1418 quod
1317 1373 1388 1406 aut
1409 1371 1471 1406 ter
1495 1365 1740 1418 iterabatur,

298 1424 371 1456 aut
394 1418 528 1472 potius
553 1431 578 1456 a
602 1417 733 1458 tribus
761 1419 993 1459 cantoribus
1022 1419 1141 1460 simul
1170 1419 1413 1460 recitabatur
1428 1449 1441 1469 ‚
1479 1427 1527 1459 ut
1548 1416 1742 1473 τετράλε-

297 1486 377 1511 κτα
394 1501 406 1525 ,
436 1486 539 1526 quae
562 1487 586 1511 a
602 1481 778 1527 quatuor
798 1475 1028 1515 cantoribus
1046 1476 1334 1516 recitabantur.
1391 1474 1488 1515 Vid.
1517 1474 1607 1517 165.
1629 1476 1678 1516 C.
1699 1491 1742 1531 7.

411 1528 459 1566 B.
479 1542 519 1581 7.
541 1527 630 1582 [61,
654 1528 720 1583 5.]
752 1527 935 1577 ἀξιώσει.
988 1531 1089 1570 Post
1115 1531 1220 1571 hanc
1244 1545 1384 1571 vocem
1408 1529 1542 1570 deesse
1572 1530 1754 1585 aliquid,

295 1582 555 1622 manifestum
582 1591 654 1623 est.
714 1584 815 1628 Nam
852 1584 1024 1626 debebat
1051 1586 1183 1626 saltim
1210 1584 1324 1638 ὑμᾶς
1357 1585 1417 1634 εἷς
1440 1581 1623 1642 χρόνους
1648 1580 1746 1626 ἑκα-

298 1633 375 1676 τὸν
404 1633 479 1690 τὴν
509 1633 629 1689 ὖμαῖν
662 1637 819 1679 διέπειν
848 1641 1083 1694 πολιτείαν,
1119 1649 1167 1680 ut
1186 1657 1226 1696 p.
1253 1643 1322 1683 30.
1348 1642 1396 1681 C.
1420 1656 1489 1695 7.,
1521 1640 1590 1680 sed
1613 1641 1743 1690 multo

303 1691 425 1746 plura
455 1693 589 1732 deesse
614 1694 886 1749 deprehendet
900 1726 911 1746 ‚
950 1698 1021 1750 qui
1051 1698 1259 1751 sequentia
1286 1711 1379 1736 cum
1419 1696 1748 1738 antecedentibus

303 1755 455 1787 attente
482 1749 676 1790 conferat.
734 1751 833 1791 Nam
856 1766 936 1790 non
966 1754 1206 1807 respondent
1233 1752 1506 1806 inscriptioni,
1533 1751 1604 1790 sed
1634 1751 1746 1793 aliud

303 1810 495 1843 tractant.
551 1805 758 1846 Promittit
787 1808 992 1861 inscriptio
1007 1838 1018 1857 ,
1054 1816 1093 1847 et
1125 1809 1298 1856 instituit
1326 1808 1487 1852 initium
1514 1807 1614 1846 noni
1638 1809 1747 1861 capi-

303 1859 356 1898 tis
373 1888 385 1909 ‚
429 1857 723 1902 enarrationem
762 1862 959 1902 Actorum
999 1863 1086 1902 sesti
1127 1863 1395 1903 Pentecostes.
1452 1863 1536 1902 Pro
1576 1864 1750 1914 maxima

304 1926 404 1954 vero
426 1922 541 1967 parte
560 1917 660 1956 ritus
677 1919 936 1970 processionis
958 1918 1156 1971 paschalis
1184 1918 1343 1971 exponit
1362 1918 1439 1968 hoc
1466 1924 1610 1971 caput,
1638 1917 1751 1971 quod

307 1969 494 2023 deinceps
532 1969 757 2013 luculenter
787 1974 981 2013 evincam.
1039 1974 1182 2028 Incipit
1219 1974 1317 2013 haec
1344 1974 1571 2028 argumenti
1598 1972 1749 2014 discre-

307 2025 447 2078 pantia
474 2039 498 2063 a
522 2024 558 2078 ᾗ.
580 2027 618 2065 3.
650 2035 689 2067 et
721 2042 821 2069 voce
847 2024 966 2068 ἔνθεν
975 2043 990 2079 ,·
1038 2030 1102 2068 cui
1136 2030 1388 2082 praecessisse
1424 2030 1545 2075 etiam
1584 2027 1747 2082 aliqua,

309 2080 566 2119 manifestum
585 2096 630 2120 ex
658 2097 705 2123 eo
732 2091 792 2123 est
805 2114 816 2135 ,
844 2084 952 2136 quod
974 2086 1101 2132 oratio
1119 2084 1220 2124 hiat.
1278 2083 1428 2130 Saltem
1449 2085 1620 2127 verbum
1635 2082 1750 2124 ἐπαύ-

311 2148 459 2187 ρουσιν
489 2143 559 2174 aut
587 2133 790 2189 σύρουσιν
817 2139 882 2178 vel
905 2139 1031 2179 simile
1060 2140 1322 2180 desideratur.
1382 2140 1463 2180 Sed
1488 2139 1616 2180 multo
1634 2137 1753 2192 plura

313 2190 459 2229 desunt
485 2191 535 2230 de
557 2194 803 2244 processione
826 2209 1036 2248 procerum
1067 2210 1136 2234 seu
1162 2203 1363 2236 conventu
1387 2195 1428 2235 in
1452 2195 1586 2241 aulam
1605 2195 1657 2234 ad
1674 2195 1754 2234 Im·

311 2254 536 2298 peratorem
563 2248 606 2286 in
631 2247 1005 2302 Chrysotriclinum.
1062 2250 1181 2290 Clara
1218 2252 1383 2290 tandem
1416 2265 1479 2290 res
1509 2257 1568 2290 est
1594 2264 1642 2289 ex
1670 2263 1718 2289 eo
1736 2279 1751 2302 ,

313 2301 423 2352 quod
449 2303 595 2357 pagina
624 2317 763 2343 aversa
787 2305 852 2344 vel
879 2305 1073 2358 posterior
1101 2306 1261 2358 solii41.
1288 2307 1331 2346 in
1358 2320 1457 2347 voce
1489 2302 1659 2353 ἀξιώσει
1679 2304 1751 2344 deq

314 2356 495 2408 sinebat,
537 2365 576 2396 et
605 2361 748 2413 pagina
782 2360 950 2400 adversa
984 2361 1068 2400 folii
1098 2361 1165 2413 42.
1195 2376 1219 2400 a
1245 2376 1344 2402 voce
1378 2357 1498 2401 ἔνθεν
1522 2359 1754 2414 incipiebat.

316 2409 500 2451 Debebat
535 2427 630 2467 ergo
670 2414 810 2454 folium
841 2431 969 2455 unum
985 2447 996 2464 ‚
1034 2424 1103 2455 aut
1140 2419 1271 2471 potius
1308 2415 1436 2456 multo
1466 2415 1584 2469 plura
1600 2445 1613 2467 ,
1648 2415 1754 2455 forto

314 2463 468 2518 integer
500 2470 733 2522 quaterniO,
772 2485 843 2510 seu
861 2472 997 2511 decem
1015 2471 1110 2510 folia
1125 2501 1136 2522 ,
1171 2473 1348 2526 periisse.
1405 2472 1523 2512 Patet
1549 2485 1596 2517 ex
1614 2484 1753 2509 numo-

313 2532 362 2557 ro
385 2524 560 2573 capitum
578 2554 588 2571 ‚
624 2526 693 2578 qui
712 2525 764 2564 ab
795 2526 872 2566 hoc
899 2528 1026 2580 capite
1058 2527 1151 2566 inde
1182 2528 1377 2580 discrepat
1405 2541 1429 2566 a
1446 2533 1582 2566 nostra
1609 2525 1754 2564 editio-

317 2586 385 2612 ne.
443 2577 542 2616 Nam
564 2581 673 2632 quod
692 2581 787 2620 huic
812 2582 974 2621 editioni
997 2590 1115 2636 caput
1136 2583 1335 2622 decimum
1355 2589 1412 2624 est
1429 2613 1440 2630 ‚
1478 2581 1519 2620 id
1543 2588 1600 2620 est
1621 2579 1754 2620 inCo÷

317 2628 406 2668 dice
433 2634 572 2684 capitis
601 2635 711 2675 XIX.
740 2651 832 2689 pars
860 2638 1032 2678 secunda
1049 2667 1060 2689 ,
1097 2638 1207 2691 quod
1238 2638 1303 2676 hic
1333 2645 1392 2676 est
1420 2637 1496 2678 XI.
1531 2642 1677 2690 caput,
1709 2626 1755 2675 id

317 2692 377 2727 est
402 2687 528 2726 codici
548 2689 783 2742 vigesimum
802 2722 813 2742 ,
851 2693 918 2732 hic
942 2694 1041 2732 XII.
1074 2694 1114 2732 in
1142 2693 1287 2732 Codice
1313 2693 1424 2735 XXI.
1453 2699 1494 2738 et
1518 2692 1574 2730 sic
1598 2696 1763 2744 semper'

317 2753 439 2801 porro
478 2742 654 2784 decurrit
686 2746 752 2786 hic
786 2747 886 2787 ordo
924 2762 997 2802 per
1033 2755 1162 2788 totum
1198 2748 1347 2788 librum
1380 2747 1577 2802 primum,
1616 2746 1673 2786 sic
1706 2749 1754 2784 u't
