1884 3132
274 142 385 198 218
551 160 624 201 10.
667 158 773 202 1Ac.
813 159 1010 201 RE1SK11
1048 153 1427 203 COMMENTARH

273 269 334 302 est
349 292 361 313 ‚
404 267 473 301 aut
498 260 551 300 ab
586 263 736 316 agyrtis
765 261 844 302 illis
877 259 1046 316 Cybeles
1078 261 1318 315 repetendus
1357 269 1418 303 est
1432 291 1445 315 ‚
1488 265 1558 318 qui
1586 265 1722 319 palma

273 319 315 357 in
349 317 478 356 triviis
517 315 712 357 collocata
743 332 790 357 ex
827 332 874 357 ea
907 319 1018 357 Deae
1050 331 1146 356 suae
1178 318 1394 372 imaginem
1425 317 1722 373 dependentem

273 373 557 425 superstitiosis
583 373 863 412 monstrabant
883 402 895 423 ‚
942 372 1136 412 miracula
1169 373 1254 412 eius
1289 373 1460 412 credulis
1490 374 1721 427 iactabant,

273 435 315 467 et
337 429 482 480 stipem
509 427 560 466 ab
586 430 680 482 ipsis
710 429 994 468 corradebant.
1053 428 1100 467 Id
1129 435 1215 476 est,
1249 428 1358 482 quod
1389 427 1590 470 Arrianus
1627 432 1726 486 φοί-

273 496 368 522 mna
398 479 604 534 ἱστάνειν,
653 484 851 524 Aristides
893 483 1064 536 φοίνικα
1097 483 1382 536 περικομιζειν
1421 485 1611 539 appellat.
1669 487 1726 526 Et

275 537 319 576 hi
364 545 459 577 sunt
489 538 547 578 illi
581 539 854 593 dendrophori
894 539 1233 592 Inscriptionum‚
1278 539 1329 578 de
1372 541 1520 593 quibus
1550 541 1728 582 multum

275 593 524 648 disputatum
549 594 649 646 fuit,
680 603 720 635 et
743 596 792 634 de
822 595 969 649 quibus
997 609 1039 634 v.
1067 594 1235 633 Salmas.
1268 594 1320 633 ad
1352 594 1501 650 Script.
1534 597 1588 637 H.
1615 597 1724 651 Aug.

274 649 328 688 T.
358 650 394 688 Ι.
419 664 463 705 p.
486 664 580 705 729.
639 651 701 690 Ut
731 651 828 690 olim
859 664 959 689 aevo
984 649 1117 689 medio
1140 663 1252 703 reges
1279 650 1321 688 in
1350 650 1494 690 urbem
1520 653 1729 692 venientes

274 704 428 745 oblatis·
446 705 666 746 thuribulis
702 714 741 746 et
767 706 954 746 crucibus
993 713 1032 744 et
1064 705 1226 758 hymnis
1254 707 1422 745 cantatis
1452 708 1727 761 excipiebant,

82 750 150 788 Ed·
163 751 201 786 L·
216 751 263 796 69
276 761 333 800 ita
356 769 547 801 narrante
563 761 773 802 Athenaeo
799 777 843 815 p.
869 760 966 801 255.
985 761 1032 800 C.
1054 761 1305 799 Demetrium
1322 761 1591 802 Poliorcetam
1609 763 1731 803 Athe-

277 831 351 857 nas
373 819 602 857 venientem
631 817 739 857 leves
772 817 1038 856 Athenienses
1065 815 1259 867 ἐδέχοντο
1296 815 1348 854 οὐ
1376 811 1504 867 μόνον
1535 818 1731 869 θυμιῶν-

278 886 346 920 τες
378 872 454 912 καί
482 872 784 927 στεφανοῦντες
816 869 889 912 καί
916 870 1229 923 οἰνοχοοῦντες,
1273 869 1379 910 ἀλλὰ
1412 872 1486 912 καὶ
1510 871 1730 926 προσώδια

281 924 355 967 καί
387 927 511 982 χοροί
534 925 608 968 καί
641 924 876 982 ἷθυφάλλοι
909 926 1000 978 μετ’
1034 920 1249 979 ὀρχήσεως
1281 925 1355 965 καί
1391 924 1502 982 ᾠδῆς
1536 925 1730 982 α’πήντων

282 976 407 1038 αὐτῷ.
466 984 679 1038 Nequeunt
705 985 870 1024 omnino
900 981 1151 1022 idololatriae
1180 982 1333 1021 radices
1358 996 1404 1022 ex
1431 982 1607 1023 hominis
1641 985 1732 1023 ani-

282 1053 351 1078 mo
377 1039 518 1091 evelli;
555 1042 720 1078 mutatis
746 1046 905 1079 tantum
931 1039 1098 1078 obiectis
1122 1037 1227 1076 ludit
1254 1051 1411 1091 semper
1439 1039 1593 1078 eadem.
1651 1039 1733 1079 Sed

281 1093 359 1133 hoc
385 1109 468 1134 non
495 1102 555 1135 est
575 1095 697 1135 huius
724 1094 818 1134 loci.
878 1094 1026 1133 Incidit
1050 1093 1128 1132 hoc
1155 1093 1299 1132 festum
1321 1093 1571 1134 exaltationis
1600 1096 1732 1135 crucis

283 1161 326 1199 in
345 1160 460 1200 XIV.
479 1161 723 1214 Septembr.⁹
757 1160 866 1200 unde
887 1159 1163 1200 Melitensibus
1187 1161 1334 1198 mensis
1386 1151 1621 1206 man—laon
1643 1158 1738 1216 ἐμὲ

283 1218 424 1256 mensis
454 1219 579 1256 crucis
607 1216 857 1270 appellatur,
900 1223 1000 1255 teste
1025 1215 1131 1269 Agio
1161 1215 1211 1270 de
1234 1214 1418 1255 Soldanis
1444 1218 1487 1255 in
1518 1218 1733 1257 Gramma-

284 1273 363 1310 tica
390 1271 549 1326 linguae
576 1273 753 1312 Punicae
788 1286 859 1312 seu
898 1271 1118 1311 Melitensis
1141 1285 1181 1325 p.
1216 1284 1308 1310 110.
1369 1271 1488 1311 Conf.
1520 1273 1646 1312 Goar.
1679 1272 1734 1313 ad

284 1326 429 1367 Codin.
456 1343 497 1382 p.
522 1328 598 1367 III.
628 1343 671 1368 n.
702 1342 769 1383 29.

397 1382 526 1438 74.Β.
550 1382 717 1438 1.[125,
737 1384 798 1435 2.]
820 1376 936 1435 ὥραν
951 1377 1124 1434 ἒννὰτην
1150 1374 1180 1435 ἦ
1203 1379 1275 1421 καί
1302 1378 1477 1436 δεκάτην
1493 1378 1658 1430 νυκτὸς.
1686 1383 1737 1424 ld

286 1445 346 1478 est
370 1438 472 1479 liora
501 1447 644 1491 quarta
674 1446 744 1478 aut
763 1439 904 1492 quinta
930 1439 1154 1489 matutina,
1183 1437 1405 1477 secundum
1428 1446 1611 1478 nostrum
1629 1453 1735 1478 com·
1776 1460 1787 1470 ·

285 1501 446 1547 putum.
505 1495 602 1534 Vid.
641 1493 810 1534 Cedren.
844 1508 937 1547 pag.
966 1492 1061 1548 495.
1093 1493 1141 1532 Β.
1179 1507 1218 1547 7.
1258 1492 1527 1546 Theophanes
1559 1508 1602 1547 p.
1633 1493 1734 1546 402.

285 1549 334 1589 Β.
358 1564 398 1589 2.
432 1557 629 1590 memorat
661 1550 805 1589 horam
837 1550 967 1588 noctis
1005 1555 1192 1602 quartam
1229 1556 1322 1587 ante
1351 1548 1526 1588 mediam
1555 1557 1733 1590 noctem.

285 1605 391 1644 Sunt
416 1613 456 1644 et
482 1606 585 1646 aliae
601 1606 721 1658 ¹apud
751 1619 845 1644 eum
871 1612 1018 1655 notae,
1055 1618 1077 1643 e
1098 1604 1245 1657 quibus
1273 1603 1525 1657 intelligitur,
1558 1606 1734 1645 Graecos

286 1660 341 1699 ab
379 1662 496 1700 initio
531 1663 661 1701 noctis
700 1661 820 1701 horas
854 1674 981 1714 usque
1013 1658 1066 1699 ad
1099 1673 1162 1699 12.
1200 1666 1239 1699 et
1272 1658 1349 1698 diei
1377 1661 1530 1713 pariter
1565 1659 1618 1700 ab
1651 1660 1741 1700 eius

286 1716 403 1755 initio
428 1725 693 1771 computasse.

397 1772 445 1811 Β.
475 1786 539 1812 11.
561 1772 675 1828 [125‚
703 1770 786 1826 11.]
815 1769 1100 1823 Μανναύρας.
1155 1770 1258 1810 Erat
1280 1770 1538 1825 Magnam-a,
1570 1769 1638 1810 vel
1654 1784 1738 1810 ma-

288 1841 368 1881 gna
387 1827 505 1879 aula,
534 1828 728 1882 palatium
758 1828 977 1881 spatiosum
1000 1833 1039 1865 et
1067 1825 1348 1879 splendidum,
1378 1825 1488 1880 quod
1519 1827 1735 1880 praecipue

289 1883 547 1923 admittendis
582 1885 637 1924 ibi
667 1883 806 1938 legatis
842 1883 982 1922 exteris
1019 1887 1059 1920 et
1084 1881 1330 1920 celebrandis
1371 1882 1523 1935 nuptiis
1557 1881 1734 1920 destina-

288 1944 378 1977 tum
404 1946 504 1978 erat.
564 1940 613 1979 In
640 1953 688 1978 eo
720 1952 881 1993 quoque
908 1936 1103 1976 recitabat
1142 1938 1367 1989 Imperator
1404 1950 1498 1976 suas
1534 1938 1742 1976 orationes

288 1994 333 2032 in
367 1993 559 2035 Silentiis.
615 1994 716 2049 *[In
756 1995 978 2047 Magnaura
1015 2006 1181 2042 magnos
1217 1992 1338 2031 duces
1369 1993 1548 2046 excipere
1582 1991 1740 2031 solebat

290 2048 528 2101 Imperator.
587 2050 684 2090 Vid.
728 2047 979 2088 Constantini
1011 2047 1087 2086 vit.
1119 2046 1246 2086 Basil.
1272 2047 1431 2086 Maced.
1463 2062 1501 2087 c.
1526 2045 1594 2087 53.
1652 2047 1738 2086 Leo*

292 2103 333 2143 in
352 2106 575 2158 Magnaura
603 2113 642 2146 et
655 2105 771 2145 XIX.
806 2102 1014 2143 Accubitis
1039 2103 1201 2155 nuptias
1225 2101 1414 2142 celebrat.
1473 2103 1623 2156 Georg.
1643 2102 1738 2141 Μο-

291 2159 411 2198 nach.
443 2175 484 2213 p.
511 2160 604 2216 574.
662 2161 801 2214 Legati
831 2159 1122 2198 Saracenorum
1147 2171 1172 2196 a
1201 2158 1335 2197 Leone
1362 2159 1405 2196 in
1426 2158 1647 2211 Magnaura
1668 2169 1738 2195 ex-

293 2216 511 2266 cipiuntur.
570 2216 718 2270 Script.
750 2221 841 2269 post
864 2213 1103 2267 Theophan.
1133 2227 1225 2266 pag.
1249 2214 1345 2253 251.
1381 2212 1551 2252 Basilius
1583 2219 1668 2251 tam
1693 2212 1740 2250 in

293 2270 541 2323 Magnam-a,
583 2285 705 2326 quam
735 2272 779 2310 in
810 2269 926 2309 Circo
959 2283 1034 2322 pro
1067 2268 1260 2307 tribunali
1291 2268 1416 2308 sedet.
1473 2267 1620 2322 Glycas
1642 2280 1736 2320 pag.

296 2325 390 2377 295.
451 2327 512 2365 De
535 2327 759 2381 Magnaura
788 2327 938 2380 optime
971 2325 1039 2363 Du
1070 2323 1222 2363 Fresne
1245 2323 1297 2363 ad
1320 2324 1468 2362 Zonar.
1492 2336 1582 2376 pag.
1609 2320 1676 2373 54.
1692 2320 1739 2373 ]*

295 2386 336 2417 et
364 2380 461 2420 CPli
492 2382 642 2422 Christ.
678 2383 733 2421 II.
767 2396 809 2436 p.
847 2395 937 2435 ¹¹7·
968 2393 1058 2433 sqq.
1115 2379 1179 2418 De
1205 2378 1446 2433 etymologia
1484 2384 1636 2417 certum
1661 2381 1739 2414 est.

297 2434 440 2474 Graeci
485 2438 591 2477 enim
632 2451 749 2491 saepe
785 2438 809 2476 λ
843 2443 882 2476 et
914 2449 939 2488 ρ
981 2440 1211 2488 permutant
1226 2465 1238 2484 ‚
1285 2442 1332 2473 ut
1361 2439 1470 2472 recte
1509 2431 1740 2471 observavit

293 2485 569 2542 Luitprandus
599 2493 752 2533 Histor.
785 2492 861 2531 VI.
883 2505 922 2530 2.
984 2491 1045 2529 Ita
1071 2489 1181 2543 quod
1215 2489 1310 2528 alibi
1344 2481 1640 2538 α’νεμοδούλιον
1669 2499 1741 2524 au·

296 2541 387 2594 dit,
430 2546 589 2586 offendo
626 2549 733 2602 apud
759 2547 904 2587 Codin.
938 2545 1129 2584 Lambec.
1167 2559 1210 2598 p.
1242 2558 1312 2599 9¹·
1344 2535 1649 2592 ἇνεμοδούριον
1677 2539 1743 2579 di-

297 2604 423 2637 ctum.
484 2600 533 2640 In
565 2603 642 2642 hoc
675 2605 762 2656 ipso
797 2603 934 2643 codice
970 2616 1010 2654 p.
1039 2599 1134 2640 580.
1166 2601 1211 2638 B.
1242 2614 1281 2638 2.
1313 2597 1506 2636 habemus
1535 2589 1740 2648 ἄρεύριον

296 2667 371 2707 pro
401 2652 609 2708 α’λεύριον,
624 2660 800 2710 farina,
829 2655 1055 2710 φραγὲλιον
1082 2666 1157 2708 pro
1171 2654 1384 2710 flagellum
1420 2665 1461 2704 p.
1487 2649 1582 2701 410.
1607 2650 1660 2688 D.
1679 2663 1748 2704 9.,

296 2705 578 2762 κενοφλιόριον
603 2721 662 2752 est
692 2714 800 2766 apud
834 2712 1005 2750 Cedren.
1040 2723 1114 2763 pro
1141 2701 1480 2760 καινοφρούριον,
1502 2719 1645 2768 novun}
1676 2718 1747 2742 ca·-

298 2771 429 2804 5crum.
490 2764 602 2806 Alibi
636 2767 866 2823 Τέρμισσος
889 2773 928 2806 et
960 2765 1188 2816 Τέλμισσος
1211 2762 1433 2819 promiscue
1449 2790 1462 2814 ,
1521 2768 1560 2800 et
1591 2771 1748 2814 κορφος
