1884 3132
334 167 446 232 814
629 185 701 225 10.
742 183 848 226 1Αο.
897 185 1091 227 Rssisxu
1132 178 1507 228 COMMENTARH

337 298 374 327 et
412 301 518 328 more
563 301 628 327 suo
643 317 655 338 ,
697 288 744 326 id
770 292 835 327 'est
871 288 1006 342 lingua
1049 289 1204 328 Graeca
1220 320 1232 340 ,
1271 289 1406 329 laudes
1441 291 1522 328 eim
1559 290 1750 333 dixer-um
1764 321 1776 338 .

337 344 622 398 Imperatorem
642 357 728 382 eum
758 352 796 382 et
821 344 1022 383 Basileum
1051 346 1306 399 appellantes.
1365 346 1428 383 De
1457 345 1670 398 Nicephori
1698 348 1778 385 Ge-

336 399 485 438 neralis
512 398 563 438 ad
595 397 784 437 carolum
819 397 1015 451 legatione
1045 399 1150 438 idem
1174 399 1355 454 Rhegino
1382 401 1433 439 ad
1457 400 1539 442 An.
1559 401 1653 442 803.
1683 400 1777 444 810.

337 462 379 494 et
414 453 507 496 811.
539 452 674 496 habet.
730 454 793 492 De
830 453 1027 507 legatione
1060 454 1266 494 Michaelis
1298 454 1413 494 Balbi
1442 455 1493 495 ad
1527 456 1778 496 Ludovicum

337 511 456 549 Pium
497 523 537 550 v.
583 509 776 563 Sigebert.
815 509 1023 552 Gemblac.
1061 510 1112 549 ad
1147 510 1228 552 An.
1273 509 1369 561 824.
1441 510 1545 564 *[De
1582 510 1779 564 legatione

336 562 553 618 Theophili
571 563 622 603 ad
647 578 782 617 regem
807 563 1059 604 Francorum
1086 564 1219 605 auxilii
1251 565 1408 618 petendi
1439 579 1558 605 causa
1589 580 1628 608 v.
1667 567 1779 606 Con-

335 621 483 662 tinuat.
521 619 758 673 Theophan.
805 633 845 672 p.
880 619 987 673 84.]*
1052 621 1113 660 De
1150 619 1347 674 legatione
1375 620 1509 659 Basilii
1548 621 1780 661 Macedonis

336 675 389 714 ad
416 674 683 725 Ludovicum‚
718 688 851 728 regem
877 676 1131 726 Germaniae,
1166 690 1205 718 v.
1235 676 1426 729 Sigebert.
1454 675 1612 717 Gembl.
1642 676 1693 715 ad
1724 676 1778 719 A.

337 730 434 785 872.
482 730 653 770 Possent
685 729 762 769 hoc
797 730 918 769 modo
949 730 1164 784 legationes
1201 731 1446 770 Graecorum
1473 731 1525 770 ad
1551 731 1780 770 occidenta-

334 785 397 825 vles
439 799 485 824 cx
527 786 679 825 Latinis
715 791 754 824 et
786 787 1018 839 Byzantinis
1049 787 1335 839 scriptoribus,
1379 786 1473 825 item
1507 786 1559 825 ad
1588 787 1780 825 Orienta-

337 839 396 880 les
425 842 622 894 principes
653 855 698 880 ex
733 840 916 880 Arabicis
956 845 1143 896 excerpi,
1186 843 1219 881 si
1262 848 1420 880 vacaret
1451 848 1491 880 et
1529 841 1686 880 luberet
1713 855 1780 880 ae-

335 910 571 936 rumnosam
591 896 887 950 inquisitionem
908 897 1046 939 ordiri.
1103 896 1211 950 [Der
1230 896 1434 936 Ausdrack
1458 897 1547 935 Rex
1574 896 1781 935 Saxoniae

336 953 436 990 hiess
457 952 674 990 ehensoviel
686 981 698 1002 ‚
742 952 802 990 als
835 965 911 991 rex
942 953 1194 998 Germaniae,
1227 952 1330 991 denn
1359 950 1428 990 die
1447 952 1592 990 Russen
1607 981 1616 999 ‚
1658 951 1782 993 Esten

337 1007 422 1046 und
448 1007 604 1046 Finnen
633 1020 783 1045 nennen
811 1006 878 1045 die
912 1007 1129 1047 Dezctsclzen
1158 1007 1285 1045 Sazen
1311 1006 1408 1046 odet·
1432 1006 1586 1046 Saxen.
1626 1006 1780 1045 Stiem-

337 1061 462 1101 hielm
483 1061 766 1102 Anti-Cluver.
790 1075 828 1114 p.
863 1061 948 1110 65.‚
983 1064 1173 1103 recitante
1196 1062 1383 1101 Stadenio
1412 1062 1452 1100 in
1474 1061 1671 1101 Memoria
1690 1061 1781 1102 Sta-

338 1117 509 1156 deniana
536 1131 577 1170 p.
606 1114 700 1167 554.
735 1117 810 1157 Ex
843 1117 1045 1170 Addend.]
1095 1159 1098 1161 ,
1373 1148 1375 1150 .

450 1172 501 1213 A.
531 1185 570 1214 2.
606 1171 719 1226 [689‚
740 1170 802 1225 6.]
835 1171 1066 1223 Νεμίτζιοι.
1143 1172 1318 1211 Weuedi
1350 1173 1406 1211 sic
1443 1170 1645 1224 appellant
1673 1172 1778 1210 Ger·-

339 1240 505 1278 manos3
531 1227 614 1266 vid.
642 1227 856 1268 Leuuclav.
883 1227 989 1282 apud
1007 1229 1074 1267 Du
1100 1227 1295 1280 Cangium
1313 1227 1363 1265 ad
1391 1226 1571 1267 Alexiad.
1598 1241 1639 1279 p.
1657 1225 1778 1280 257.:

340 1289 382 1321 et
410 1282 534 1321 Turci
571 1295 760 1335 quoque3
801 1281 885 1322 vid.
926 1282 1055 1323 Clodii
1082 1282 1176 1324 Lex.
1207 1283 1330 1324 Ture.
1363 1295 1402 1322 v.
1439 1281 1643 1323 Germani.
1697 1281 1782 1320 Pro

338 1337 381 1376 Γ
377 1337 642 1388 squamulae
670 1337 746 1390 leg.
778 1337 817 1377 Γ
816 1338 1029 1390 ερμανιάς.
1089 1337 1225 1386 Quare
1249 1345 1382 1376 autem
1408 1337 1626 1377 Cinnamus
1648 1350 1689 1389 p.
1711 1335 1780 1387 46.

336 1392 387 1433 Β.
419 1399 458 1431 et
487 1391 583 1431 alibi
609 1406 742 1446 regem
764 1391 799 1430 F
802 1394 959 1433 ranciae
985 1393 1065 1433 τῶν
1096 1392 1326 1444 Γερμανῶν
1350 1389 1459 1444 <hwa
1479 1391 1671 1445 appellet,
1699 1405 1781 1430 non

341 1454 504 1499 exputo3
540 1449 649 1494 item,
685 1462 808 1502 quare
840 1448 961 1487 Anna
989 1449 1193 1487 Comneua
1224 1447 1405 1488 Alexiad.
1441 1461 1481 1500 p.
1511 1447 1578 1488 62.
1612 1447 1663 1488 A.
1698 1446 1782 1484 Ne-

339 1503 482 1542 mitzos
518 1502 688 1556 appellet
711 1510 869 1558 gentem
894 1503 944 1558 τῇ
970 1500 1160 1556 βασιλείᾳ
1180 1500 1402 1555 Ῥωμαίων
1420 1501 1619 1541 δουλεῦον
1638 1499 1783 1540 dvena-

337 1558 429 1607 θεν,
456 1558 598 1613 quoda
617 1560 732 1612 longo
756 1561 837 1597 iam
853 1567 1024 1613 tempore
1041 1560 1304 1598 Romanorum
1318 1557 1371 1609 (id
1389 1564 1447 1596 est
1461 1556 1784 1610 Byzantinorum)

340 1614 510 1667 imperio
533 1623 691 1668 pareat.
750 1614 843 1653 Non
870 1620 976 1653 certe
1019 1614 1178 1653 videtur
1215 1612 1385 1651 voluisse
1421 1612 1576 1660 dicere,
1614 1612 1784 1651 Germa—

340 1681 488 1708 norum
518 1668 663 1708 multos
690 1670 729 1707 in
764 1669 906 1708 militia
936 1669 1108 1722 palatina
1139 1669 1317 1721 Byzantii
1350 1666 1551 1708 militasse.
1765 1698 1767 1701 -

399 1721 413 1769 s
451 1725 502 1766 A.
538 1738 596 1766 10.
625 1723 738 1778 [689.
768 1723 849 1778 12.]
881 1722 1080 1778 ἀδελφὸν.
1147 1723 1350 1777 *[Fratres
1383 1722 1685 1775 appellabantur
1719 1735 1782 1760 re-

342 1792 409 1832 ges
429 1780 552 1818 exteri
583 1779 634 1818 ab
666 1780 925 1819 orientalibus
955 1778 1282 1833 Imperatoribus3
1312 1792 1351 1820 v.
1372 1777 1582 1831 Eginhart.
1607 1778 1781 1830 interpp.

341 1848 383 1887 p.
417 1833 531 1886 128.;
560 1834 610 1874 de
627 1842 766 1874 mutua
794 1835 961 1874 fratrum
987 1834 1274 1888 appellatione,
1304 1847 1382 1886 qua
1412 1833 1628 1871 utebantur
1651 1831 1785 1884 Impe-

342 1896 527 1941 ratores,
574 1891 643 1929 Du
677 1890 812 1944 Cange
850 1890 901 1929 ad
941 1889 1124 1933 Alexiad.
1165 1904 1202 1942 p.
1235 1896 1326 1943 274.
1372 1895 1410 1927 et
1447 1888 1499 1926 ad
1532 1885 1712 1929 Ioinvill.
1742 1901 1782 1939 p.

342 1957 392 1998 27
426 1943 485 1998 .]*
558 1945 621 1984 De
643 1953 812 1999 recepta
849 1948 955 1984 inter
992 1959 1102 1999 reges
1139 1952 1278 1983 mutua
1323 1942 1624 1996 compellatione
1643 1942 1788 1993 frater·

343 1959 426 2041 viti).
456 1999 588 2042 Vales.
620 2000 671 2039 ad
692 2001 829 2043 Amm.
860 2000 1038 2042 Marcell.
1068 2012 1121 2053 p.·
1143 2014 1228 2054 ¹79·
1251 2014 1286 2041 a.
1321 2006 1360 2037 et
1381 1998 1565 2040 Aleman.
1600 1997 1650 2036 ad
1678 1997 1781 2035 Pro-

343 2068 431 2108 cop.
460 2070 501 2109 p.
523 2057 589 2098 23.
617 2058 797 2110 Apparet
821 2070 982 2110 quoque
1010 2070 1055 2095 ex
1078 2054 1402 2108 inscriptionibus
1422 2053 1645 2092 litterarum
1666 2051 1784 2090 Calo-

342 2110 499 2150 ioannis
539 2112 590 2150 ad
633 2111 864 2150 conradum
903 2111 976 2152 llI.
1012 2118 1051 2151 et
1085 2112 1225 2149 Isaacii
1263 2109 1405 2162 Angeli
1447 2108 1496 2147 ad
1534 2107 1785 2146 Fridericum

343 2164 653 2214 Barbarossam‚
693 2181 792 2220 quas
829 2167 958 2206 adfert
985 2166 1141 2207 Selden.
1183 2167 1263 2207 Tit.
1303 2165 1457 2205 Honor.
1488 2177 1527 2216 p.
1571 2163 1635 2204 33.
1666 2162 1786 2202 Prior

345 2221 402 2260 sic
434 2229 570 2260 sonat:
606 2222 775 2261 Ioannes
802 2224 843 2261 in
874 2223 1023 2260 Christo
1054 2222 1125 2260 deo
1147 2221 1283 2275 fidelis
1309 2234 1385 2258 rex
1402 2217 1782 2273 Porplqyrogenitus‚

345 2276 534 2325 sublimis,
551 2278 693 2328 sorti-5,
722 2277 930 2330 Augustus,
958 2277 1169 2316 Comnenos
1197 2286 1232 2314 et
1258 2275 1482 2329 Imperator
1497 2274 1779 2318 Romanorum,

347 2331 405 2369 ad
431 2332 712 2371 nobilissimum
734 2333 916 2384 fratrem
959 2341 997 2371 et
1027 2333 1198 2370 amicum
1236 2331 1395 2384 imperii
1419 2329 1508 2367 mei.
1581 2326 1785 2367 Posterior

348 2392 484 2425 autem
503 2388 557 2426 sic
584 2387 727 2426 habet:
759 2387 933 2427 Isaacins
955 2402 981 2425 a
1001 2387 1074 2426 deo
1107 2388 1326 2425 constitutus
1351 2384 1579 2439 Imperator
1599 2381 1782 2420 sacratis.-

346 2442 476 2490 simas,
495 2443 853 2492 excellentissimus,
866 2443 1165 2496 potentissimus,
1187 2441 1375 2489 sublimis,
1398 2439 1620 2477 moderator
1636 2437 1783 2474 Roma.-

345 2509 487 2535 norum
499 2496 670 2549 Angelus
686 2498 798 2536 totius
826 2498 942 2546 orbis,
970 2499 1102 2535 haer-es
1118 2510 1282 2535 coronae
1295 2495 1433 2547 magni
1448 2491 1700 2537 Constantini,
1720 2490 1785 2528 di.-

347 2551 443 2590 lecto
449 2553 583 2603 fratri
598 2554 759 2607 imperii
774 2554 835 2590 sui
857 2554 1033 2592 maximo
1056 2553 1242 2606 Prineipi
1260 2549 1492 2589 Alemaniae
1511 2557 1619 2585 suam·
1643 2554 1681 2584 et
1678 2546 1784 2596 fia—

347 2613 498 2644 ter-nam
516 2616 552 2645 et
566 2609 783 2662 plurimam
801 2607 1063 2648 dilectionem.
1094 2606 1239 2645 Malaia
1260 2606 1308 2647 Τ.
1332 2605 1382 2645 ΙΙ.
1400 2619 1439 2655 Ρ.
1456 2615 1549 2653 219.
1565 2601 1634 2646 ait,
1663 2600 1783 2638 lusti-

347 2660 512 2698 nianum
527 2669 566 2701 et
584 2663 772 2702 Cosroe'm
789 2662 890 2701 inter
908 2662 984 2700 alia
997 2662 1211 2715 pepegisse,
1237 2668 1280 2698 ut
1295 2674 1335 2698 se
1351 2659 1532 2708 deinceps
1537 2656 1692 2706 fluct-es
1706 2669 1781 2708 ap-

341 2713 539 2766 pellarent
565 2718 772 2756 secandum
799 2727 967 2756 meterem
992 2732 1114 2758 ιιειιηι.
1171 2715 1332 2754 Alexius
1344 2713 1569 2751 comnenus
1585 2711 1623 2748 ἰν.»
1640 2710 1789 2749 litteris.

347 2769 568 2809 Hem-icum
607 2772 660 2815 V.
692 2770 978 2826 Imperatorem
1009 2771 1354 2822 πανευγενέστατε
1381 2763 1454 2815 καί
1490 2764 1547 2820 τῷ
1574 2759 1661 2804 ὄντι
1685 2777 1783 2817 χρι-
