1884 3132
283 138 392 194 230
547 153 622 197 10.
663 153 772 199 mc.
817 157 1016 199 izmsm
1062 154 1444 203 comumAmi

280 325 446 379 spicitur
465 353 475 373 ‚
505 322 606 364 haec
635 330 695 363 est
722 324 855 379 imago
874 354 885 374 ‚
916 339 1021 379 quae
1047 325 1100 366 ab
1127 325 1197 366 illa
1227 324 1415 368 dextralis

280 380 564 432 descriptione,
594 394 718 432 quam
740 381 824 419 Leo
845 382 949 434 Imp.
971 383 1173 422 Tacticor.
1192 383 1320 431 V1.§.
1346 398 1359 422 1
1373 397 1407 422 1.

281 436 375 485 dat,
405 449 548 487 parum
578 434 727 484 differt,
754 443 793 473 et
821 437 862 474 in
890 451 937 475 eo
966 437 1051 476 solo
1071 467 1082 488 ‚
1125 437 1234 491 quod
1262 452 1414 478 uncum

282 505 328 530 ex
361 490 531 529 adverso
559 492 707 529 securis
736 490 908 542 habeat,
939 500 1009 531 aut
1037 491 1241 543 δρέπανον
1267 493 1413 544 veluti,

282 559 410 598 quum
438 545 614 584 dextrale
642 546 788 584 Leonis
818 547 1006 586 habuerit
1041 549 1162 587 sicam
1189 555 1340 587 rectam
1368 548 1421 588 ad

789 601 900 640 hunc
928 603 1111 642 modum.
1157 603 1247 643 Itali
1276 617 1437 658 quoque
1465 613 1622 639 secures
1649 613 1739 640 ma-

790 659 952 696 nuarias
979 659 1031 697 ab
1059 661 1225 712 antiquo
1253 674 1365 699 more
1391 655 1608 712 appellant·
1637 655 1736 696 Vid-

793 713 947 753 Murat.
975 714 1077 756 Ant.
1107 714 1199 755 Ital.
1231 716 1285 757 T.
1314 715 1371 755 ΙΙ.
1400 729 1443 770 p.
1464 725 1583 766 1019.

366 1041 436 1083 88.
456 1038 566 1091 A.4.
588 1037 707 1094 [149‚
723 1037 787 1094 4.]
803 1034 1091 1093 πραιπόσιτος.
1151 1039 1210 1082 Μ.
1237 1032 1260 1079 ὅ
1289 1035 1337 1078 δὲ
1361 1033 1646 1093 πραιπὸσιτσς.

357 1099 363 1101 ’
397 1094 636 1149 Β.8.[ι49,
657 1094 736 1149 17.]
758 1094 815 1150 τῷ
829 1093 958 1150 μέσῳ.
1014 1097 1073 1134 Μ.
1105 1093 1150 1134 ἒν
1177 1093 1235 1150 τῷ
1260 1093 1388 1150 μέσῳ.

400 1153 448 1191 Β.
469 1149 660 1204 10.[149‚
681 1149 762 1203 18.]
792 1153 941 1201 χεῖρας
972 1150 1061 1188 τοῦ.
1117 1151 1176 1188 Μ.
1207 1152 1355 1201 χεῖρας
1381 1146 1531 1187 αυτοῦ.

399 1207 448 1245 Β.
469 1205 544 1244 ult.
565 1204 684 1259 [149,
706 1203 797 1258 πμ]
817 1202 876 1256 μὴ
911 1200 1018 1259 τύχῃ
1049 1199 1224 1255 βάθρον.
1281 1205 1343 1243 Ita
1369 1216 1533 1256 quoque
1566 1198 1628 1240 M.
1659 1199 1744 1242 Ne-

291 1275 398 1301 cesse
426 1269 562 1300 tamen
589 1269 674 1310 est,
713 1267 760 1298 ut
788 1267 857 1298 aut
885 1254 1077 1313 ἀποτύχῃ
1111 1254 1277 1312 βάθρου
1317 1258 1498 1312 legatur,
1536 1262 1607 1297 aut
1632 1252 1743 1312 τύχῃ

291 1315 569 1370 παραβαίνων
595 1310 783 1366 βάθρον,
812 1330 860 1353 ηε
886 1315 1014 1367 gradu
1041 1314 1213 1369 quodam
1240 1314 1408 1353 aberret.
1614 1332 1619 1333 ⁷

404 1372 453 1410 C.
474 1371 514 1411 5.
531 1369 649 1424 [¹49⁹
665 1369 755 1424 24]
784 1365 954 1421 ἰάμβια.
1016 1369 1193 1408 Membr.
1215 1366 1408 1420 ἰαμβικὰ.

407 1426 510 1490 936.
528 1425 647 1482 [15o,
674 1424 733 1479 1.]
756 1425 1010 1478 πληροῦντος
1040 1424 1115 1463 τοῦ
1141 1418 1244 1471 ἑνὸς.
1289 1424 1349 1463 Μ.
1380 1419 1637 1476 πληροῦντος
1661 1416 1745 1475 γὰρ

295 1493 372 1520 του
402 1495 507 1526 ενος.

380 1535 448 1590 89.
470 1537 516 1574 B.
532 1533 708 1590 9.[151‚
733 1532 813 1588 1o.]
845 1529 884 1573 οἷ
913 1531 1050 1587 ἱερεῖς.
1109 1535 1167 1573 Μ.
1191 1541 1285 1588 post
1312 1532 1418 1574 hanc
1443 1547 1587 1575 vocem
1605 1531 1748 1572 distin-

298 1599 454 1645 guunt,
484 1599 531 1630 ut
559 1586 631 1628 διὰ
658 1589 791 1642 μέσης
818 1591 1015 1643 pertineat
1047 1590 1097 1629 ad
1129 1589 1354 1643 ἐξέρχεται.

412 1646 456 1685 C.
478 1660 513 1686 1.
535 1645 649 1700 [¹51,
670 1644 756 1699 14.]
786 1643 898 1699 ἐντῷ
911 1645 1132 1700 στυρακίῳ.
1154 1645 1328 1684 Videtur
1345 1641 1568 1697 στυράκων
1583 1641 1650 1682 hic
1668 1642 1747 1683 loci

297 1701 406 1740 idem
434 1715 516 1740 esse
545 1708 667 1754 atque
693 1702 811 1739 toties
840 1708 1081 1739 memoratus
1110 1697 1278 1750 κοχλιὰς
1305 1700 1371 1739 vel
1389 1699 1494 1739 scala
1512 1697 1745 1749 cochlearis,

298 1771 370 1810 per
399 1771 521 1810 quam
551 1770 573 1795 e
599 1756 794 1795 Nax-thece
815 1756 856 1795 in
876 1756 1187 1795 Catechumenia
1213 1755 1515 1795 ascendebatur.
1546 1755 1621 1792 Est
1640 1754 1747 1793 enim

301 1807 531 1864 στυράκων
559 1813 722 1865 proprie
750 1811 938 1850 columna
967 1812 1073 1850 intus
1099 1825 1198 1850 cava
1226 1819 1264 1850 et
1301 1810 1490 1864 gradibus
1527 1807 1748 1848 cochleari-

300 1866 377 1906 bus
406 1869 627 1916 instructa,
671 1868 728 1905 ita
766 1873 813 1905 ut
849 1868 892 1905 in
923 1868 1115 1906 verticem
1158 1865 1368 1905 columnae
1396 1864 1554 1904 ascendi
1581 1871 1748 1917 posset3

302 1922 352 1960 de
382 1922 530 1975 quibus
567 1922 661 1962 vide
687 1922 822 1961 Vales.
854 1922 907 1960 ad
935 1922 1142 1960 Ammian.
1174 1919 1355 1959 Marcell.
1385 1935 1427 1973 p.
1463 1918 1554 1971 144.
1584 1926 1671 1958 not.
1701 1919 1744 1959 d.

302 1977 353 2015 ad
385 1977 508 2016 illud:
539 1978 660 2016 elatos
696 1979 859 2016 vertices
894 1978 1054 2016 scansili
1096 1985 1282 2030 suggestu.
1341 1975 1482 2014 Talem
1520 1972 1749 2014 columnam

301 2039 498 2071 memorat
517 2032 773 2085 Lampridius
795 2032 1006 2085 Heliogah.
1035 2032 1087 2070 T.
1118 2032 1152 2070 1.
1182 2046 1224 2083 p.
1246 2029 1342 2070 858.
1373 2037 1413 2069 et
1428 2031 1590 2070 Contin.
1610 2030 1748 2069 Theo-

301 2087 425 2139 phau.
456 2086 579 2141 p.87.
601 2088 721 2127 A.B.
740 2095 779 2126 et
808 2088 952 2126 Noster
979 2086 1084 2125 infra
1103 2102 1146 2139 p.
1168 2085 1263 2139 547.
1280 2086 1328 2124 B.
1355 2100 1416 2124 11.
1475 2085 1562 2124 Aut
1589 2086 1622 2124 si
1649 2098 1748 2124 στυ-

303 2138 448 2190 ράκων
476 2143 681 2182 diversum
709 2142 806 2196 quid
837 2150 894 2181 est
921 2157 945 2182 a
971 2142 1120 2180 cocklia
1139 2171 1149 2189 ‚
1195 2143 1270 2180 suit
1297 2148 1499 2180 structura
1525 2141 1651 2179 instar
1676 2153 1750 2179 va-

305 2205 387 2235 stae
417 2197 626 2236 columnae
644 2205 713 2236 aut
732 2197 834 2250 pilae
854 2199 995 2250 parieti
1015 2197 1201 2236 ecclesiae
1230 2197 1433 2250 apposita,
1464 2196 1569 2235 intus
1596 2194 1749 2234 habens

305 2251 530 2292 cochleares
558 2253 705 2306 gradus
722 2282 734 2301 ‚
773 2267 844 2305 per
878 2267 978 2306 quos
1018 2253 1063 2290 in·
1097 2251 1397 2291 catechumenia
1436 2249 1749 2300 ascendebatur,

305 2306 442 2358 quales
461 2308 546 2347 vidi
575 2321 611 2346 e.
644 2322 680 2346 c.
712 2309 753 2346 in
777 2315 935 2347 vetusta
962 2307 1060 2346 aede
1087 2307 1135 2346 B.
1165 2307 1342 2360 Virginis
1365 2307 1491 2347 Halae
1507 2305 1751 2358 Magdebur-

307 2363 431 2407 gicae.
490 2363 715 2417 Perparum
754 2377 847 2417 ergo
897 2365 1000 2402 inter
1047 2362 1184 2401 ambas
1224 2363 1436 2401 sententias
1482 2362 1668 2409 inter-est,
1711 2366 1751 2398 et

306 2413 382 2453 hoc
415 2431 543 2456 unum
579 2418 853 2466 solummodo,
898 2417 1008 2472 quod
1045 2417 1218 2456 cochlias
1283 2419 1388 2458 intra
1425 2417 1593 2470 parietes
1621 2413 1749 2454 eccle-

309 2471 413 2519 siae,
443 2475 801 2524 styraciumextra
836 2474 955 2512 fuerit
989 2472 1254 2511 adstructum.

89 2521 155 2557 Ed·
186 2524 226 2558 1⁴·
255 2525 299 2570 73
394 2539 462 2577 90·
481 2527 533 2564 A.
556 2527 596 2566 6.
623 2528 740 2582 [152,
773 2528 857 2582 14.]
886 2523 993 2580 βῆΜὶ
1020 2541 1063 2567 τε
1091 2527 1164 2566 καί
1189 2523 1395 2579 κορτίνας.
1453 2525 1582 2575 Quale
1609 2524 1750 2564 discri-

309 2592 402 2617 men
442 2581 491 2618 sit
522 2582 623 2620 inter
653 2583 740 2622 vela
772 2591 811 2622 et
842 2585 1044 2632 cortinas,
1082 2581 1267 2635 equidem
1299 2596 1380 2620 non
1404 2580 1597 2634 intelligo.
1656 2580 1749 2619 Non

311 2636 418 2672 enim
445 2634 635 2676 videntur
653 2638 719 2676 hic
738 2638 813 2677 loci
831 2639 1011 2677 cortinae
1027 2636 1114 2677 vela
1136 2639 1176 2676 in
1205 2636 1388 2676 fenestris
1415 2649 1603 2687 suspensa
1620 2649 1719 2674 esse.

420 2688 473 2726 A.
504 2688 580 2729 ult.
630 2693 720 2742 152,
745 2693 836 2746 an]
862 2693 1041 2732 κοιτῶνι.
1109 2693 1351 2744 Itaquoque
1368 2690 1428 2727 M.
1464 2692 1587 2731 Forte
1615 2697 1751 2731 tamen

310 2742 551 2796 legendum:
594 2746 768 2786 απιᾶσιν
798 2747 969 2793 ἕκαστος
997 2748 1043 2788 ἐν
1067 2746 1124 2802 τῷ
1153 2743 1249 2800 οἴκῳ
1277 2740 1423 2786 αὐτοῦ.
