1884 3132
186 169 260 210 AD
291 165 588 210 CONSTANT.
610 163 807 208 PORPH.
846 165 918 207 DE
942 165 1124 207 CERIM.
1164 165 1263 206 Lm.
1291 165 1345 205 11.
1431 162 1543 219 729

108 271 270 325 present
293 270 344 309 de
360 269 521 336 l'Eglise
546 270 730 322 Grecque
756 282 799 321 p.
828 267 918 330 [67.
975 266 1080 306 Hinc
1100 265 1335 320 intelligitur
1360 271 1544 306 nostrum

107 326 304 377 γενέσθαι
337 339 452 373 παρα
479 324 557 364 τοῦ
582 321 727 376 ἱερέως
743 321 874 374 εὖχην
905 321 951 361 ἐν
968 323 1025 376 τῷ
1051 318 1294 376 προπυλαίῳ
1313 321 1384 373 τῆς
1401 319 1544 373 ἐκκλη-

108 378 219 426 σίας.
284 380 366 420 Per
404 373 571 429 ἱμάτιον
623 385 758 417 autem
802 375 985 430 intelligit
1037 377 1169 415 albam
1223 376 1286 415 vei
1331 375 1545 415 candidam

107 436 305 483 tunicam,
334 432 544 474 chrismale
581 446 742 486 quoque
768 432 938 478 dietam,
980 446 1083 486 quae
1104 431 1312 484 baptizatis
1339 439 1380 471 et
1411 432 1543 472 unctis

109 489 317 538 induitur,
346 486 588 528 nostratibus
626 486 933 526 PVestedaemde.
1148 485 1153 489 ’

215 544 264 583 Β.
278 557 319 582 2.
353 542 466 597 [618.
487 539 547 595 4.]
578 542 821 594 ἐπιτεθῆναι
863 563 920 571 —-
948 536 996 580 τὸ
1026 532 1171 589 ὄνομα.
1244 541 1361 580 Tunc
1396 541 1545 580 dicitur

113 613 215 652 puer
241 593 467 649 λαμβάνειν
511 594 558 637 τὸ
583 588 741 648 ὄνομα,
770 595 933 650 quando
960 595 999 635 in
1030 595 1194 634 ecclesia
1224 603 1367 636 octavo
1388 611 1413 635 a
1438 597 1546 635 nati-

107 656 232 693 vitate
277 652 343 692 die
379 652 561 693 sacerdos
598 653 674 706 ipsi
701 659 793 705 post
825 651 950 689 dictas
989 664 1124 704 preces
1161 665 1308 690 nomen
1352 653 1541 705 imponit,

106 715 319 760 antequam
355 707 620 747 catechizetur
654 714 694 746 et
723 706 978 759 baptizetur;
1018 720 1057 744 v.
1088 706 1147 745 La
1183 707 1301 745 Croix
1338 707 1380 745 in
1423 705 1546 746 l'Etat

105 763 156 802 de
185 762 331 816 l’eglise
362 763 544 816 Grecque
563 777 602 816 p.
632 762 697 802 50.
731 762 884 800 Nicetas
912 775 953 814 p.
977 759 1045 814 89.
1065 760 1115 799 A.
1136 761 1174 803 3.
1211 761 1275 801 ed.
1308 761 1453 802 Venet.
1468 763 1542 811 ait,

106 817 335 856 Manueiem
356 817 604 857 Comnenum
620 817 689 856 illo
704 816 783 865 die,
804 830 884 870 quo
899 823 1016 855 natus
1034 814 1109 855 sibi
1126 816 1246 856 fuerit
1261 815 1365 857 filius
1379 816 1543 856 Alexius

106 879 147 911 et
177 886 323 911 nomen
352 874 566 925 acceperit,
591 871 796 926 populum
834 870 961 924 epulis
988 872 1194 924 excepisse.
1249 871 1440 925 Designat
1473 878 1544 910 aut

105 934 295 980 quartum
329 940 353 966 a
390 929 597 967 nativitate
626 927 740 981 pueri
774 927 904 976 diem,
935 939 1016 979 quo
1040 926 1214 980 populus
1245 926 1285 965 in
1315 927 1433 966 C1rc0
1468 928 1544 980 ipsi

106 996 253 1021 nomen
287 982 540 1034 imponebat,
570 989 639 1022 aut
662 989 847 1021 octavum
863 1011 880 1029 ,
917 995 998 1034 quo
1028 981 1211 1022 sacerdos
1234 981 1340 1021 idem
1374 982 1544 1021 faciebat

105 1038 148 1076 in
180 1036 343 1076 eeclesia
369 1037 597 1076 immediate
627 1044 720 1077 ante
758 1037 1019 1090 baptismum.
1072 1035 1208 1076 Verba
1239 1037 1396 1077 Nicetae
1420 1044 1541 1076 sunt:

101 1086 336 1144 ὕπεξαίρων
361 1091 620 1146 [distinguere
658 1099 697 1131 et
741 1090 985 1146 praeclaram
1014 1098 1054 1130 et
1082 1105 1178 1144 prae
1213 1091 1301 1131 aiiis
1324 1092 1543 1131 notabilem

104 1146 235 1185 facere
264 1145 446 1199 studens]
479 1144 556 1199 τήν
587 1146 798 1199 γενέθλιον
836 1146 910 1185 καί
942 1143 1246 1198 ὀιόμαστήριον
1282 1147 1359 1186 τοῦ
1393 1144 1545 1193 παιδὸς

102 1198 264 1254 ἡμέραν
289 1197 346 1247 ὥς
368 1197 551 1242 εἴθισται
575 1199 690 1254 παρὰ
732 1205 817 1248 τοῖς
841 1201 1062 1251 βασιλεῦσι
1080 1199 1327 1252 Ῥωμαίων,
1352 1198 1451 1248 τούς
1476 1201 1543 1242 ἐν-

101 1254 344 1318 τιμοτέρους
365 1255 444 1318 gaha
465 1256 645 1295 πολιτῶν
678 1253 786 1307 μετὰ
817 1252 978 1294 κλάδων
1020 1256 1180 1295 &elmiz-
1202 1255 1261 1303 εἰς
1289 1253 1456 1310 τρυφὴν
1499 1255 1542 1295 ε’-

103 1311 243 1356 κιιλει,
284 1308 355 1348 καί
374 1310 550 1357 Αλέξιον
568 1307 638 1349 τὸν
665 1311 796 1349 παῖδα
826 1306 1059 1360 ὠνόμασεν.

214 1364 261 1402 Β.
281 1363 321 1402 5.
361 1364 478 1418 [6ι8,
510 1363 571 1418 7.]
613 1360 969 1414 ἐπισκεπάζοιται.
1038 1364 1211 1403 Videtur
1248 1378 1294 1404 ex
1327 1365 1391 1405 his
1410 1365 1543 1405 verbis

104 1417 237 1470 colligi
263 1432 400 1471 posse,
424 1419 647 1472 Augustam
675 1433 794 1459 suum
816 1418 975 1458 vultum
1007 1419 1163 1458 nudum
1189 1421 1418 1472 proceribus
1446 1434 1543 1460 cou-

108 1473 356 1525 spicieudum
386 1487 467 1512 non
496 1474 674 1523 dedisse,
717 1474 788 1513 sed
825 1480 895 1512 aut
928 1488 1035 1526 poue
1060 1474 1193 1513 velum
1212 1505 1224 1524 ‚
1261 1482 1332 1514 aut
1359 1475 1543 1514 indutam

107 1527 288 1581 calypti-a
318 1542 409 1566 cum
437 1529 484 1568 iis
516 1531 667 1582 egisse,
707 1543 819 1568 more
849 1543 873 1567 a
898 1529 1031 1569 Persis
1064 1536 1308 1569 transsumto
1337 1537 1377 1569 et
1395 1531 1437 1569 in
1467 1545 1542 1570 au-

106 1581 188 1621 lam
214 1583 426 1622 Turcicam
453 1591 683 1637 propagato.

214 1637 261 1676 Β.
287 1651 348 1676 12.
382 1638 496 1692 [618‚
514 1638 599 1692 ¹2.]
630 1634 674 1677 αἶ
701 1637 867 1687 ζωσταί.
915 1638 1098 1692 Augusta
1117 1653 1202 1677 non
1223 1639 1395 1679 habebat
1406 1639 1541 1693 plures

105 1692 225 1731 unica
249 1698 375 1731 zostas
396 1708 408 1744 3
458 1701 500 1732 at
521 1693 590 1732 ubi
612 1694 714 1732 duae
749 1701 878 1733 essent
905 1694 1133 1746 Augustae,
1160 1708 1295 1734 socrus
1323 1703 1362 1734 et
1388 1710 1539 1746 nurus,

106 1746 163 1785 ibi
189 1761 348 1800 quoque
371 1747 490 1787 binae
521 1756 635 1787 erant
666 1756 795 1788 zostae
813 1778 825 1796 ‚
858 1750 1002 1801 cuique
1021 1750 1226 1802 Augustae
1251 1764 1347 1799 sua,
1379 1757 1426 1789 ut
1438 1758 1541 1789 tem-

103 1814 202 1854 pore
232 1802 482 1842 Constantini
511 1811 550 1842 et
577 1804 748 1842 Romani
781 1804 1266 1857 Porphyrogennetorum.

213 1857 266 1894 D.
283 1855 323 1906 4
356 1856 473 1911 [619,
494 1857 561 1912 5.]
599 1854 820 1910 λοχόζεμα.
894 1859 1020 1909 Quasi
1058 1859 1166 1899 dicas
1207 1859 1312 1911 ζέμα
1332 1855 1443 1915 ’λόγῳ
1469 1859 1541 1912 τῆς

105 1907 256 1960 λέχους
285 1910 351 1950 vel
376 1912 447 1963 τῆς
479 1912 672 1964 λοχείας,
723 1913 900 1953 brodium
926 1928 1006 1967 pro
1029 1929 1241 1970 puerpera.
1315 1915 1446 1965 Quale
1466 1929 1541 1953 au-

104 1971 184 2002 tem
202 1993 214 2014 ‚
243 1967 312 2017 qui
349 1973 389 2004 et
414 1967 521 2006 unde
550 1968 773 2007 confectum
804 1967 882 2007 hoc
909 1968 1094 2007 brodium
1111 1999 1123 2018 ‚
1155 1984 1236 2008 non
1263 1969 1403 2023 liquet.
1464 1969 1540 2008 Vi-

105 2019 223 2058 detur
253 2021 391 2058 vinum
436 2023 674 2061 medicatum
714 2024 859 2073 fuisse,
896 2024 1232 2076 quemadmodum
1266 2027 1413 2077 passim
1452 2039 1539 2064 mos

106 2073 285 2125 obtinet,
315 2076 452 2114 vinum
490 2078 731 2116 cinnamomi
769 2079 971 2128 cannulis,
1013 2094 1173 2118 saccaro
1193 2087 1232 2118 et
1266 2079 1421 2118 taleolis
1448 2080 1538 2118 citri

104 2129 272 2167 mixtum
306 2129 392 2179 (die
408 2133 509 2169 siisse
532 2133 664 2171 Carme
694 2133 907 2186 appellant)
944 2134 992 2172 ad
1019 2148 1254 2188 puerperam
1278 2134 1538 2173 invisentibus

103 2183 357 2236 propinandi.
413 2186 631 2225 Leunclav.
657 2188 849 2226 Pandect.
878 2189 1002 2227 Ture.
1035 2203 1076 2227 n.
1117 2203 1177 2242 ¹9·
1210 2189 1393 2242 perhibet
1411 2219 1424 2237 ‚
1457 2189 1539 2227 Im-

104 2246 327 2292 peratorem
357 2239 583 2279 Turcarum
610 2241 663 2280 ob
690 2243 937 2282 nativitatem
963 2243 1033 2282 filii
1060 2257 1186 2282 novos
1201 2257 1387 2282 nummos
1414 2243 1539 2282 cude-

102 2307 164 2332 re.
188 2348 196 2355 .
220 2294 283 2332 De
323 2292 399 2332 hoc
441 2308 552 2334 more
577 2295 680 2337 nihil
705 2297 812 2351 apud
840 2296 1027 2337 CPtanos
1065 2299 1170 2351 Imp.
1199 2299 1372 2337 Graecos
1399 2298 1537 2337 obser-

104 2361 213 2387 vav1.

190 2401 285 2441 558.
309 2401 362 2441 A.
384 2416 423 2455 9.
444 2402 560 2457 [619‚
590 2403 675 2458 18.]
704 2402 776 2444 ἐπὶ
799 2406 1033 2460 βαπτισμῷ.
1091 2407 1221 2446 Miror
1247 2407 1356 2459 quod
1381 2413 1536 2460 tempus

104 2457 253 2508 peracti
279 2457 464 2509 baptismi
492 2473 573 2497 non
600 2459 812 2499 addiderit.
870 2461 918 2498 In
947 2463 1078 2514 prima
1103 2461 1265 2514 quidem
1291 2460 1453 2500 ecclesia
1468 2476 1536 2501 ex-

106 2510 334 2562 spectabant
361 2526 475 2565 saepe
502 2527 627 2567 usque
654 2514 704 2553 ad
722 2515 970 2567 pubertatem
987 2544 1000 2564 ‚
1032 2517 1114 2555 imo
1140 2515 1303 2569 quidam
1330 2530 1456 2569 usque
1483 2517 1536 2556 ad

105 2563 246 2603 horam
270 2569 409 2606 mortis
426 2597 438 2618 ‚
476 2575 540 2617 et,
590 2570 622 2607 si
665 2583 854 2608 numerus
882 2569 1035 2608 adesset
1064 2571 1158 2609 satis
1184 2584 1351 2623 magnus
1373 2601 1383 2618 ‚
1413 2571 1534 2611 semel

109 2625 178 2656 aut
206 2619 267 2658 his
294 2621 357 2660 vel
385 2629 446 2660 ter
473 2622 523 2661 ad
552 2637 753 2662 summum
781 2638 854 2677 per
872 2638 1023 2663 annum
1049 2624 1303 2677 baptizabant
1328 2625 1447 2665 simul
1465 2641 1533 2665 ca-

107 2672 363 2714 techumenos
402 2678 577 2716 eiusdem
608 2678 739 2716 'fex-me
778 2681 916 2719 aetatis
960 2679 1059 2719 sesto
1085 2679 1328 2732 Epiphaniae
1347 2711 1359 2728 ,
1388 2695 1532 2735 magno

107 2727 271 2771 sabbato
299 2737 338 2770 et
366 2731 531 2774 sabbato
549 2733 816 2773 Pentecostes.
875 2734 1007 2789 Quem
1034 2749 1187 2780 morem
1214 2749 1238 2777 a
1263 2736 1424 2777 Graecis
1438 2738 1532 2780 Mu-
