1884 3132
320 97 437 164 864
621 118 695 160 ιο.
738 119 843 163 mc.
879 119 1078 162 amsxn
1105 100 1483 164 mmmmm

400 221 498 274 428.
528 221 573 261 C.
610 236 646 262 2.
677 222 796 279 [739,
822 224 909 279 tm]
935 223 1005 264 διὰ
1033 221 1110 278 τήν
1137 225 1301 265 ἕνωσιν.
1359 225 1422 265 Cl.
1452 225 1592 270 Leich.
1623 228 1665 267 in
1692 229 1776 268 dis:

318 284 411 316 sert.
452 277 503 317 de
545 278 808 319 Constantino
850 280 1055 334 Porphyr.
1097 288 1235 320 nostro
1277 283 1389 334 operi
1430 282 1601 334 praefixa
1629 282 1663 336 ὃ.
1698 285 1771 323 lv.

320 341 473 380 narrat,
495 334 671 373 Leonem
689 335 916 388 Sapientem
933 365 944 385 ,
975 334 1112 375 Nostri
1132 344 1309 389 patrem,
1340 350 1363 375 a
1391 336 1580 383 Nicolam
1611 338 1775 378 CPtano

321 388 568 442 patriarcba,
588 390 643 428 ob
670 398 859 443 quartum
886 393 1033 429 initum
1062 393 1290 445 coniugium
1333 392 1612 431 communione
1641 401 1774 432 sacro—

323 458 416 483 rum
444 444 565 483 fuisse
592 445 817 497 exclusum3
857 446 1043 499 Sergium
1071 454 1220 495 autem,
1259 447 1494 486 Pontificem
1522 445 1776 498 Romanum,-

319 500 370 551 (is
400 506 460 539 est
499 514 666 540 numero
694 503 849 551 tertius)
891 501 1031 555 legatis
1071 501 1199 540 CPlin
1238 503 1367 541 missis
1404 503 1633 556 coniugium
1673 503 1776 543 illud

319 554 564 608 approbasse
608 563 648 595 et
686 564 761 610 pro'
802 556 980 610 legitimo
1013 556 1259 604 declarasse,
1291 554 1502 596 Nicolaum
1530 565 1663 596 autem
1683 568 1778 598 cen-⁴·

326 624 423 649 sura
450 625 548 661 sua,
578 619 624 651 ut
651 613 799 652 Photio
826 612 1054 661 faventem,
1085 619 1258 651 notasse.
1315 613 1363 650 Id
1381 613 1591 667 contigisse
1607 613 1660 651 A.
1679 614 1774 668 906.

327 665 449 719 idque
478 667 620 706 confici
649 682 671 706 e
698 668 861 707 Baronii
888 667 1132 708 Annalibus.
1191 668 1285 707 Non
1314 667 1456 706 dubito
1485 675 1623 707 nostro
1651 669 1691 707 in
1715 668 1777 708 lo·-

324 734 374 760 co
402 720 457 759 ad
485 721 588 762 hanc
616 722 856 776 legationem
884 725 1042 776 respici.
1100 724 1163 762 De
1198 737 1304 762 anno
1333 723 1469 762 subest
1509 722 1642 762 adhuc
1678 723 1779 763 levis

325 776 554 829 scrupulus.
585 778 707 817 Anno
725 778 821 833 906.
850 780 1029 818 nondum
1057 778 1219 820 sedebat
1245 779 1405 832 Sergius
1426 779 1468 817 in
1497 777 1659 817 throno.
1701 780 1779 818 Vi-

327 831 447 871 detur
475 833 598 886 igitur
626 833 770 887 legatio
798 833 866 873 illa
894 849 975 874 non
1004 849 1027 873 a
1047 835 1186 886 Sergio
1202 863 1214 884 ,
1244 833 1312 872 sed
1340 833 1392 872 ab
1413 833 1496 872 eius
1514 841 1773 880 antecessore,

330 887 555 928 Benedicto
584 889 677 939 Ill.‚
707 890 887 942 expedita
917 890 1052 930 fuisse.
1114 891 1291 939 Quinam
1321 889 1470 927 fuerint
1502 887 1562 927 illi
1591 887 1779 928 Nicolaus

329 944 538 996 episcopus
571 951 611 982 et
640 944 864 983 Cardinalis
893 945 1088 991 Ioannes,-
1122 956 1293 997 quorum
1321 943 1387 982 hic
1416 944 1460 982 fit
1487 945 1662 992 mentio,
1695 956 1780 983 me-'

328 998 407 1035 lius
426 997 530 1036 forte
546 1000 694 1038 scirent
712 1029 724 1052 ,
753 1009 876 1052 quam
904 1014 976 1054 ego
995 1031 1006 1049 ,
1049 1000 1125 1051 illi,
1153 1000 1298 1052 quibus
1327 998 1491 1038 historia
1518 998 1779 1038 ecclesiastica

331 1050 567 1091 familiarior
593 1061 666 1092 est.

443 1106 492 1146 C.
538 1122 581 1162 9.
627 1109 740 1163 [739,
769 1108 853 1162 18.]
892 1108 936 1148 ἐν
978 1109 1029 1162 τῇ
1071 1107 1245 1162 δευτέρᾳ
1284 1107 1402 1164 θέσει
1439 1107 1513 1159 τῆς
1555 1105 1778 1164 τραπέζης’.

334 1160 451 1201 Verti
489 1164 531 1201 in
566 1166 733 1203 secundo
763 1165 941 1203 convivii
969 1164 1122 1203 ordine.
1191 1164 1372 1203 Primum
1417 1163 1561 1215 nempe
1598 1163 1780 1202 ordinem

334 1216 558 1257 efficiebant
609 1221 678 1272 qui
720 1234 878 1259 mensae
919 1219 1118 1272 imperiali
1163 1226 1366 1272 separatae
1406 1217 1631 1258 assidebant
1652 1249 1662 1265 ,
1717 1227 1781 1258 se-'v

334 1273 512 1312 cundum
527 1275 703 1327 magistri
718 1282 758 1314 et
783 1289 935 1324 omnes,
965 1288 1066 1328 quos
1095 1289 1136 1327 p.
1165 1273 1260 1324 421.
1284 1273 1328 1312 C.
1345 1274 1386 1313 5.
1414 1273 1566 1312 dixerat
1591 1272 1665 1326 τῆς
1694 1273 1783 1312 δευῑ

335 1326 462 1380 τέρας
499 1326 653 1375 τάξεως
689 1328 911 1382 ὑπάρχειν.
982 1330 1055 1369 Est
1083 1331 1207 1383 igitur
1232 1328 1352 1374 θέσις
1381 1328 1447 1367 hic
1479 1328 1557 1368 loci
1586 1329 1693 1367 idem
1720 1334 1782 1368 at-

337 1397 417 1435 que
446 1379 582 1434 τάξις,
608 1392 647 1423 et
673 1385 857 1437 τράπεζα
888 1399 960 1438 pro
988 1392 1074 1424 toto
1105 1384 1290 1424 convivio
1318 1385 1506 1436 ponitur,
1542 1383 1683 1422 utiam
1710 1397 1783 1433 sur

333 1452 408 1491 pra
446 1438 498 1477 ad
524 1453 565 1492 p.
600 1435 694 1491 548.
730 1441 785 1480 D.
818 1441 859 1479 3.
889 1441 1115 1480 observavi.
1174 1439 1302 1479 Paulo
1342 1447 1431 1492 post
1467 1438 1617 1491 (eadem¹
1654 1452 1695 1492 p.
1730 1439 1784 1487 C,

335 1492 430 1544 ult.)
474 1496 644 1534 recurrit
673 1509 750 1535 vox
778 1495 896 1541 θέσις
915 1526 926 1547 ,
971 1495 1040 1535 sed
1068 1495 1147 1534 alio
1176 1494 1397 1548 significatu
1415 1523 1426 1544 ,
1470 1502 1516 1534 ut
1549 1494 1606 1532 ibi
1625 1494 1778 1540 ¹dicam.

335 1549 476 1588 Potest
503 1564 663 1604 quoque
687 1550 806 1597 θέσις
824 1565 897 1605 pro
927 1550 1113 1603 ἐκθέσει,
1125 1550 1314 1603 firculo,
1343 1550 1490 1603 accipi,
1520 1549 1630 1604 quod
1657 1548 1783 1588 habe'-

336 1611 404 1643 tur
466 1634 474 1643 .
541 1619 561 1644 2
596 1638 605 1648 .
625 1606 673 1644 C.
702 1621 739 1645 ··.

432 1604 623 1713 PC.4p‹?n.
647 1631 763 1716 [73l9‚
788 1660 873 1715 πμ]
913 1660 997 1700 τῶν
1041 1654 1256 1714 ἑσπερίων.
1312 1657 1487 1712 Agareni
1524 1658 1591 1697 vel
1618 1658 1785 1698 Saraced

336 1715 380 1754 ni
417 1715 678 1756 occidentales
718 1724 811 1756 sunt
856 1716 1039 1769 Aegyptii
1094 1723 1132 1754 et
1177 1714 1320 1767 Libyes
1338 1743 1350 1764 ,
1392 1714 1433 1751 in'
1461 1713 1601 1752 Sicilia
1619 1717 1659 1752 e't
1688 1714 1783 1753 Sar-

340 1770 450 1809 dinia
465 1778 551 1809 tum
571 1779 767 1824 potentes,
797 1768 836 1810 et
858 1772 1003 1826 quibus
1021 1770 1074 1809 ob
1094 1784 1206 1810 oram
1225 1769 1365 1809 ltaliae
1385 1769 1644 1819 maritimam,
1664 1768 1784 1821 Apu-

344 1825 466 1876 liam,
499 1818 725 1866 Calabriam
754 1827 974 1880 frequentia
989 1840 1079 1865 cum
1096 1826 1256 1864 Graecis
1269 1823 1374 1862 bella
1402 1831 1442 1862 et
1463 1825 1621 1877 negotia·
1653 1831 1783 1862 erant.·

341 1880 447 1919 Tota
468 1880 604 1920 Africa
623 1882 675 1921 ab
702 1883 885 1936 Aegypto
903 1882 996 1922 inde
1012 1895 1137 1936 usque
1163 1880 1214 1919 ad
1242 1879 1388 1918 fretum
1409 1878 1653 1917 Gaditanum
1682 1879 1784 1917 mari

340 1946 632 1987 'mediterraneo‘
669 1957 876 2003 praetensa
905 1947 1108 1988 Arabibus
1145 1938 1305 2001 &fl-55,
1334 1946 1380 1984 al
1391 1944 1791 1998 Magrabmccidensf

342 2002 585 2055 appellatur.
1780 2054 1782 2058 ,

463 2057 512 2096 C.
542 2058 617 2097 ult.
651 2057 875 2113 [73q,22.]
911 2056 956 2097 έν
982 2055 1034 2112 τῇ
1061 2050 1263 2110 ευ’ωνύμῳ
1293 2054 1423 2094 θέσει.
1496 2053 1572 2094 Hic
1610 2053 1687 2093 loci
1723 2060 1786 2092 est

343 2111 466 2158 θέσις
494 2112 599 2152 idem
629 2104 748 2168 atque
772 2114 899 2168 plaga
925 2112 989 2152 vel
1016 2113 1131 2152 latas.
1187 2112 1354 2150 Stabant
1382 2123 1524 2166 nempe
1556 2119 1715 2148 mensae
1741 2109 1794 2164 ius,

343 2166 519 2207 triclinio
557 2168 678 2208 XIX.
726 2169 1000 2207 accubitorum
1042 2169 1112 2207 sic.
1189 2167 1225 2206 E
1255 2166 1415 2218 regione
1443 2165 1628 2204 introitus
1655 2162 1786 2203 stabat

345 2236 483 2262 mensa
523 2232 702 2278 separata
742 2225 849 2276 regia
884 2223 1144 2277 praetendens
1187 2234 1383 2260 summam
1421 2219 1583 2259 triclinii
1614 2222 1784 2272 partem..

347 2277 416 2317 Ad
446 2276 565 2317 huius
591 2293 749 2318 mensae
777 2279 954 2317 dextram
985 2280 1132 2332 pariter
1159 2284 1278 2330 atque
1307 2275 1506 2314 sinistram
1524 2278 1676 2328 partem
1705 2279 1793 2313 sta-⁹

346 2332 447 2372 bant
474 2332 574 2372 aliae
602 2348 760 2374 mensae
787 2335 974 2386 utrinque
1001 2346 1193 2371 novenae.
1248 2331 1395 2370 Dextra
1424 2331 1543 2384 igitur
1571 2342 1663 2382 pars
1699 2333 1786 2366 erat

348 2386 377 2438 ἦ
406 2387 520 2435 δεξιὰ
549 2386 691 2438 θέσις,
724 2389 883 2428 sinistra
909 2384 935 2440 ἦ
963 2384 1175 2438 εὐώνυμος
1201 2386 1332 2431 θέσις.
1391 2385 1594 2424 Convivae
1628 2387 1787 2444 tantum

351 2442 404 2481 ab
431 2457 513 2482 uno
541 2458 699 2483 mensae
729 2444 853 2483 latere
881 2442 1094 2492 sedebant,
1124 2441 1193 2480 illo
1221 2453 1365 2493 nempe
1382 2469 1394 2491 ,
1436 2438 1545 2493 quod
1576 2437 1626 2476 ad
1653 2449 1786 2490 parie-

351 2504 432 2537 tem
463 2500 688 2551 spectabat3
716 2499 885 2538 alterum
915 2512 1087 2537 vacuum
1115 2503 1222 2543 erat,
1273 2509 1353 2549 quo
1380 2491 1638 2534 inferentibus
1664 2491 1793 2553 dapes*

353 2553 472 2591 eundi
502 2561 542 2592 et
568 2553 761 2593 redeundi
789 2553 903 2593 locus
931 2560 1046 2592 esset.
1107 2551 1226 2591 Unde
1251 2549 1365 2589 facile
1392 2557 1448 2588 est
1475 2547 1682 2599 colligere,
1711 2553 1790 2608 “¹7

353 2605 519 2647 elinium
548 2609 757 2649 Iustiniani
784 2608 1006 2647 aedificium
1034 2621 1115 2646 non
1145 2605 1262 2644 valde
1288 2605 1439 2653 latum,
1475 2601 1542 2642 sed
1570 2599 1822 2639 admodum<

354 2662 518 2715 longum
552 2665 671 2704 suisse
688 2694 699 2714 ,
738 2678 863 2717 quum
892 2663 943 2702 ab
971 2669 1140 2715 utraque
1168 2667 1280 2714 parte
1307 2671 1484 2697 novenae
1512 2662 1791 2718 mensae-sta-⁴

354 2725 469 2772 rent,
497 2719 547 2758 ad
576 2733 747 2773 quarum
774 2717 947 2772 singulas
974 2731 1055 2757 una
1083 2717 1272 2756 continua
1298 2727 1397 2752 serie
1425 2711 1512 2750 bini
1540 2717 1579 2751 et
1604 2711 1696 2760 dem
1715 2708 1794 2748 ho·
