1884 3132
331 107 444 182 874
614 126 688 170 ιο.
729 126 833 169 mc.
876 129 1068 171 nmsxn
1107 130 1482 177 commmmx

331 237 419 269 tore
443 237 572 270 essent
598 228 806 271 habendae
820 262 830 282 ,
861 239 1032 287 utroque
1059 248 1239 275 sermone
1257 236 1427 277 recitari.
1479 237 1662 279 Tandem
1679 239 1758 285 Lae

328 285 410 324 tina
438 299 602 338 prorsus
629 294 762 325 exacta
794 287 950 327 nullum
976 291 1036 328 sui
1063 292 1273 344 vestigium
1301 291 1463 345 reliquit
1479 301 1637 346 praeter
1654 309 1762 348 pau-

329 354 395 380 cas
422 340 614 393 quasdam
640 356 756 381 voces
784 343 1000 395 singulares
1028 351 1066 383 et
1093 345 1282 385 formulas
1301 346 1524 397 salutandi,
1555 349 1660 388 bona
1686 362 1759 389 vo-

328 403 369 434 ta
385 425 396 439 ..
432 398 472 434 in
501 396 642 436 diebus
670 397 801 445 festis,
834 400 910 437 ioci
939 406 978 438 et
1005 399 1212 439 hilaritatis
1228 408 1268 439 et
1286 402 1438 456 antiqui
1458 404 1558 443 ritus
1574 404 1759 444 servandi

329 453 456 503 gratia
487 465 619 491 coram
639 453 906 505 Imperatore,
936 455 1096 507 quando
1123 455 1374 508 epularetur,
1404 457 1558 498 biberet
1575 488 1587 507 ‚
1614 460 1657 498 in
1684 474 1761 512 pu-

328 505 480 545 blicum
509 507 764 559 procederet,
797 510 951 548 recitari
983 509 1144 560 solitas,
1185 512 1322 564 quales
1348 514 1495 565 passim
1519 515 1562 552 in
1589 513 1666 554 hoe
1691 528 1760 553 co-

329 562 416 600 dice
447 570 624 614 prostant
640 593 652 614 ,
680 570 725 602 ut
756 563 909 615 Vivice,
938 565 1179 605 Felicissime
1199 573 1303 616 etc-3
1331 567 1413 607 vid.
1432 582 1474 620 p.
1488 582 1526 622 7.
1544 569 1593 607 C.
1614 576 1654 608 et
1670 583 1758 621 cap.

328 617 518 656 LXXIV.
553 619 599 660 L.
634 618 668 657 1.
725 618 767 658 Si
794 626 899 659 recte
927 619 1044 658 habet
1072 620 1190 660 lectio
1219 621 1326 674 apud
1363 623 1655 676 Luitprandum
1682 625 1760 663 Le-

327 679 407 725 gat.
435 687 476 725 p.
492 672 602 723 483„
635 687 719 713 mos
745 682 830 713 erat
857 675 895 713 in
924 675 1015 714 aula
1034 677 1249 728 Byzantina
1277 676 1460 717 homilias
1486 677 1760 731 Chrysostomi

327 727 470 769 Latine
497 729 601 767 iuter
629 729 764 782 epulas
792 728 896 783 legi,
923 737 993 769 aut
1021 730 1150 769 saltim
1175 730 1343 771 curabat
1370 732 1618 786 Nicephorus
1646 733 1762 772 Pho-

327 796 395 822 cas
434 785 475 822 in
517 784 684 837 gratiam
715 785 950 838 Luitprandi
987 785 1029 824 id
1066 786 1169 825 fieri.
1224 786 1304 825 Sed
1342 795 1528 827 neutrum
1554 788 1762 841 probabile

328 852 421 878 cum
449 840 524 890 sit,
554 839 689 879 malim
716 854 807 879 cum
835 841 882 879 iis
911 841 1038 880 facere
1055 869 1067 890 ,
1107 842 1176 895 qui
1207 855 1279 894 pro
1306 856 1400 880 voce
1427 842 1573 882 Latina
1612 843 1667 882 ibi
1703 841 1760 882 lez-

329 901 428 946 gunt
465 908 557 933 voce
586 896 706 934 elata.
761 896 806 934 In
845 897 964 935 sacris
1001 910 1162 950 quoque
1205 896 1412 936 obtinebat
1439 898 1604 937 Latinus
1631 911 1760 937 sermo

329 949 435 1000 apud
458 950 631 989 Graecos
659 951 751 988 satis
779 950 848 989 diu
875 958 1028 1003 partem
1056 951 1244 1004 aliquam.
1275 951 1548 991 Memorabilis
1572 959 1632 992 est
1650 952 1761 992 locus

328 1002 499 1054 Nicolai‚
528 1005 731 1043 Pontificis
756 1005 938 1055 Romani,
966 1007 1007 1044 in
1036 1004 1200 1058 epistola
1219 1005 1270 1044 ad
1288 1006 1523 1046 Michaelem
1535 1008 1638 1060 Imp.
1659 1007 1758 1057 (vid.

328 1058 397 1097 Du
426 1059 560 1111 Gange
594 1074 631 1098 v.
665 1061 944 1114 Obseqza’are):
983 1075 1066 1099 ecce
1099 1061 1270 1115 quotidie
1286 1091 1297 1108 ‚
1332 1062 1412 1101 imo
1443 1076 1536 1101 vero
1568 1063 1611 1100 in
1638 1076 1760 1116 prae*

328 1114 454 1167 cipuis
498 1116 769 1158 festivitatibus
806 1116 907 1154 inter
937 1115 1130 1154 Graecam
1171 1116 1347 1168 linguam
1365 1145 1378 1166 ,
1418 1117 1544 1155 veluti
1567 1109 1761 1171 quiddam

321 1171 538 1222 pretiosam
556 1199 568 1218 ,
622 1171 722 1208 hanc
756 1169 1002 1224 [Latinam]
1053 1185 1174 1226 quam
1210 1171 1422 1210 barbaram
1465 1180 1503 1210 et
1536 1170 1765 1222 Scythicam.

327 1224 504 1276 linguam
523 1226 750 1279 appellatis,
786 1227 1006 1274 miscentes,
1036 1226 1151 1281 quasi
1166 1226 1293 1264 minus
1307 1226 1442 1264 decor-i
1465 1235 1590 1265 vestro
1598 1227 1758 1277 fimitis,

327 1281 365 1316 si
383 1281 456 1318 hac
487 1281 607 1318 etiam
636 1282 678 1319 in
711 1282 848 1319 vestris
875 1279 1014 1333 officiis
1040 1289 1078 1320 et
1112 1281 1299 1334 obsequiis
1333 1294 1413 1320 non
1443 1282 1612 1320 utamini
1623 1294 1637 1330 ς
1665 1282 1762 1320 item

327 1333 474 1374 Leonis
509 1334 587 1373 lx.
620 1335 750 1388 Epist.
786 1335 820 1374 Ι.
863 1350 898 1374 c.
939 1335 1005 1375 23.
1061 1335 1114 1375 ad
1151 1335 1417 1388 patriarcham
1444 1335 1679 1374 CPtauum:
1707 1336 1767 1375 ad

327 1390 427 1444 qaid
451 1398 578 1428 vestro
608 1389 848 1444 Imperatori
871 1391 1039 1430 Latinae
1067 1391 1202 1430 laudes
1217 1419 1230 1441 ,
1271 1399 1311 1430 et
1335 1391 1378 1429 in
1405 1391 1565 1429 ecclesia
1601 1390 1764 1430 Graecis

329 1446 542 1484 recitantur
568 1445 734 1484 Latinae
761 1446 952 1485 lectiones.
1011 1445 1172 1485 Scilicet
1198 1445 1386 1484 volebant
1412 1459 1460 1484 eo
1486 1445 1663 1484 indicare
1680 1475 1693 1496 ‚
1721 1459 1766 1489 se

331 1513 425 1538 cum
455 1499 618 1539 ecclesia
646 1501 790 1539 Latina
817 1502 951 1540 unitos
980 1514 1107 1540 unum
1136 1515 1305 1553 corpus,
1342 1514 1469 1539 unum
1495 1507 1653 1540 coetum
1679 1498 1764 1539 effi-

331 1568 435 1597 cere.
508 1555 627 1594 Paria
662 1570 822 1608 quoque
859 1557 991 1595 Latini
1030 1555 1228 1594 faciebant
1263 1554 1361 1594 olim
1402 1555 1580 1608 quidem,
1611 1562 1765 1608 partem

332 1610 413 1648 suis
441 1609 482 1648 in
510 1612 632 1649 sacris
659 1612 813 1649 Graeco
850 1611 1022 1650 sermoni
1060 1611 1232 1649 vicissim
1258 1610 1490 1649 tribuentes.
1543 1610 1639 1652 Vid.
1664 1611 1765 1649 scri-

331 1671 448 1717 ptum
486 1672 602 1704 vetus
639 1665 690 1704 de
728 1666 908 1719 Liturgia
945 1665 1097 1704 Gallica
1126 1664 1231 1718 apud
1260 1666 1442 1703 Martene
1468 1665 1517 1706 T.
1539 1665 1571 1707 I.
1599 1665 1765 1703 Rituum

331 1719 599 1759 Ecclesiastic.
626 1735 667 1772 p.
689 1719 809 1771 464„
846 1722 916 1760 ubi
956 1723 1058 1759 inter
1085 1719 1162 1758 alia
1191 1719 1288 1758 haec
1317 1719 1533 1772 leguntur:
1577 1721 1662 1770 ajus
1700 1718 1763 1773 [id

333 1782 393 1814 est
431 1769 567 1829 ἅγιος]
607 1790 703 1814 vero
739 1785 828 1814 ante
866 1777 1093 1831 prophetias
1119 1788 1198 1829 pro
1235 1776 1303 1812 hoc
1330 1783 1509 1812 cantatur
1537 1775 1578 1813 in
1611 1774 1767 1813 Graeca

333 1829 467 1882 lingua
486 1859 497 1879 ,
537 1831 631 1885 quia
654 1831 900 1884 praedicatio
928 1832 1024 1869 novi
1051 1831 1267 1868 testamenti
1290 1830 1332 1867 in
1359 1829 1502 1867 mundo
1525 1843 1602 1882 per
1637 1828 1766 1868 Grae-

332 1899 421 1923 cam
450 1885 627 1936 linguam
649 1886 838 1939 processit
862 1894 937 1928 etc.
965 1884 1197 1924 Anastasius
1220 1884 1258 1922 in
1276 1883 1488 1922 Benedicto
1514 1884 1586 1922 lll.
1602 1898 1614 1922 :
1638 1883 1768 1922 Grae-

333 1953 399 1977 cas
425 1947 463 1977 et
497 1940 662 1978 Latinas
700 1941 899 1989 lectiones,
937 1954 1033 1995 qaas
1059 1939 1124 1977 die
1153 1939 1320 1977 Sabbata
1351 1947 1481 1977 sancto
1511 1939 1687 1979 Paschae
1711 1939 1770 1976 si-

337 1995 491 2047 mulque
510 2003 547 2033 et
563 2005 699 2034 sancto
719 1995 956 2034 Pentecostes
972 1994 1197 2033 subdiaconi
1223 1994 1349 2046 legere
1380 1993 1488 2031 soliti
1525 2002 1622 2035 smil.
1654 1991 1767 2031 Idem

335 2049 378 2086 in
407 2049 541 2087 Leone
572 2050 649 2090 ΙΙΙ,
678 2050 728 2088 de
757 2050 840 2102 ipso
861 2050 958 2088 haec
985 2055 1152 2087 narrat:
1196 2049 1259 2086 hic
1292 2061 1370 2103 pro
1417 2061 1526 2087 more
1551 2056 1590 2086 et
1616 2048 1770 2085 cautela

334 2104 580 2142 orthodoxae
589 2104 821 2158 fideificit
844 2114 950 2143 scuta
978 2112 1157 2156 argentea
1172 2103 1248 2141 duo
1265 2131 1277 2152 ,
1306 2103 1453 2155 scripta
1471 2111 1630 2156 atraque
1647 2101 1767 2152 Sym-

335 2158 422 2196 holo
452 2157 625 2212 [nempe
657 2158 776 2212 fidei]
794 2188 806 2207 ,
835 2173 950 2197 unum
993 2157 1147 2213 quidem
1183 2157 1319 2196 litteris
1348 2157 1510 2195 Graecis
1531 2185 1544 2206 ,
1585 2165 1624 2195 et
1659 2155 1775 2195 aliud

336 2213 490 2250 Latinis
506 2241 519 2262 ‚
548 2213 723 2251 sedentia
773 2214 920 2252 dextra
965 2213 1151 2267 laevaque
1189 2226 1304 2266 supet·
1343 2212 1551 2263 ingressum
1584 2211 1770 2264 corpor-115.

337 2267 447 2319 Ergo
475 2281 560 2306 mos
608 2275 695 2306 erat
730 2269 770 2305 in
811 2267 983 2306 eeclesiis
1009 2268 1160 2305 Latinis
1201 2264 1427 2319 symbolum
1468 2265 1558 2303 fidei
1599 2272 1770 2318 utraque

338 2320 474 2374 lingua
503 2324 696 2374 scriptum
725 2322 941 2374 grandibus
965 2322 1105 2361 litteris
1132 2323 1172 2359 in
1202 2322 1323 2359 scutis
1350 2320 1489 2373 ligneis
1507 2317 1571 2358 vel
1594 2332 1770 2357 marmo-

336 2378 415 2415 reis
431 2375 581 2416 tabulis
600 2377 838 2429 exponendi,
894 2377 1059 2429 Saepius
1087 2377 1236 2414 mentio
1263 2375 1308 2413 fit
1334 2376 1375 2413 iu
1406 2374 1560 2413 Ordine
1590 2374 1772 2412 Romano

339 2430 554 2470 lectionum
583 2432 828 2470 Graecarum
847 2461 858 2481 ‚
889 2438 934 2469 ut
978 2446 1019 2483 p.
1042 2430 1106 2472 25.
1130 2445 1140 2468 :
1188 2430 1328 2469 deinde
1354 2430 1473 2468 lector·
1495 2427 1700 2466 ascendens
1728 2428 1772 2465 in

338 2487 544 2524 ambonem
578 2487 760 2539 inprimis
789 2486 943 2524 Graeca
967 2487 1062 2538 legit
1076 2514 1087 2531 ,
1135 2484 1276 2523 deinde
1307 2485 1438 2522 statim
1464 2483 1565 2521 alius
1590 2482 1737 2519 Latina
1754 2495 1771 2530 ,-

340 2540 388 2577 ad
419 2555 538 2592 quem
567 2540 703 2579 locum
734 2539 990 2579 Mabillonius
1034 2540 1131 2578 haec
1159 2546 1271 2577 notat
1289 2552 1301 2576 ε
1350 2539 1527 2592 apposite
1572 2535 1630 2573 ad
1672 2537 1772 2574 hunc

339 2595 463 2632 locam
489 2597 548 2634 ait
573 2594 825 2634 Amalaricus
852 2596 965 2634 im'tio
992 2595 1050 2634 Li
1061 2594 1125 2632 II.
1187 2593 1294 2644 „Sex
1311 2591 1495 2631 lectiones
1519 2589 1571 2628 ab
1600 2590 1775 2642 antiquis

343 2648 532 2688 Romanis
571 2652 723 2688 Graece
759 2656 798 2688 et
825 2650 966 2688 Latine
1004 2648 1262 2699 legebantur,
1300 2647 1369 2699 qui
1395 2659 1482 2683 mos
1509 2641 1615 2696 apud
1643 2643 1773 2683 CPlin

343 2699 541 2755 hodieque
584 2711 768 2744 servatur
815 2710 979 2757 propter
1035 2703 1135 2742 duas
1173 2715 1334 2753 causas;
1374 2712 1466 2738 nam
1491 2700 1586 2751 quia
1611 2698 1774 2745 aderant
