1884 3132
271 109 304 165 3
319 130 334 161 ι
352 129 379 161 2
536 122 992 163 10.1Ac.RE1sxu
1036 121 1411 164 COMMENTAmi

273 242 342 267 ναι
373 222 556 275 ἐπεμψεν
586 222 700 278 αΰτιῦ
725 219 918 273 μανδάτα
948 219 1017 262 διὰ
1049 223 1124 262 τοῦ
1150 221 1539 287 πρωτοκούρσωρος,
1569 226 1712 278 λέγων,

275 277 338 320 ότι
365 276 493 330 ,,ἐ;ω,
531 276 588 324 (ὃς
611 263 740 327 τιμῶν
774 276 902 328 ὑμᾶς,
931 291 991 323 εις
1007 275 1067 347 ,wi
1097 272 1296 345 ἆριστερα
1326 279 1411 318 τοῦ
1427 279 1710 344 καθίσματος,

277 333 379 374 ἐιθα
409 334 579 386 θεωρῶ,
608 333 841 396 μετέστησα
869 331 1016 382 ‘141ng’
1076 348 1146 372 και
1177 328 1427 400 εὐφήμησαν
1470 332 1612 374 αὕτόν.
1639 333 1715 374 καί

275 389 464 428 ἐκέλευσε
501 385 605 427 κατὰ
638 383 758 426 πόλιν
795 386 853 433 εἰς
887 403 936 426 τα
981 386 1183 441 α’ριστερὰ
1223 401 1310 427 των
1357 382 1571 441 ἀρχόντων
1606 389 1717 428 θεω-

277 449 365 497 ρεῖν
399 439 496 490 τούς
523 443 760 494 πρασίνους.

389 499 433 537 Β.
452 513 490 553 9
511 498 623 553 [3o7‚
651 496 735 551 ιγ]
765 495 1041 536 α’πὲλθονται.
1097 497 1273 536 Membr.
1305 492 1565 544 ἀπελθόντες.
1619 498 1716 551 Leg.

282 550 530 594 ἆηέὶθωσιν.
1284 561 1286 564 ’

390 609 434 650 Β.
460 623 520 647 10.
544 607 653 661 [3o7‚
683 604 762 659 18.]
793 607 876 652 τῶν
903 604 937 644 δ’
963 605 1110 657 βαΐων.
1170 607 1348 660 Quatuor
1368 607 1516 661 palmis
1553 609 1716 656 exactis,

282 664 324 703 id
362 671 421 702 est
461 664 580 702 finitis
615 669 787 714 quatuor
823 662 1007 700 cursibus
1050 661 1114 700 vel
1168 661 1470 701 decursionibus
1512 664 1729 715 utriusque

283 720 494 768 factionis,
532 732 602 770 per
641 731 738 769 quas
780 716 936 770 palmae
984 731 1053 755 seu
1089 718 1279 756 victoriae
1326 718 1495 769 insignia
1539 719 1720 771 acquire—

284 774 455 819 bantur,
495 773 558 811 vel
583 779 621 810 et
649 772 871 810 distributis
905 779 1076 824 quatuor
1103 771 1244 825 palmis
1261 802 1272 821 ‚
1301 771 1410 824 quod
1442 771 1581 813 eodem
1605 772 1729 810 redit..

284 829 450 867 Palmae
489 827 664 881 singulae
716 828 823 866 enim
869 834 956 880 post
999 827 1173 880 singulas
1213 827 1467 865 decursiones
1502 827 1723 866 victoribus

284 884 512 933 dabantur,
539 896 669 934 neque
693 882 826 934 plures
853 889 966 920 elant
982 897 1136 935 ,quam
1147 889 1331 945 '‘quatuor
1366 881 1523 934 palmae
1554 890 1593 921 et
1622 895 1723 935 qua-

283 947 379 977 tuor
414 939 604 977 decursus
634 951 707 990 pro
738 939 879 991 quavis
909 938 1077 976 fictione
1095 968 1106 987 ,
1147 937 1186 975 in
1219 938 1452 975 universum
1489 950 1584 990 ergo
1612 944 1721 986 octo,

284 1008 403 1032 mane
435 1001 474 1032 et
503 993 670 1031 totidem
706 1006 905 1046 vesperae.
963 993 1028 1030 Du
1056 992 1194 1044 Cangii
1216 993 1408 1031 sententia
1430 991 1480 1030 de
1510 992 1586 1031 hac
1608 991 1727 1030 dicti—

287 1064 364 1089 one¹
388 1049 421 1086 Γ
426 1047 519 1087 loss
544 1049 617 1086 Gr.
652 1062 743 1100 pag.
769 1046 859 1086 168.
889 1049 1091 1100 proposita
1122 1047 1222 1085 mihi
1253 1047 1416 1100 quidem
1454 1045 1729 1109 improbabilis

287 1104 461 1143 videtur.
523 1102 594 1140 Ait
615 1101 717 1152 βαΐα
742 1102 861 1141 fuisse
893 1102 998 1140 dicta
1024 1116 1188 1140 munera
1243 1102 1307 1140 vel
1342 1116 1484 1155 rogas,
1531 1102 1727 1155 erogatio-

287 1173 358 1198 nes
385 1158 437 1197 ab
463 1159 593 1210 Impei
596 1164 683 1195 at01
687 1157 773 1195 ibus
792 1156 976 1209 populo
968 1172 1005 1195 in
1030 1157 1323 1196 solennioribus
1344 1158 1570 1196 celimoniis
1594 1157 1729 1195 distri-

286 1215 360 1253 bui
393 1213 552 1252 solitas:
585 1213 752 1265 ideoque
793 1227 915 1264 quum
947 1227 1028 1251 non
1060 1213 1177 1250 unica
1216 1213 1305 1258 die,
1335 1211 1403 1250 sed
1421 1210 1603 1264 pluribus
1632 1225 1729 1250 con-—

290 1269 413 1308 tinnis
435 1282 503 1307 eae
531 1267 759 1320 largitiones
786 1281 878 1315 seu,
911 1269 969 1305 uti
996 1282 1018 1305 a
1042 1266 1275 1305 Marcellino
1287 1267 1442 1305 Comite
1460 1266 1726 1320 appellantur,

291 1324 526 1376 Augustallcz
552 1329 861 1375 peragerentul,
891 1336 937 1360 ea
967 1322 1093 1372 dona,
1128 1335 1231 1374 quae
1255 1323 1384 1373 primo
1415 1320 1480 1359 die
1513 1321 1731 1370 darentur,

292 1379 411 1418 fuisse
446 1378 550 1416 dieta
596 1389 762 1428 πρωτον
796 1376 940 1427 βαΐον,
979 1377 1019 1415 id
1065 1352 1123 1415 e’st
1160 1377 1335 1429 piiinum
1379 1375 1556 1424 donum3
1603 1389 1730 1439 eoque

294 1447 410 1473 sensu
443 1433 566 1485 accipi
601 1432 746 1470 debele
776 1431 909 1470 locum
941 1431 1198 1495 Theophanis
1235 1447 1275 1484 p.
1303 1431 1396 1470 513.
1410 1445 1421 1468 :
1453 1427 1631 1482 ἐπάτησε
1659 1427 1735 1468 τὸν

295 1486 504 1538 τράχηλον
535 1485 669 1525 (1,ιῖιοῦ
709 1500 831 1538 αχρις
877 1481 1120 1533 ἀπολύσεως
1150 1486 1226 1525 τοῦ
1262 1499 1426 1538 πρωτου
1463 1484 1600 1536 βαΐου.
1655 1484 1735 1523 Sed

294 1551 403 1583 reete
438 1543 491 1580 ibi
527 1542 636 1580 dedit
677 1542 896 1593 interpres:
942 1542 1064 1580 donec
1111 1543 1208 1580 ezr-ci
1243 1555 1379 1579 munus
1403 1554 1580 1594 prunum
1619 1541 1738 1579 exhi-

296 1600 383 1636 hm
374 1607 460 1635 tm.
520 1597 675 1635 Eodem
696 1597 824 1635 tendit
847 1596 1025 1635 Miseclla
1056 1597 1188 1635 locum
1213 1598 1268 1635 sic
1295 1594 1492 1634 reddens:
1533 1609 1650 1658 usque
1682 1594 1741 1632 ad

295 1654 521 1692 soluczomm
541 1653 669 1718 pruni
690 1652 822 1689 Inavii
838 1682 847 1698 .,
888 1651 928 1689 id
950 1659 1007 1690 cst
1033 1652 1084 1704 {39
1064 1650 1265 1702 οαβειόυ,
1290 1650 1363 1690 τοῦ
1396 1663 1560 1703 πρωτου
1589 1642 1739 1698 ἄθλου,

296 1708 375 1747 τοῦ
395 1719 556 1759 ποωτου
582 1704 738 1757 a’yaivog
772 1706 838 1745 vel
868 1702 1039 1769 δρόμου.
1096 1707 1275 1770 Apparet
1303 1718 1462 1772 quoque
1498 1718 1520 1742 e
1550 1704 1736 1757 Symeon.

298 1764 410 1830 Mag.
431 1775 522 1814 pag.
548 1760 642 1811 421.
675 1761 755 1799 A.:
800 1757 969 1799 ἱππικὸν
1011 1756 1215 1812 ποιήσας,
1246 1774 1315 1799 και
1350 1756 1398 1798 τὸ
1426 1755 1592 1810 πρῶτον
1611 1758 1739 1823 [Saron

297 1815 386 1855 παι”
382 1822 475 1864 ξας,
509 1817 726 1881 (pronoque
757 1818 837 1869 ipse
866 1831 1020 1854 munere
1040 1816 1174 1854 ludens
1204 1817 1322 1854 vertit
1345 1813 1635 1863 combefisius‚)
1662 1807 1738 1863 ἅρ-

299 1885 403 1922 ματι
435 1870 567 1925 λευκῳ
588 1869 919 1933 ἐποχησάμενος,
947 1885 1014 1908 και
1044 1867 1093 1908 τὰ
1115 1866 1289 1934 ὶάφυρα
1316 1865 1610 1950 θςιαμβεύσας
1627 1866 1738 1906 ἐστε-

302 1924 506 1990 φαιώθη,
542 1910 624 1963 τῶν
645 1921 786 1976 δήμων
823 1923 1104 1975 ἑπιβοωιντων·
1145 1924 1311 1972 ,,καλῶς
1344 1925 1487 1976 ηλθες,
1520 1935 1741 1974 ασυγκριτε

304 1977 574 2033 ᾳακτιονάρη.
579 1978 597 1994 ”
640 1979 839 2018 Describit
865 1979 1005 2018 ludum
1028 1980 1207 2018 curulem
1227 1978 1535 2033 triumphalem,
1561 1991 1630 2016 seu
1647 1982 1739 2030 post

305 2043 437 2073 actum
467 2035 516 2074 de
543 2034 725 2072 hostibus
744 2035 993 2087 triumphum
1013 2034 1191 2084 editum,
1219 2035 1269 2072 de
1297 2048 1376 2087 quo
1402 2034 1545 2071 Noster
1562 2046 1633 2071 suo
1651 2031 1743 2070 loeo

304 2090 423 2129 dicet.
483 2088 648 2128 Malalas
669 2090 720 2126 T.
740 2090 792 2126 ΙΙ.
820 2104 860 2142 p.
892 2090 1185 2128 32.mcm01at
1214 2090 1390 2143 quintam
1414 2088 1626 2143 palmam,·
1657 2085 1741 2124 vid.

306 2145 361 2182 ibi
388 2144 610 2182 Chilmead.
671 2143 850 2196 Apparet
875 2158 896 2183 e
934 2143 1067 2183 Nostri
1089 2145 1164 2183 hoc
1189 2143 1276 2182 loco
1303 2144 1447 2182 collato
1470 2156 1563 2180 cum
1581 2156 1622 2194 p.
1649 2153 1740 2189 172.

305 2199 352 2237 Β.
378 2199 452 2236 ult.
443 2227 470 2245 .,
499 2213 545 2237 eo
561 2207 739 2250 tempore
767 2198 901 2251 plures
922 2200 1072 2238 octonis
1100 2199 1251 2251 palmas
1276 2199 1506 2250 distributas
1538 2210 1610 2250 per
1637 2194 1744 2233 diem

306 2268 387 2291 non
418 2253 556 2300 fuisse,
589 2261 801 2306 quaternas
829 2268 947 2292 mane
969 2283 980 2301 ,
1011 2254 1176 2292 totidem
1211 2254 1448 2306 pomeridie,
1485 2265 1610 2304 quum
1642 2247 1740 2288 olim

307 2308 464 2346 XXIV.
494 2309 698 2346 daientur.
743 2308 838 2346 Vid.
862 2309 1002 2347 Petav.
1029 2309 1079 2347 ad
1102 2309 1245 2347 Iuliani
1273 2310 1622 2361 Misopogonemp.
1641 2302 1735 2354 540-

308 2362 386 2411 Α.,
418 2362 487 2400 ubi
522 2362 698 2402 Iulianus
728 2364 808 2412 ait,
862 2378 902 2402 se
944 2363 994 2401 ad
1029 2371 1175 2402 sextam
1210 2376 1335 2416 usque
1363 2363 1535 2415 palmam
1559 2363 1602 2399 in
1635 2359 1743 2396 circo

309 2430 487 2466 maner‚e
510 2417 694 2470 deinceps
718 2418 842 2456 abire.
858 2416 1143 2481 *[Calendarii
1174 2416 1488 2457 Constantiniani
1509 2415 1596 2454 loca
1616 2427 1738 2466 quae-

312 2472 403 2508 dam
441 2479 691 2523 exponuntur
732 2488 772 2526 p.
801 2471 1406 2525 205.Ducatian‚Hie1-onym.
1447 2468 1672 2508 Alexander
1698 2468 1747 2508 C.

310 2525 369 2562 Μ.
389 2526 543 2564 XXIV.
567 2528 724 2578 exponit
754 2530 814 2566 cil
813 2542 938 2566 censes
967 2530 1145 2566 missuum
1177 2526 1346 2566 XXIV.
1402 2527 1464 2564 De
1492 2524 1632 2577 palmis
1655 2522 1742 2575 gla-

314 2578 510 2617 diatorum
543 2580 653 2619 locus
682 2583 846 2633 insignis
873 2583 911 2620 in
944 2584 1197 2635 inscriptione
1237 2539 1518 2635 Lugdunensip
1521 2578 1628 2632 apud
1656 2577 1762 2616 Sal-v

310 2631 445 2683 lengi-e
481 2635 665 2673 Memoir.
694 2636 743 2674 de
760 2612 1003 2676 Litter-atuie
1030 2638 1081 2676 T.
1100 2639 1131 2675 Ι.
1149 2652 1190 2690 p.
1222 2635 1309 2686 144.
1337 2637 1397 2674 De
1410 2634 1577 2673 Prasino
1611 2631 1749 2673 colore

313 2686 354 2724 in
387 2688 624 2732 circensibus
651 2704 691 2728 v.
717 2692 895 2731 Fonseea
926 2692 975 2731 de
995 2691 1156 2732 basilica
1179 2691 1340 2734 Damasi
1373 2685 1690 2740 L.11.c.13,.]*
