1884 3132
275 117 391 173 526
547 136 619 178 ιο.
664 135 768 178 1Ac.
808 138 1004 179 amsi-111
1049 134 1426 182 COMMENTARH

275 250 412 289 autem
443 248 699 288 utilissimum
729 264 814 289 esse
843 249 1008 303 simplex
1057 257 1140 290 tam
1187 253 1230 290 in
1258 252 1480 307 medicina,
1516 269 1639 310 quam
1679 258 1722 297 in

272 306 480 358 chirurgia
497 335 508 356 ,
536 313 678 344 notum
706 313 779 344 est.

389 362 436 423 β.
455 360 496 413 4.
522 359 639 424 [4β8,
660 359 719 414 2.]
754 359 942 415 ιίλοιφῶν
971 368 1047 400 etc.
1105 361 1217 401 Inter
1244 362 1456 416 emplastra
1494 372 1534 405 et
1569 362 1647 412 τὰς
1675 366 1724 406 α’-

279 418 431 469 λοιφας
461 424 500 456 et
528 431 580 455 τα
609 415 849 466 (inamata
879 416 1035 455 nullum
1078 418 1323 457 intercedere
1350 419 1564 460 discrimen
1593 429 1691 474 puto
1708 452 1721 470 ,

279 473 356 511 nisi
383 473 661 511 consistentiae
682 501 693 522 ‚
723 479 769 510 ut
797 473 1039 511 crassissima
1066 475 1146 512 sint
1173 473 1387 526 emplastra
1404 505 1415 522 ‚
1445 476 1600 516 mediae
1627 492 1726 517 con-

282 529 484 567 sistentiae
511 530 617 566 inter
646 527 793 566 durum
817 557 827 578 ,
858 528 1005 566 scissile
1036 535 1074 567 ct·
1103 528 1300 582 liquidum
1338 532 1419 570 sint
1447 527 1489 569 αὶ
1521 529 1723 586 α’λοιφαί,

282 593 501 636 unguenta,
532 591 578 622 ut
603 584 695 622 litus
723 582 896 636 denique
923 585 1001 622 sint
1027 579 1077 622 τὰ
1094 582 1346 635 diffinitam.
1407 586 1523 636 Quae
1541 587 1607 626 hic
1619 603 1727 643 pan-

278 639 417 678 dec-cae
443 638 722 692 appellantur,
751 652 823 678 nos
855 638 979 692 vulgo
999 640 1349 694 Reiseapolloekgen
1377 641 1562 681 dicimus.

397 696 443 734 B.
461 710 500 749 7.
522 693 634 749 [468,
653 692 714 746 4.]
760 694 1037 734 nazazenum.
1098 695 1201 734 Sunt
1222 697 1386 750 pelves,
1418 696 1557 750 quales
1583 697 1728 737 adiun-

280 758 349 790 cta
375 751 505 791 solent
531 750 681 789 habere
712 750 850 788 σιτλιά
864 781 875 800 ,
900 752 1100 802 gutturnia
1122 781 1132 798 ,
1167 765 1324 805 parvas
1353 753 1504 792 situlas.

393 819 440 857 B.
458 832 498 871 9.
524 816 638 872 [468,
658 815 722 871 6.]
754 810 1040 869 ἆσπρόχαλκα.
1100 817 1355 869 Ignoratione
1381 819 1624 872 significatus
1650 819 1729 859 hu-

287 875 348 914 ius
370 873 580 922 vocabuli,
614 873 719 911 male
748 873 813 911 hic
843 880 883 911 et
915 887 956 925 p.
981 873 1077 926 529.
1097 873 1152 910 D.
1175 871 1214 923 4.
1233 873 1404 912 reddidi.
1460 872 1730 926 Ἀσπρόγαλ-

288 945 340 969 κα
369 936 462 968 sunt
487 929 729 967 orichalcina
745 959 754 975 ‚
783 943 862 967 von
892 928 1078 979 Messing.
1110 928 1314 967 Nostrates
1333 943 1493 982 quoque
1524 917 1730 970 interdum

289 988 408 1025 weiss
437 984 617 1038 Kufffer,
650 998 822 1036 cuprum
853 981 987 1021 album
1017 997 1090 1036 pro
1109 984 1300 1036 Messing,
1332 984 1560 1035 orichalco,
1606 1000 1729 1025 usur-

283 1049 401 1092 pant.
461 1040 580 1078 Patet
611 1053 633 1078 e
661 1039 812 1078 scholio
843 1039 1021 1082 Graeco,
1063 1038 1174 1091 quod
1202 1039 1269 1077 Du
1304 1039 1438 1093 Cange
1465 1039 1587 1079 habet
1615 1042 1655 1080 in
1684 1055 1727 1080 v.

279 1096 499 1149 “Aonpog:
546 1091 709 1145 σταγών
738 1095 851 1134 ἐστιν
897 1091 922 1132 0‘
966 1087 1186 1145 λεγόμενος
1226 1091 1468 1146 ὄρείχαλκος
1490 1125 1500 1143 ,
1550 1089 1642 1148 ἦτοι
1680 1093 1728 1135 τὸ

290 1145 453 1203 ἅσπρον
474 1146 695 1202 χάλκωμα.
729 1150 928 1189 Dicebant
957 1163 1118 1202 quoque
1146 1163 1220 1203 pro
1251 1149 1392 1189 eodem
1419 1145 1727 1203 λευκόχαλκος;

289 1207 378 1248 vid.
397 1207 465 1245 Du
486 1206 619 1258 Cange
647 1205 689 1244 h.
710 1220 751 1244 v.
773 1213 812 1244 et
840 1205 1080 1258 Hesychius.

401 1263 449 1301 C.
467 1275 506 1300 2.
531 1260 646 1316 [468⁷
668 1259 729 1315 9.]
759 1258 1070 1310 κουκουμιλιόυ.
1129 1260 1221 1298 Νοη
1249 1267 1419 1313 exputo.
1459 1260 1561 1313 quid
1589 1262 1640 1300 sit
1663 1276 1734 1300 cu-

288 1319 507 1358 cumilium.
567 1317 752 1355 Recurrit
771 1331 810 1369 p.
833 1330 927 1370 272.
949 1314 1017 1360 C.‚
1038 1315 1109 1354 ubi
1140 1315 1336 1368 probabili
1367 1316 1596 1355 coniectura
1619 1317 1734 1356 reddi

287 1381 424 1427 vposset
467 1375 686 1411 tentorium
722 1372 788 1411 vel
817 1371 956 1420 locus,
987 1370 1056 1409 ubi
1085 1385 1277 1410 cucumae
1308 1385 1376 1409 seu
1405 1370 1508 1409 ollae
1543 1378 1582 1410 et
1609 1386 1735 1425 appa-

292 1437 404 1469 ratus
427 1429 554 1467 omnis
578 1427 766 1467 culinaris
786 1434 1028 1466 asservatur.
1069 1426 1253 1465 Verbum
1278 1426 1319 1464 id
1340 1426 1419 1464 huc
1448 1440 1528 1465 non
1547 1427 1732 1480 quadrat.

405 1495 453 1534 C.
473 1492 650 1549 2.[468,
673 1493 738 1548 9.]
772 1488 964 1532 ὄλόκανα.
1023 1493 1133 1543 Quid
1163 1492 1240 1531 hoc
1270 1493 1341 1539 sit,
1374 1493 1488 1545 quasi
1507 1506 1580 1544 per
1602 1493 1734 1532 nebu-

294 1551 378 1590 lam
411 1558 482 1590 aut
519 1557 777 1589 transennam
807 1549 906 1587 mihi
945 1549 1082 1587 videre
1122 1549 1288 1587 videor:
1318 1548 1444 1596 sella,
1473 1562 1577 1600 quae
1615 1547 1737 1587 habet

293 1621 466 1646 cannam
494 1605 560 1645 vel
581 1620 742 1660 pomum
782 1613 903 1643 totum
941 1619 1115 1643 aureum.
1175 1603 1289 1643 Alias
1326 1603 1376 1641 de
1414 1602 1546 1656 gladio
1591 1603 1738 1642 dicitur

292 1660 581 1714 χρυσόκανος,
610 1661 829 1714 qui‘habet
857 1674 1028 1698 cannam
1057 1674 1126 1699 seu
1147 1659 1405 1698 manubrium
1425 1672 1620 1707 aureum3
1649 1659 1735 1698 vid.

291 1718 348 1757 ad
376 1732 464 1771 pag.
487 1716 535 1768 4ι
551 1731 582 1755 ι.
603 1717 658 1755 Α.
691 1732 731 1770 7.
789 1717 896 1766 Quia
924 1716 1126 1755 distinctio
1150 1721 1234 1754 erat
1261 1715 1300 1752 in
1321 1714 1456 1752 codice
1477 1720 1568 1767 post
1587 1710 1736 1764 κοπτά,

296 1775 447 1813 retinui
473 1786 590 1821 eam3
620 1779 718 1825 puto
746 1779 880 1811 tamen
910 1771 1050 1810 melius
1077 1772 1228 1810 abesse.

412 1829 462 1868 C.
487 1828 525 1868 5.
551 1827 669 1882 [468,
697 1827 782 1882 11.]
812 1822 961 1877 κοπὴυ.
993 1826 1245 1866 Striaturam.
1304 1824 1421 1863 Esset
1454 1838 1548 1877 ergo
1578 1823 1629 1862 ad
1647 1838 1740 1863 ver-

297 1885 397 1924 bum
434 1885 633 1936 stragulae
679 1891 844 1936 tegentes
868 1883 1095 1920 striatarum
1113 1897 1199 1920 usus
1214 1911 1225 1931 ,
1256 1880 1295 1918 id
1318 1886 1376 1918 est
1405 1878 1605 1932 stragulae
1623 1893 1741 1932 supe-

300 1941 449 1990 riores,
488 1954 591 1992 quae
634 1945 772 1992 tegunt
814 1938 1018 1976 inferiores
1055 1937 1152 1977 alias
1188 1936 1342 1975 striatas
1377 1942 1447 1974 aut
1484 1936 1590 1973 striis
1616 1942 1742 1973 sectas

299 1997 392 2035 usui
446 1995 670 2047 deputatas.
728 1995 832 2033 Hinc
874 1993 1134 2046 perspicietur
1174 1993 1276 2030 ratio
1322 2004 1434 2028 meae
1474 1991 1641 2028 Latinae
1679 1991 1742 2028 in·-

300 2051 595 2104 terprctationis
614 2080 625 2100 ,
668 2064 771 2102 quae
818 2047 962 2102 procul
1006 2047 1131 2086 dubio
1159 2047 1294 2085 multis
1321 2045 1491 2084 obscura
1520 2053 1559 2084 et
1590 2045 1741 2098 impro-

303 2106 449 2146 babilis
478 2105 695 2144 videbitur.
735 2105 915 2157 Apparet
944 2118 989 2142 ex
1018 2102 1094 2141 hoc
1126 2103 1231 2151 loco,
1262 2115 1415 2140 morem
1436 2131 1447 2147 ‚
1478 2102 1547 2154 qui
1576 2099 1672 2138 olim
1700 2101 1742 2137 in

303 2163 395 2200 aula
426 2161 715 2200 Sulthanorum
755 2159 930 2213 Aegypti
969 2158 1263 2197 Mamlucorum
1310 2156 1485 2195 obtinuit
1533 2161 1573 2194 et
1610 2153 1742 2192 adhuc

301 2217 424 2256 hodie
450 2219 492 2255 in
520 2215 612 2254 aula
642 2216 926 2254 Ottomanuica
955 2213 1131 2263 obtinet,
1162 2228 1184 2252 e
1205 2213 1423 2266 Byzantina
1451 2223 1656 2258 manasset,
1676 2208 1744 2248 ille

301 2287 476 2325 nempe,
523 2285 604 2324 quo
647 2269 742 2309 sella
780 2269 845 2308 vel
884 2268 1144 2322 ephippium,
1191 2283 1273 2322 quo
1311 2267 1472 2305 vehitur
1498 2267 1743 2316 Imperator,

302 2330 463 2380 gemina
488 2325 663 2379 stragula
691 2332 842 2363 tectum
874 2332 957 2374 est,
999 2338 1171 2377 quorum
1210 2324 1281 2362 uni
1312 2322 1491 2360 inferiori
1517 2317 1746 2366 immediate

303 2382 450 2420 insidet
478 2382 700 2434 Imperator
722 2411 731 2427 ‚
778 2380 903 2418 altera
932 2394 1028 2418 vero
1056 2379 1291 2418 insternitur
1317 2377 1466 2429 priori,
1497 2376 1530 2413 si
1560 2373 1747 2412 dominus

307 2437 419 2475 abest
443 2451 454 2486 3
483 2438 679 2488 posterior
713 2442 899 2487 portatur
925 2448 947 2471 a
981 2441 1151 2472 stratore
1170 2463 1181 2483 ,
1214 2433 1312 2471 dum
1349 2431 1534 2469 dominus
1564 2429 1743 2480 equitat,

305 2491 376 2530 illo
405 2499 539 2530 autem
565 2490 843 2538 descendente,
867 2496 1014 2527 strator
1035 2487 1219 2527 insternit
1238 2500 1342 2540 equo
1370 2483 1598 2536 stragulam,
1623 2497 1747 2535 quam

308 2554 456 2599 gestat,
497 2546 730 2584 exteriorem
749 2574 760 2594 ,
800 2552 839 2583 et
866 2544 1067 2583 licentiam
1096 2558 1142 2582 eo
1171 2544 1258 2595 ipso
1286 2541 1408 2580 habet
1435 2542 1477 2576 in
1505 2552 1654 2590 equum
1682 2540 1746 2577 in-

309 2611 535 2652 scendendi.
600 2600 755 2654 Kys-«kmi
804 2604 912 2654 3⁴⁴>
960 2623 1030 2648 seu
1051 2608 1311 2663 praegestatio
1348 2605 1524 2656 tegminis
1560 2611 1618 2642 est
1637 2604 1747 2657 apud

309 2667 507 2718 principes
518 2665 878 2704 Muhammedanos
899 2666 1003 2702 inter
1022 2663 1200 2717 symbola
1212 2673 1390 2700 summae
1405 2659 1624 2711 potestatis.
1655 2661 1748 2710 Qua

310 2720 360 2759 de
386 2734 429 2759 re
457 2719 574 2759 latius
604 2722 665 2773 egi
694 2720 746 2759 ad
776 2719 1018 2758 Abulfedam
1033 2749 1044 2767 ‚
1102 2719 1171 2771 qui
1197 2714 1397 2769 praelatae
1437 2728 1571 2752 coram
1611 2729 1653 2754 se
1680 2729 1748 2754 su-
