1826 3126
302 134 378 203 44
576 155 648 197 10.
690 153 794 195 1AC.
844 153 1039 194 amsxu
1077 151 1456 195 COMMENTARH

302 257 428 297 additi
449 263 602 308 essent3
631 263 678 296 et
703 254 866 309 quando
886 254 1151 295 adolevissent
1166 285 1178 307 ‚
1207 269 1230 295 e
1258 255 1407 309 palatio
1429 254 1721 296 amovebantur
1737 286 1751 308 ‚

302 320 342 351 et
370 312 508 352 officiis
530 312 882 366 praeficiebantur.
939 312 1007 350 Du
1038 311 1173 364 Gange
1201 309 1333 350 Gloss.
1359 311 1451 351 Lat.
1473 324 1519 352 v.
1547 311 1753 352 Diecarim

302 376 464 420 monet,
494 369 549 407 ita
573 367 701 406 dictos
728 367 876 418 fuisse,
905 367 1036 420 quiin
1064 366 1196 405 diaeta
1222 381 1293 406 seu
1317 365 1535 406 coenaculo
1559 367 1761 419 ministrae

300 430 391 462 rent
404 452 416 474 ‚
458 437 616 462 mensas
642 423 886 462 instruerent
902 451 914 472 ‚
956 421 1107 461 diaetas
1141 422 1312 462 mundas
1343 429 1564 463 servarent.
1619 422 1754 478 *[Ηο-

300 492 393 517 rum
423 477 599 517 officium
625 486 711 518 erat
727 507 740 529 ,
771 477 958 517 excubias
982 476 1223 530 palatiorum
1251 485 1375 516 noctu
1398 484 1439 517 et
1470 478 1645 518 interdiu
1661 492 1753 533 agee

299 547 344 573 re
363 562 375 584 ‚
414 540 462 572 ut
485 548 531 573 ex
561 534 771 573 Constant.
808 532 1062 587 Porphyrog.
1097 532 1385 572 continuatore
1413 534 1464 572 L.
1503 534 1580 573 IV.
1606 547 1652 573 n.
1684 533 1752 574 55.

299 602 344 642 p.
383 589 473 628 123.
502 596 666 643 apparet
683 619 696 640 .,
725 589 797 628 ubi
825 586 867 628 οἱ
886 589 931 628 ἐν
954 588 1011 643 τῷ
1034 584 1200 644 μεγάλῳ
1225 588 1414 643 παλατίῳ
1437 584 1546 628 κατὰ
1569 585 1617 628 τὸ
1639 586 1754 642 ἡλια-

300 640 372 683 κὸν
391 643 466 682 τοῦ
500 643 642 698 φάρου
665 641 896 697 διαιτάριοι
922 651 1213 683 memorantur.
1248 642 1453 698 Menolog.
1473 644 1526 684 50
1549 642 1659 684 Iulii.
1692 645 1755 684 In-

299 698 364 738 fra
393 699 501 754 apud
526 701 713 739 Nostrum
732 715 774 754 p.
809 698 900 739 135.
936 699 983 738 C.
1002 698 1044 738 8.
1081 694 1120 738 οἱ
1154 695 1384 753 διαιτάριοι
1411 699 1496 739 τῶν
1521 693 1629 740 ὅλων
1651 698 1756 740 διαι-

301 754 386 794 τᾳόν
414 755 695 810 occurrunt.]*

413 810 529 851 116.
569 811 633 866 [7‚
663 810 729 866 5.]
779 806 828 850 τὸ
871 805 1054 861 ταβλίον.
1111 810 1158 849 In
1188 810 1433 850 membranis
1470 817 1530 860 est
1564 806 1754 863 ταβλῆν,

301 865 413 918 quod
437 866 577 906 eodem
603 866 723 917 redit.
781 866 882 905 Nam
898 866 1121 919 saepissime
1143 867 1285 906 Graeci
1311 872 1489 905 recentes
1515 879 1565 918 ης
1590 880 1665 920 pro
1681 878 1758 916 ιος,

303 927 344 959 et
367 934 417 973 ην
435 921 500 960 vel
528 936 567 962 ιν
593 936 667 976 pro
696 935 760 961 ιον
779 921 977 961 scribunt.
1037 922 1098 961 Ita
1121 918 1283 975 στομὴν
1308 929 1368 961 est
1390 921 1498 975 apud
1512 921 1754 975 Theophan-

301 989 346 1029 p.
378 977 474 1016 312.
497 977 545 1017 B.
586 992 622 1016 1.
654 985 694 1017 et
726 976 914 1016 librarius
938 990 1067 1016 novae
1095 978 1285 1016 Graeciae
1321 975 1470 1028 homo,
1499 991 1521 1016 e
1549 977 1663 1016 cuius
1687 991 1755 1016 co-

303 1031 392 1070 dice
429 1031 638 1072 Plutarchi
673 1033 860 1073 Eroticus
891 1031 942 1071 ad
970 1046 1044 1072 nos
1067 1034 1274 1086 pervenit,
1303 1033 1527 1087 saepissime
1560 1031 1759 1084 Πεμπτί-

305 1085 400 1139 δης,
431 1084 571 1141 τίδἠν,
601 1086 696 1141 rt'd‘q
724 1103 796 1143 pro
831 1087 1117 1139 Πεμπτίδιος,
1153 1087 1311 1138 τίδιον,
1339 1087 1448 1128 τίδιε
1477 1087 1648 1142 scripsit.
1677 1087 1758 1139 Sed

303 1142 347 1180 in
372 1150 574 1195 posterum
601 1142 700 1182 hacc
724 1143 820 1183 talia
842 1144 1002 1183 minuta
1026 1159 1108 1183 non
1131 1143 1380 1184 memorabo.
1436 1143 1526 1183 Non
1541 1141 1646 1183 male
1664 1143 1760 1183 fecit

305 1205 529 1238 antecessor
559 1213 671 1238 meus
705 1199 877 1251 ταβλιόν
903 1213 976 1253 pro
999 1196 1157 1252 ταβλὴν
1185 1199 1432 1254 reponendo·
1489 1199 1625 1253 Neque
1653 1196 1758 1239 male

306 1267 380 1306 ego
420 1254 495 1293 feci
537 1256 576 1293 in
617 1269 663 1293 ea
701 1263 814 1308 parte
830 1285 843 1307 ‚
887 1269 1010 1308 quam
1047 1256 1215 1306 curavi,
1262 1256 1396 1294 stricte
1431 1254 1758 1295 membranarum

306 1308 531 1363 exemplum
557 1311 599 1349 in
618 1309 765 1350 talibus
781 1310 1000 1364 sequendo.
1063 1307 1232 1363 Ταβλὴν
1258 1310 1337 1350 hoc
1360 1309 1450 1350 loco
1477 1317 1593 1350 notat
1619 1324 1757 1350 arcam

304 1361 430 1403 latam
461 1364 623 1418 planam
637 1395 648 1416 ‚
691 1365 852 1419 qualem
885 1372 1080 1406 nostrates
1113 1366 1361 1406 Schubladen
1389 1373 1461 1406 aut
1500 1366 1759 1406 Schubcasten

306 1418 510 1473 appellant
527 1450 540 1472 ,
568 1422 717 1461 Franci
743 1437 816 1461 une
845 1422 1011 1474 laycae,
1050 1436 1103 1461 ιιη
1135 1423 1266 1462 tiroir.
1510 1462 1522 1468 ἱ

418 1476 474 1515 D.
499 1490 542 1530 9.
575 1475 639 1531 [7‚
659 1475 724 1531 3.]
757 1476 983 1529 κορνίκλια.
1038 1477 1143 1516 Sunt
1179 1491 1319 1531 capsae
1351 1475 1578 1527 rotundae,
1618 1473 1760 1531 quales

307 1527 402 1570 illae
415 1538 510 1570 sunt
522 1561 534 1582 ‚
552 1531 699 1585 quibus
712 1531 893 1585 pelliceas
909 1531 996 1572 illas
1011 1533 1180 1587 grandes
1196 1533 1445 1573 chirothecas
1459 1562 1472 1585 ,
1501 1532 1619 1573 nobis
1631 1532 1762 1586 Migffie

307 1584 434 1626 dictas
468 1588 480 1638 (
495 1601 537 1626 v.
554 1587 623 1626 Du
642 1587 775 1641 Gange
792 1587 860 1627 Gl.
878 1589 970 1628 Lat.
986 1603 1030 1628 v.
1059 1588 1282 1642 Mfffid‘w)
1317 1588 1564 1628 conduntur.
1604 1587 1757 1627 Nomen

306 1639 462 1680 habent
485 1657 509 1681 a
532 1657 669 1693 cornu,
705 1657 787 1697 quo
818 1644 979 1683 nomine
1009 1644 1142 1684 Latini
1177 1645 1379 1699 sequiores
1410 1658 1572 1684 omnem
1600 1657 1758 1696 capsam

309 1694 572 1750 cylindrieam
605 1699 829 1752 cuicunque
868 1700 925 1739 rei
958 1700 1207 1754 recipiendae
1233 1707 1366 1754 aptam
1404 1707 1446 1739 et
1483 1700 1758 1752 cuiuscunque

308 1753 499 1792 materiae
540 1753 810 1807 appellabant.
869 1754 933 1793 Sic
974 1762 1060 1794 erat
1098 1756 1190 1809 ipsis
1232 1770 1353 1795 cornu
1402 1754 1757 1804 atramentarium,

308 1807 392 1847 sive
431 1823 647 1859 corneum,
693 1810 777 1849 sive
805 1809 1055 1861 eburneum,
1093 1812 1177 1851 sive
1210 1809 1331 1849 fictile
1348 1839 1361 1863 ,
1402 1810 1486 1850 sive
1513 1808 1758 1848 metallicum

309 1870 425 1903 esset.
453 1878 497 1903 v.
521 1866 591 1903 Du
629 1865 762 1919 Gange
798 1864 929 1904 Gloss.
971 1867 1063 1905 Lat.
1094 1880 1137 1906 v.
1173 1867 1329 1916 Cornu,
1380 1864 1452 1904 ubi
1483 1879 1529 1904 ex
1575 1865 1759 1919 Hugonis

308 1917 624 1959 Flaviniacensis
655 1921 856 1960 Chronico
893 1921 989 1960 citat
1014 1936 1176 1976 capsam
1209 1935 1372 1960 auream
1396 1921 1624 1974 insignitam
1663 1920 1759 1962 reli,-

310 1976 412 2066 ἵιιίἰε
435 1975 546 2014 XII.
581 1975 884 2031 Apostolorum,
929 1986 967 2015 et
993 1991 1142 2016 cornua
1164 1977 1243 2016 duo
1268 1977 1438 2016 eburnea
1463 1975 1678 2015 identidem
1696 1989 1760 2014 re-

327 2030 443 2083 iquiis
467 2032 658 2083 conserta.
718 2032 875 2070 Cornua
900 2032 1226 2072 candelabrorwn
1258 2031 1366 2085 apud
1397 2030 1585 2071 Anastas-
1613 2031 1655 2070 in
1682 2030 1758 2070 B&

311 2083 461 2124 nedict.
493 2086 573 2125 ΙΙΙ.
607 2086 809 2126 fuerintne
833 2087 1045 2126 manubria
1061 2117 1072 2138 ,
1105 2101 1158 2126 an
1190 2087 1287 2126 disci
1312 2085 1400 2138 illi,
1431 2087 1502 2140 qui
1527 2093 1660 2140 guttas
1687 2085 1758 2125 de.-

312 2138 507 2180 stillantes
533 2141 708 2196 aliasque
730 2142 866 2182 sordes
892 2143 1116 2195 excipiunt,
1146 2143 1189 2181 in
1215 2142 1341 2182 dubio
1365 2141 1607 2195 relinquam.
1661 2141 1760 2180 Pari

313 2195 434 2234 modo
462 2197 595 2236 Latini
620 2197 820 2251 sequiores
842 2197 915 2236 has
938 2212 1073 2251 capsas
1100 2199 1304 2237 vestiarias
1321 2228 1334 2249 ‚
1378 2196 1518 2237 infulis
1540 2195 1760 2236 condendis

311 2250 566 2303 peculiariter
589 2253 804 2293 destinatas
835 2254 1058 2292 calamaria
1096 2252 1376 2307 appellabant,
1409 2252 1520 2307 quod
1548 2258 1679 2293 essent
1706 2251 1760 2291 si-

312 2304 427 2344 miles
454 2306 532 2346 illis
555 2308 703 2348 tabulis
742 2309 873 2349 aeneis
904 2308 1167 2349 bracteatisve
1181 2339 1194 2361 ,
1238 2308 1385 2362 quibus
1413 2323 1488 2348 nos
1517 2307 1690 2347 condere
1719 2313 1762 2346 et

313 2367 466 2413 gestare
510 2362 682 2403 calamos
723 2363 948 2418 scriptorios
991 2363 1178 2404 solemus.
1235 2365 1420 2404 Fortasse
1457 2369 1577 2403 erunt
1613 2361 1763 2415 quihus

315 2415 561 2468 probabilior
587 2419 771 2460 videatur
790 2419 984 2460 derivatio
1013 2434 1037 2458 a
1069 2421 1257 2459 cornubus
1283 2435 1352 2459 scu
1383 2418 1535 2458 infulis.
1575 2415 1765 2457 *Saeculo

317 2477 422 2510 certe
446 2472 565 2517 XIII,
600 2474 746 2515 infulas
777 2491 847 2515 seu
875 2482 1103 2528 tegumenta
1133 2476 1272 2528 capitis
1296 2489 1424 2524 cava,
1453 2472 1643 2523 cucufas,
1686 2474 1762 2523 (eo

317 2526 424 2565 enim
449 2540 565 2566 sensu
595 2543 735 2569 vocem
765 2532 894 2584 itfida
920 2531 1069 2583 ubique
1101 2533 1236 2583 pono)
1270 2545 1415 2570 cornua
1441 2536 1482 2568 et
1503 2537 1661 2568 cometa
1691 2541 1763 2580 ap-

318 2580 536 2633 pellabant.
575 2583 658 2622 vid.
688 2586 757 2624 Du
799 2588 930 2640 Gange
967 2585 1097 2625 Gloss.
1138 2587 1230 2625 Lat.
1259 2586 1304 2625 h.
1337 2600 1379 2624 v.
1435 2584 1514 2624 Sed
1548 2582 1681 2622 nescio
1706 2583 1762 2632 ci-

319 2637 449 2675 tiusne
484 2637 589 2676 idem
621 2638 797 2692 factum,
844 2650 882 2681 et
920 2656 1018 2680 num
1052 2641 1193 2679 Graeci
1230 2655 1391 2694 quoque
1431 2638 1580 2678 infulas
1598 2637 1762 2688 ,κέρατα

319 2691 606 2744 appellaverint
624 2723 634 2743 ‚
669 2695 733 2733 vel
761 2697 917 2748 κορνία.
949 2697 990 2735 Si
1007 2697 1173 2735 fecerint
1191 2726 1202 2746 ‚
1235 2697 1342 2750 quod
1362 2696 1402 2734 in
1419 2694 1545 2734 dubio
1560 2691 1761 2745 relinquo,
1805 2732 1808 2733 ⁷

318 2749 506 2786 corniclia
523 2748 672 2789 fuerint
687 2765 839 2804 capsae,
870 2754 909 2793 in
927 2751 1071 2806 quibus
1087 2766 1232 2792 cornua
1247 2766 1318 2792 seu
1332 2749 1481 2791 infulae
1497 2754 1766 2790 servarentur.
