1884 3132
232 125 308 172 An
350 123 650 170 CONSTANT.
686 123 885 167 PORPH.
925 122 1000 164 DE
1038 121 1222 164 cmm.
1256 121 1359 163 mn.
1385 122 1421 162 1.
1472 101 1586 176 249

302 225 529 279 ςΫμνεόμες
555 223 710 280 Λήδας
735 240 779 266 τε
808 221 881 266 καί
909 221 1099 277 αἰγιόχου
1128 219 1233 270 Διὸς
1259 218 1371 274 υἶώὶ

307 281 518 336 Κάστορα
544 280 619 322 καί
681 277 827 333 οβερὸν
850 276 1129 320 Πολυδεύκεα
1157 275 1241 328 mi}
1267 277 1480 331 ἐρεθίζειν,

306 336 515 390 ὖμνέομες
542 334 615 377 καὶ
640 296 704 383 ‹lig
731 334 805 376 καί
826 333 873 375 τὸ
901 334 1040 388 τρίτον
1068 328 1223 389 ἄρσενα
1250 332 1375 374 τέκνα

311 389 465 445 κούρης
496 389 738 438 Θεστιάδος.

149 449 394 492 Praesertim
419 447 675 487 orientalium
703 445 772 485 ille
798 459 886 484 mos
913 452 999 484 erat
1016 475 1028 495 ,
1065 452 1104 484 et
1132 446 1174 483 in
1201 443 1389 483 laudibus
1417 446 1595 485 nomini-

146 506 306 560 busque
330 503 396 544 dei
422 510 463 542 et
498 505 542 542 in
582 501 889 542 salutationibus
929 503 1152 539 amicorum
1181 500 1351 539 eandem
1378 499 1594 540 formulam

147 571 360 624 aliquoties
381 569 538 609 iterare.
564 567 687 607 Unde
705 567 859 606 factum
876 566 982 620 apud
1012 565 1168 605 Arabes
1186 595 1198 614 ‚
1227 571 1275 603 ut
1300 565 1471 605 verbum
1487 559 1592 623 συῒ

148 625 261 681 quod
286 625 514 680 ὠιρὶἱεαη»,
546 623 604 662 bis
631 624 775 662 iterare
803 624 966 676 proprie
993 629 1133 671 sonat,
1163 622 1284 660 etiam
1304 621 1491 671 laudare,
1531 637 1594 661 ce-

147 693 303 733 lebrare
326 690 540 745 significet,
569 696 611 729 et
645 683 704 722 [33
735 689 846 743 quod
872 691 1037 742 proprie
1063 690 1218 727 iteratio
1248 694 1333 739 est,
1356 689 1477 726 ctiam
1505 689 1594 727 lau-

148 759 219 799 des
245 763 372 807 notet.
430 755 528 795 Inde
556 754 730 795 formula
756 748 849 788 &al-2
881 750 990 805 4935>
1035 746 1092 788 &Ul
1125 755 1240 790 044>
1270 754 1454 792 laudavit
1479 753 1596 792 deum

146 822 188 854 et
214 812 374 869 reflexit
410 810 575 865 [nempe
613 810 858 865 sermonem]
896 825 1014 866 supet·
1044 825 1154 860 eum,
1186 809 1230 848 id
1258 816 1344 862 est,
1385 808 1597 862 aliquoties

151 868 312 909 iteravit
339 866 579 906 formulam:
609 865 796 906 laudatus
822 868 874 905 sit
901 867 1014 906 deus.
1401 891 1409 898 -

241 923 331 974 114.
357 922 412 961 A.
439 935 474 960 1.
497 921 614 977 [¹93²
648 920 735 975 tn]
776 917 798 960 ὃ
824 922 903 961 τοῦ
928 918 1244 974 στρατιωτικοῦ.
1299 919 1454 972 Nempe
1480 919 1600 970 λογο-

146 977 297 1032 θὲτης,
327 977 535 1017 rationalis
571 978 635 1016 rei
656 978 855 1016 militaris.
915 977 980 1016 Cl.
1009 977 1204 1016 Decessor
1231 975 1283 1014 ad
1311 972 1334 1016 ὃ
1376 975 1599 1027 adscripse-

153 1039 219 1073 rat
249 1034 292 1072 in
330 1031 578 1086 Apographo
604 1031 841 1072 Draudiano
884 1046 930 1082 ι,
966 1033 1023 1071 ita
1060 1039 1107 1070 ut
1147 1030 1394 1084 intelligatur
1425 1045 1518 1070 eum
1560 1024 1601 1068 oi

153 1083 411 1130 emendatum
437 1088 579 1138 ivisse,
609 1087 719 1140 quod
747 1089 867 1127 etiam
895 1088 1039 1126 Latina
1068 1089 1154 1127 eius
1181 1086 1378 1126 referunt.

258 1142 369 1182 Ibid.
387 1141 605 1198 [193,12.]
633 1139 655 1182 ὅ
684 1143 766 1182 τῶν
795 1140 1045 1194 ε’ξκουβιῖων
1080 1142 1165 1182 τῶν
1203 1136 1426 1182 ἷκανάτων.
1480 1141 1541 1180 Μ.
1576 1134 1602 1179 ὅ

394 1207 416 1230 τ

150 1241 227 1287 τοῦ
253 1241 419 1294 §gneum
446 1243 510 1299 [id
535 1252 596 1284 est
621 1243 882 1300 ἔξκουβίτου]
910 1242 993 1284 τῶν
1019 1239 1239 1283 ἱκανάτων.
1297 1243 1485 1283 Retinere
1512 1256 1603 1282 ma-

151 1297 226 1338 lim
252 1299 540 1339 correctionem
569 1300 853 1350 Leichianam,
885 1301 1035 1338 inserto
1053 1306 1259 1353 praeterea
1286 1307 1483 1338 commate
1511 1304 1603 1352 post

154 1351 418 1404 ἔξκουβίτων.
470 1355 630 1394 Diversi
658 1357 766 1394 enim
782 1355 1046 1394 Excubitores
1073 1362 1112 1394 et
1132 1354 1333 1393 Hicanati.
1394 1355 1441 1392 In
1461 1351 1484 1392 ὅ
1504 1353 1602 1392 sub-

153 1407 391 1461 intelligitur
432 1408 697 1459 Domesticus3
726 1418 774 1448 ut
819 1410 920 1448 adeo
963 1409 1040 1448 loci
1083 1409 1204 1448 huius
1244 1408 1314 1447 ille
1353 1423 1491 1448 sensus
1518 1410 1570 1447 sit
1585 1437 1598 1455 ‚

155 1469 300 1516 quarto
329 1461 419 1501 loco
456 1465 657 1503 introduci
695 1464 959 1504 domesticum
994 1464 1295 1512 excubitorum,
1334 1463 1601 1503 domesticum

159 1516 453 1557 Hicanatorum
482 1526 522 1557 et
546 1520 822 1558 Domesticum
851 1520 1139 1558 Numerorum.

268 1571 325 1612 A.
342 1572 514 1627 7.[193‚
536 1573 622 1628 17.]
651 1569 892 1613 κανδιδὰτοι
916 1572 1046 1621 πεζοί.
1106 1573 1216 1612 Infra
1242 1587 1286 1625 p.
1318 1572 1409 1613 138.
1451 1572 1604 1611 Dome-

160 1627 249 1667 ttici
283 1634 324 1666 et
349 1627 544 1667 Scholarii
584 1628 662 1668 τοῦ
687 1625 875 1680 malton,
905 1629 1121 1682 peditatus,
1149 1636 1440 1667 memorantur.
1497 1628 1604 1667 Nam

159 1681 229 1722 alii
255 1690 458 1737 equestres
485 1684 687 1723 candidati
723 1691 837 1723 erant
850 1713 863 1734 ,
896 1698 996 1750 quos
1031 1683 1152 1737 paulo
1183 1689 1276 1724 ante
1304 1683 1446 1723 Noster
1473 1683 1605 1722 nomi-

159 1737 284 1776 nabat
311 1735 585 1785 κανδιδοίτους
613 1739 955 1790 καβαλλαρικους.

272 1790 524 1849 A.8.[193‚
554 1793 640 1849 18.]
678 1793 917 1848 τριβοῦνοι,
967 1791 1158 1847 κόμητες.
1212 1793 1379 1833 Comma
1411 1793 1478 1832 hic
1516 1792 1597 1832 loci

158 1848 223 1888 M.
249 1847 409 1887 nullum
434 1849 710 1889 monstrabant
728 1879 740 1900 ,
768 1849 876 1888 unde
914 1849 1059 1902 colligo
1084 1882 1096 1901 ,
1123 1849 1347 1904 iungendos
1369 1862 1453 1888 esse
1483 1848 1603 1887 ambo

163 1901 303 1942 titulos
320 1932 333 1954 ,
373 1910 413 1942 et
442 1905 612 1945 tribunos
638 1906 793 1945 comites
824 1906 958 1945 classis
985 1906 1143 1946 eosdem
1163 1936 1176 1957 ,
1214 1919 1296 1944 non
1323 1904 1503 1944 diversos
1528 1903 1604 1943 tri-

161 1957 294 1997 bunos
321 1972 346 1997 a
372 1960 585 2010 comitibus
612 1960 746 2000 fuisse.
803 1961 900 2000 Vid.
931 1962 983 2000 ad
1011 1977 1054 2015 p.
1090 1974 1178 2000 120.
1209 1959 1266 1999 A.
1294 1959 1335 2003 6.

274 2012 330 2051 A.
362 2014 554 2069 11.[193,
576 2015 660 2069 2o.]
690 2014 932 2068 ἐξέρχονται
959 2015 1030 2064 εἰς.
1085 2017 1145 2055 Μ.
1168 2022 1319 2069 puncto
1340 2013 1517 2068 perfeeto
1542 2013 1607 2052 in·

167 2073 340 2122 tergesto
368 2071 573 2122 sequentia
600 2085 624 2110 a
651 2072 922 2124 superioribus
952 2079 1152 2126 separant.

277 2122 333 2162 A.
357 2123 564 2179 pen.[195
586 2156 597 2174 ,
632 2125 725 2180 an]
765 2123 817 2165 τὰ
855 2122 993 2167 λοιπὰ.
1050 2126 1117 2166 Ad
1161 2132 1335 2165 caeteros
1377 2123 1680 2165 coronatio-Ed.
1701 2127 1743 2164 1..
1776 2138 1825 2177 79

169 2176 232 2216 nis
257 2177 472 2231 imperialis
501 2182 603 2220 ritus
640 2189 776 2220 nostro
810 2182 1042 2236 praeteritos
1082 2182 1281 2235 pertinere
1308 2194 1467 2233 quoque
1493 2178 1609 2218 vide-

169 2238 239 2271 tur
263 2230 290 2285 ἧ
320 2231 518 2274 ὑπατεία.
571 2236 821 2289 Nicephorus
857 2238 1094 2277 Patriarcha
1128 2238 1171 2276 in
1212 2236 1292 2274 fine
1322 2234 1515 2274 Breviarii
1542 2234 1610 2273 hi-

168 2287 306 2327 storici
335 2302 504 2328 narrans
532 2290 841 2331 Constantinum
870 2293 1172 2347 copronymum
1199 2291 1281 2330 duo
1320 2290 1422 2330 filios
1464 2290 1611 2329 Caesa-

169 2356 236 2382 res
271 2350 312 2382 et
351 2358 479 2383 unum
516 2345 819 2386 Nobilissimum
861 2361 1012 2387 creasse
1030 2379 1041 2395 ,
1088 2349 1177 2387 ait:
1215 2341 1397 2398 προόδου
1426 2340 1532 2384 narni
1561 2339 1608 2384 rui

171 2394 326 2444 εἰωθὸς
350 2395 423 2438 ἐπὶ
446 2394 520 2450 τήν
549 2398 773 2454 καθολικὴν
799 2401 1016 2455 ἐκκλησίαν
1045 2403 1238 2456 [sanctam
1279 2401 1467 2452 Sophiam
1493 2397 1608 2453 puta]

171 2451 421 2506 γενομένης,
454 2450 659 2494 ὖπατειάν
689 2452 884 2508 ε’ποιήσαν
904 2487 915 2504 ,
945 2457 1019 2496 καί
1043 2460 1127 2503 τοῖς
1154 2454 1416 2507 παρελθοῦσι
1441 2451 1611 2506 χρήμα-

171 2519 228 2544 τα
255 2505 466 2559 διένειμαν
493 2508 540 2548 ἑκ
568 2510 646 2548 τοῦ
668 2511 871 2550 παλατίου
902 2509 1148 2562 ἀρξάμενοι,
1189 2509 1319 2563 μέχρι
1361 2509 1436 2561 τῆς
1466 2508 1612 2562 ἐκκλη-

174 2559 271 2606 σίας
297 2562 420 2602 τοῦτο
447 2562 743 2611 ἐπιτελοῦντες.
783 2565 964 2604 Notabile
988 2574 1074 2617 est,
1112 2566 1297 2620 hypatias
1333 2579 1404 2604 seu
1442 2578 1611 2604 munera

176 2616 400 2657 consularia
426 2633 564 2672 sparsa
590 2619 708 2660 fuisse
734 2622 777 2659 in
802 2621 1049 2674 processione
1075 2635 1100 2660 a
1124 2621 1272 2675 palatio
1289 2620 1341 2659 ad
1360 2620 1401 2663 S.
1418 2620 1612 2673 Sophiam

177 2681 318 2722 usque·
375 2674 498 2714 Forte
525 2675 632 2714 idem
662 2690 822 2730 quoque
850 2677 1028 2716 fecerunt
1062 2678 1104 2715 in
1135 2676 1266 2716 reditu
1295 2690 1340 2715 ex
1369 2674 1532 2714 ecclesia
1559 2674 1612 2713 ad

176 2724 385 2776 palatium.
443 2729 637 2784 Hypatias
670 2731 802 2771 adhuc
841 2731 974 2771 Basilii
1003 2731 1233 2772 Macedonis
1259 2738 1438 2784 tempore
1464 2732 1505 2769 in
1535 2742 1612 2768 usu
