1884 3132
345 112 456 184 706
659 128 731 170 10.
773 119 877 171 1Αο’.
918 130 1112 172 nmsxu
1149 129 1526 174 COMMENTARn

344 234 416 272 das
447 247 544 272 esse.
605 232 710 273 Hinc
749 242 843 273 nata
886 242 947 274 tot
992 234 1222 275 nominibus
1249 235 1406 275 diversa
1426 265 1438 285 ‚
1477 249 1522 274 re
1549 233 1716 285 eadem,
1747 241 1787 274 et

343 286 593 341 temporibus
623 303 784 342 quoque
812 292 939 328 vicina
968 290 1139 341 hilaria,
1171 291 1389 341 Brumalia‚
1418 289 1674 342 Saturnalia,
1701 291 1787 330 Ka-

345 344 487 383 lendae
528 344 764 392 Ianuariae,
814 346 950 395 Vota,
993 345 1078 384 ludi
1123 346 1283 384 Gothici
1324 353 1400 384 etc.
1427 346 1648 384 Fuerintne
1693 359 1787 384 cum

344 398 598 438 brumalibus
641 399 728 448 his,
770 414 905 440 mense
935 400 1155 440 Novembri
1193 408 1232 439 et
1259 400 1472 439 Decembri
1513 402 1636 448 actis,
1666 399 1788 439 iidem

345 455 553 493 brumacici
594 454 649 494 sic
692 454 786 494 dicti
805 485 815 505 ,
859 469 1002 508 nempe
1045 457 1128 495 dies
1149 485 1160 507 ,
1206 456 1246 494 in
1276 455 1450 508 Capitul.
1490 455 1626 508 Pipini
1670 454 1790 507 Regis

346 509 455 563 apud
483 510 550 548 Du
577 510 776 562 Cangium
804 525 846 549 v.
878 511 1099 550 Brztmatici
1116 541 1127 560 ‚
1174 525 1255 549 non
1295 510 1433 564 liquet.
1500 510 1660 550 Diversi
1687 510 1791 549 forte

347 565 497 604 suerint
520 594 531 613 ‚
562 579 703 603 verum
731 579 813 604 non
841 580 885 604 re
905 596 915 613 ‚
959 567 1025 605 sed
1055 574 1212 605 tantum
1238 574 1430 619 tempore.
1487 565 1604 605 Iuvat
1622 596 1635 616 ,
1663 578 1790 618 quum

348 622 390 659 in
420 633 467 659 eo
508 627 743 673 argumento
792 635 994 659 versemur
1015 651 1027 672 ,
1067 622 1116 660 ad
1154 621 1287 660 locum
1332 620 1446 659 illum
1470 620 1790 661 observationem

349 675 524 729 aliquam
569 675 830 729 adspergere:
873 677 922 714 de
955 677 1088 715 hravis
1119 678 1199 715 illis
1224 677 1463 725 hominibus,
1503 677 1572 726 (ita
1598 677 1792 729 praecipit

349 745 417 770 rex
443 731 655 784 Pipinus,)
686 733 759 786 (sni
782 732 1012 770 brumaticos
1034 733 1163 771 colunt
1180 762 1192 782 ,
1224 741 1262 769 et
1284 731 1333 769 de
1360 731 1580 770 hominibus
1599 733 1675 770 suis
1703 731 1792 769 sub-

349 795 411 825 tus
451 787 589 824 maida
617 801 743 824 cereos
775 787 1010 834 accendunt,
1069 797 1107 826 et
1139 796 1247 826 votos
1282 795 1437 824 vovent.
1496 787 1697 826 Dicuntur
1725 784 1794 824 hic

352 841 476 894 aliqui
509 842 558 879 de
575 842 790 880 hominibus
807 843 884 879 suis
898 856 1022 880 cereos
1040 843 1110 880 sub
1122 843 1258 880 maida
1274 841 1481 880 accendere
1498 850 1536 880 et
1545 851 1654 881 votos
1671 855 1794 880 vove-

352 911 410 935 re.
435 897 543 947 Quid
568 896 665 934 haec
690 897 763 934 sibi
780 896 951 935 volunt?
979 898 1044 935 De
1056 898 1273 937 hominibus
1291 903 1349 935 est
1370 896 1510 949 procul
1537 896 1661 936 dubio
1685 895 1794 935 idem

353 959 472 1004 atquc
514 966 558 990 ro
573 952 803 999 hominibus,
824 966 901 1006 pro
923 953 1046 990 salute
1067 954 1265 990 hominum
1282 982 1293 1001 ,
1327 950 1533 1003 gentilium
1547 981 1558 1002 ,
1587 950 1797 990 familiari-

353 1021 440 1056 um,
463 966 769 1044 ‹ssmesticorum
786 1021 964 1044 suorum.
995 1007 1139 1045 Mm‘da
1154 1013 1324 1056 vero‚est
1340 1020 1414 1044 vox
1442 1008 1603 1059 antiqua
1622 1008 1795 1045 Germa-

352 1064 444 1100 nica
473 1069 541 1099 aut
569 1061 788 1109 Fiancica,
819 1061 989 1099 betulam
1021 1063 1257 1114 significans.
1313 1061 1396 1099 Nos
1425 1061 1556 1100 adhuc
1586 1060 1794 1114 aliquanto

354 1116 517 1155 brevius
547 1116 664 1166 llIeye
694 1116 876 1154 dicimus.
937 1116 1126 1155 Solebant
1155 1125 1286 1155 autem
1315 1130 1457 1168 pagani
1487 1130 1620 1155 cereos
1648 1115 1796 1154 arden-

354 1179 416 1210 tes
461 1171 536 1209 sub
579 1171 789 1209 arboribus
818 1185 964 1223 ponere
999 1179 1067 1210 aut
1105 1172 1154 1210 de
1182 1172 1300 1210 ramis
1333 1171 1524 1210 arborum
1552 1171 1790 1224 appendere.

357 1226 510 1265 Charta
527 1232 642 1264 vetus
672 1226 778 1278 apud
807 1225 972 1264 Salmas.
1001 1227 1052 1264 T.
1079 1227 1131 1264 ll.
1151 1227 1297 1279 Script.
1331 1226 1434 1264 Hist.
1467 1226 1576 1280 Aug.
1609 1241 1649 1279 p.
1670 1225 1792 1266 802.:

357 1282 488 1320 nullus
527 1281 769 1319 Christianus
811 1281 869 1318 ad
886 1282 999 1332 μῘὶιηα
1027 1283 1094 1320 vel
1122 1282 1179 1320 ad
1208 1291 1344 1337 petras
1373 1290 1441 1319 aut
1467 1282 1525 1319 ad
1547 1282 1689 1333 sontes
1730 1280 1798 1319 vel

358 1337 417 1375 ad
449 1336 607 1374 arbores
639 1344 706 1374 aut
731 1335 789 1374 ad
812 1336 1002 1374 cancellos
1030 1338 1098 1376 vel
1123 1352 1200 1392 pet·
1237 1336 1359 1376 trivia
1393 1336 1609 1375 luminaria
1641 1336 1791 1383 facim,

360 1400 434 1431 aut
460 1400 553 1429 vota
585 1391 746 1429 reddere
783 1392 979 1445 suscipiat.

471 1446 516 1484 In
546 1445 797 1484 brumalibus
839 1447 1090 1485 consuevisse
1132 1459 1316 1498 proceres
1363 1446 1548 1484 convivio
1591 1445 1716 1499 excipi
1757 1451 1798 1484 et

359 1503 535 1541 nummis
555 1530 566 1548 ,
597 1500 774 1539 vestibus
797 1530 807 1551 ,
838 1500 1014 1540 bellariis
1042 1500 1208 1553 aliisque
1233 1502 1381 1539 solatiis
1411 1500 1474 1553 (ut
1501 1501 1633 1540 Latini
1661 1500 1798 1553 appel-

361 1556 471 1605 lant,
501 1557 641 1594 Graeci
658 1570 704 1594 ea
720 1552 961 1606 ιίντιλῆψεις
982 1555 1199 1605 dicebant3)
1221 1556 1377 1601 donari,
1406 1562 1514 1608 patet
1541 1570 1586 1595 ex
1617 1556 1694 1595 hoc
1714 1556 1799 1594 No-

364 1612 436 1651 stri
469 1611 557 1650 loco
587 1618 625 1649 et
653 1617 739 1649 toto
773 1610 851 1649 hoc
880 1612 1024 1664 capite,
1055 1626 1135 1664 quo
1163 1611 1406 1650 brumalium
1434 1612 1536 1649 ritus
1563 1610 1799 1650 describun-

362 1675 446 1706 tur.
505 1666 587 1704 Alii
615 1680 776 1720 quoque
804 1666 926 1704 moris
955 1666 1072 1706 huius
1105 1668 1347 1705 mentionem
1378 1664 1545 1704 faciunt.
1577 1665 1800 1705 Continua-

362 1730 428 1761 tor
459 1721 717 1773 Theophanis
743 1736 785 1774 p.
809 1734 878 1774 91.
907 1735 1054 1760 nomen
1081 1721 1253 1760 cubiculi
1284 1720 1492 1786 Porphyra
1522 1719 1618 1759 dicti
1646 1720 1802 1759 derivat

366 1792 412 1816 ex
441 1790 504 1827 eo,
531 1777 639 1829 quod
657 1776 860 1829 Augustae
890 1778 1166 1816 consueverint
1194 1776 1248 1815 ibi
1278 1772 1324 1814 τὸ
1358 1773 1447 1824 ὀξυ,
1479 1785 1622 1815 vestem
1645 1790 1801 1831 purpu-

365 1846 492 1881 ream,
526 1832 629 1870 inter
655 1845 796 1870 uxores
821 1845 1032 1883 procerum
1068 1832 1182 1870 aulae
1222 1831 1486 1870 distribuere:
1539 1826 1630 1882 ἥτις
1650 1860 1663 1881 ,
1714 1832 1798 1878 ait,

367 1882 479 1925 οὕτω
508 1885 669 1938 λέγεται
697 1882 765 1925 διὰ
795 1887 839 1925 τὸ
879 1882 952 1937 τήν
981 1885 1200 1926 δέσποιναν
1225 1887 1358 1924 ἐκεῖσε
1387 1882 1559 1924 ἔκπαλαι
1590 1885 1802 1934 διανέμειν

366 1938 414 1980 τὸ
446 1937 516 1989 ὀξὺ
546 1943 638 1986 ταῖς
667 1938 960 1992 ἀρχοντίσσαις
986 1938 1093 1980 κατὰ
1120 1937 1191 1980 τὸν
1232 1939 1312 1979 τῶν
1339 1939 1609 1991 βρουμαλίων
1635 1935 1799 1991 καιρόν.

366 1996 485 2037 Idem
514 2003 652 2034 auctor
679 1995 766 2035 loco
809 2010 927 2048 supra
955 1996 1075 2035 citato
1107 1996 1414 2034 Constantinum
1441 1994 1804 2048 Porphyrogenne-

367 2058 456 2090 tum
485 2052 631 2089 inrsuo
668 2050 840 2089 brumali
869 2050 1022 2089 dedisse
1049 2051 1283 2103 proceribus
1328 2052 1453 2089 serica
1479 2049 1619 2103 pallia,
1649 2051 1804 2103 argenti

369 2107 455 2145 cusi
474 2106 646 2144 immane
666 2113 859 2158 quantum
875 2136 885 2153 ‚
915 2113 1041 2145 vestes
1069 2103 1301 2157 ἁλουργεῖς,
1329 2119 1550 2158 purpureas
1577 2111 1646 2143 aut
1671 2105 1805 2158 potius

368 2161 462 2200 lana
489 2163 643 2199 marina
672 2161 816 2210 factas,
861 2167 899 2199 et
940 2160 1047 2214 ligna
1085 2160 1221 2199 Indica
1266 2160 1480 2213 fragrantia
1525 2157 1804 2212 (καπνίσματα

369 2216 516 2255 Noster
544 2215 746 2268 appellat).
824 2215 934 2254 Idem
965 2216 1120 2254 Auctor
1147 2230 1184 2268 p.
1203 2213 1272 2268 87.
1302 2214 1456 2268 penult.
1486 2222 1664 2267 tempore
1681 2213 1803 2252 Dexi-

370 2285 531 2309 morum
549 2301 562 2320 ,
589 2285 714 2323 quum
743 2270 878 2309 liceret
906 2270 1055 2322 populo
1095 2271 1382 2323 Imperatorem
1411 2270 1450 2308 in
1482 2269 1599 2308 Circo
1626 2268 1806 2320 excipere

372 2333 412 2364 et
440 2328 646 2375 venerari,
687 2325 794 2378 quod
840 2326 958 2363 etiam
998 2325 1039 2363 in
1063 2324 1313 2364 brumalibus
1362 2325 1507 2371 fiebat,
1539 2325 1594 2362 ait
1619 2321 1804 2362 Phialam

372 2394 442 2419 seu
471 2380 603 2419 lacum
631 2380 735 2418 Circi
771 2379 933 2432 plenum
954 2379 1088 2419 -fuisse
1126 2381 1320 2433 pistaciis,
1360 2377 1604 2432 amygdalis,
1643 2378 1800 2430 pineis,

372 2435 469 2474 item
498 2435 658 2474 condito
677 2463 689 2485 ,
733 2435 775 2472 id
822 2442 879 2474 est
914 2435 1009 2473 vino
1036 2436 1231 2474 medicato
1251 2464 1262 2483 ‚
1294 2435 1484 2474 odoribus
1521 2431 1585 2471 vel
1622 2433 1806 2485 pigmen-

372 2491 424 2528 tis
474 2491 534 2536 (ut
578 2489 846 2542 loquebantur
890 2489 1020 2529 medio
1065 2493 1183 2540 aevo)
1230 2504 1300 2529 seu
1346 2486 1590 2528 aromatibus
1632 2487 1804 2538 infecto,

375 2544 483 2595 quod
519 2544 698 2583 efflueret
751 2558 772 2582 e
825 2558 991 2583 cucuma
1045 2559 1165 2585 aenea
1183 2574 1194 2592 ‚
1238 2545 1404 2597 siphone
1447 2543 1487 2582 in
1527 2540 1608 2579 imo
1653 2541 1805 2580 instru-

377 2605 440 2635 cta
463 2628 475 2648 ,
534 2607 573 2637 et
629 2600 680 2637 ad
724 2598 878 2637 strobili
934 2599 1100 2638 modum
1165 2599 1408 2638 conformata
1431 2626 1444 2648 ,
1509 2609 1637 2648 eoque
1688 2595 1805 2649 phia-

375 2650 456 2690 lam
481 2653 590 2691 illam
611 2654 835 2700 miscuisse,
865 2653 907 2692 id
939 2660 996 2692 est
1005 2654 1234 2706 profudisse
1252 2654 1421 2706 (respicit
1444 2650 1494 2689 ad
1521 2651 1738 2701 conditum)
1765 2657 1807 2690 εἰ

378 2707 607 2759 praebuisse
634 2717 958 2762 argumentorum
999 2707 1213 2748 hilaritatis
1243 2713 1284 2747 et
1323 2706 1429 2747 unde
1456 2706 1572 2760 genio
1598 2705 1808 2760 indulge·-
