1884 3132
339 122 464 188 684
621 141 694 182 10.
736 141 842 184 1Ac,
883 143 1078 184 mnsxu
1120 142 1499 185 commisi-Anu

341 246 415 298 τῆς
443 245 716 314 προκειμένης]
752 244 797 285 ἐν
839 246 895 300 τῷ
932 246 1188 303 περιβλέπτῳ
1224 247 1373 302 χρυσῷ
1414 246 1602 302 τρικλίνῳ
1620 246 1785 301 χρυσῆς

340 300 576 352 τραπέζης,
611 301 655 340 ἐν
681 317 712 355 ῳ
743 299 816 340 καί
847 299 892 340 τό
923 301 1150 354 περιφανὲς
1187 303 1322 354 κτῆμα
1350 303 1424 341 τοῦ
1447 302 1613 355 χρυσοῦ
1637 315 1785 349 πεντα-

346 355 524 406 πυργίου
555 356 598 402 ἐς
613 353 736 407 τιμήν
763 357 978 409 προετέθη.
998 358 1100 395 Veni
1120 359 1295 409 primum
1325 358 1364 396 in
1393 357 1785 410 eam‘cogitationem,

344 411 463 449 fuisse
492 411 805 464 Pentapyrgium
834 412 1059 451 machinam
1083 410 1253 465 ligneam
1281 413 1331 451 ad
1362 414 1488 452 instar
1514 410 1784 453 castellinum

344 466 526 504 turribus
544 495 555 515 ‚
585 467 818 516 moenibus,
857 468 981 519 portis
1020 474 1233 515 structam,
1276 474 1457 519 (castrum
1482 469 1688 506 honestatis
1713 481 1783 520 ap-

343 520 578 574 pellabant,)
613 522 652 559 in
695 521 803 576 quod
845 521 1078 562 domicellae
1109 523 1260 562 includi
1290 530 1329 562 et
1356 524 1480 576 panni
1508 523 1671 574 pretiosi
1696 536 1785 561 sus-

344 577 466 629 pendi
493 577 699 628 solebant,
739 583 787 615 ut
828 585 1051 631 expugnata
1093 576 1164 616 tali
1193 592 1284 617 arce
1311 592 1334 616 a
1363 577 1555 617 militibus
1582 576 1784 616 nobilissi-

345 632 422 670 mis
461 633 653 684 cuiusque
698 640 800 671 esset
824 633 932 685 quod
960 634 1181 685 rapuisset3
1209 633 1327 687 quale
1354 635 1647 672 imitamentum
1674 631 1786 671 velut

345 686 555 726 missilium
586 694 764 726 veterum
781 690 822 726 in
851 703 926 727 usu
955 688 1075 727 fuisse
1092 687 1198 741 apud
1227 688 1489 728 occidentales
1515 702 1614 727 aevo
1639 687 1785 737 medio,

346 749 512 794 apparet
559 756 581 780 e
622 742 805 781 Rolando
843 743 1065 792 Patavino,
1110 746 1223 783 cuius
1263 743 1397 783 locum
1445 743 1496 782 cl.
1541 743 1786 782 Muratorius

346 797 448 836 Ant.
481 797 569 835 Ital.
597 798 647 836 T.
680 798 731 840 ΙΙ.
760 813 798 851 p.
817 798 913 846 [μδ.
947 806 986 837 et
1013 797 1108 852 857.
1139 798 1288 845 retulit,
1319 807 1359 837 et
1386 813 1430 838 ex
1461 799 1626 837 Henrici
1644 798 1779 846 VIII.,

340 854 450 905 >regis
478 853 659 904 Angliae,
687 854 769 892 vita
797 867 956 906 quoque
974 883 985 903 ,
1015 868 1135 906 quem
1163 853 1429 893 simili‘modo
1457 860 1631 892 castrum
1659 851 1786 905 ligne·

345 921 416 945 um
444 907 590 946 mobile
619 907 761 947 ludicri
791 923 908 947 eausa
937 909 1244 961 expugnandum
1273 910 1352 948 suis
1380 908 1611 962 proceribus
1637 922 1784 961 propo-

343 964 497 1012 suisse,
546 963 712 1001 tradunt
739 963 859 1015 Angli
911 965 1140 1016 scriptores.
1205 965 1359 1003 Verum
1405 978 1529 1018 quum
1557 972 1599 1015 p.
1629 961 1715 1003 118.
1734 962 1784 1002 A.

346 1019 472 1056 nostri
488 1018 643 1056 Codicis
671 1018 826 1056 dicatur
841 1018 915 1056 sub
929 1019 1197 1072 Pentapyrgio
1219 1019 1368 1058 stetisse
1395 1018 1634 1072 grabbatum
1660 1019 1785 1070 impe-

340 1071 503 1123 ,rialem‚
534 1080 573 1111 et
600 1088 640 1126 p.
662 1073 753 1115 356.
771 1074 816 1111 C.
843 1073 1091 1112 describatur
1118 1081 1163 1111 ut
1191 1075 1424 1124 armmium,
1453 1073 1604 1112 habens
1631 1072 1787 1111 diversa

348 1127 528 1166 tabulata
545 1157 556 1177 ,
592 1142 613 1166 e
639 1142 720 1180 quo
742 1130 914 1180 pretIOSa
946 1143 1126 1181 quaeque
1154 1128 1307 1167 cimelia
1334 1128 1630 1182 dependerent:
1661 1127 1787 1181 liquet

340 1184 568 1233 ‚armarium
598 1183 716 1222 fuisse
743 1184 920 1236 quinque
949 1191 1132 1222 constans
1160 1185 1262 1222 areis
1285 1214 1294 1231 ,
1327 1183 1491 1236 singulis
1515 1183 1680 1231 turritis,
1712 1184 1788 1222 tri-

340 1237 425 1288 vbus
453 1238 553 1277 forte
599 1240 640 1277 in
677 1238 848 1277 frontem
883 1240 1102 1291 porrectis,
1168 1239 1324 1276 duobus
1369 1246 1500 1277 autem
1528 1236 1784 1290 lateralibus,

347 1292 426 1334 sub
443 1307 614 1345 quorum
644 1294 789 1340 medio,
821 1300 866 1331 ut
879 1295 1049 1333 maximo
1069 1301 1107 1332 et
1135 1293 1362 1340 celsissimo,
1393 1294 1544 1332 steterit
1572 1292 1788 1345 grabbatus

342 1348 590 1400 ¹imperialis,
622 1362 702 1387 non
741 1363 895 1401 semper
934 1349 1154 1401 expositum
1183 1350 1438 1402 conspectui,
1466 1347 1535 1387 sed
1561 1354 1717 1388 tantum
1744 1349 1788 1386 in

348 1404 571 1456 praecipuis
599 1403 739 1442 diebus
767 1403 874 1442 sestis
894 1434 905 1454 ‚
934 1404 1258 1458 quandoquidem
1287 1405 1322 1442 ei
1352 1418 1388 1456 p.
1409 1404 1503 1457 339.
1543 1402 1596 1441 A.
1635 1417 1696 1442 ιο.
1739 1397 1787 1441 τό

348 1455 618 1497 ἀδιάλειπτον
660 1457 733 1496 καί
776 1458 873 1497 καθ’
914 1457 1074 1510 ἡμέραν
1102 1454 1320 1508 ἱστάμενον
1349 1457 1523 1510 πυργίον
1552 1459 1780 1511 opponitur,

348 1514 534 1552 turricula
552 1528 620 1552 seu
636 1515 854 1552 armar-ium
871 1515 1048 1552 turritam
1068 1515 1327 1553 indesinenter
1341 1522 1379 1551 et
1395 1513 1567 1568 quotidie
1588 1522 1787 1566 prostans.

348 1567 542 1607 Solebant
583 1576 734 1608 veteres
753 1583 914 1623 quoque
943 1570 1083 1607 Graeci
1104 1569 1257 1607 arculas
1295 1582 1431 1606 rerum
1458 1567 1722 1621 pretiosarum
1749 1575 1789 1606 et

349 1620 584 1662 eximiarum
614 1625 665 1663 ad
711 1624 876 1662 modum
904 1627 1078 1662 turrium
1106 1637 1335 1677 comparare
1381 1630 1419 1661 et
1465 1621 1715 1674 πυργίσκους
1742 1637 1789 1662 ex

352 1693 401 1729 eo
430 1678 644 1731 appellare.
704 1679 983 1718 Artemidorus
1013 1681 1045 1717 1.
1069 1679 1134 1734 76.
1166 1694 1204 1732 p.
1226 1677 1307 1729 64>
1332 1692 1365 1716 1.
1406 1676 1549 1723 κίστας
1584 1674 1657 1716 καί
1682 1691 1788 1728 πυρ-

350 1732 524 1784 γίσκους
553 1734 625 1773 καί
650 1730 1030 1787 θησαυροφυλάκια
1060 1736 1202 1788 iungit.
1261 1734 1316 1772 Et
1342 1734 1384 1771 in
1413 1730 1568 1784 angulis
1596 1733 1790 1770 atriorum

350 1788 451 1827 tales
479 1803 589 1828 arcas
618 1791 782 1828 turritas
810 1789 994 1828 collocari
1019 1788 1154 1829 solitas
1184 1789 1316 1833 fuisse,
1350 1794 1488 1826 auctor
1517 1793 1575 1825 est
1603 1785 1790 1826 Chronic-

351 1844 586 1883 Cassinense
621 1843 802 1896 111.34.‚
839 1847 951 1883 cuius
981 1845 1076 1893 haee
1116 1851 1208 1883 sunt
1235 1842 1389 1882 verba:
1430 1841 1636 1880 aedeculae
1673 1841 1788 1891 illae,

350 1914 448 1953 quas
474 1901 598 1938 instar·
628 1901 791 1938 turritan
816 1901 858 1938 in
883 1901 980 1938 atrii
1013 1900 1188 1938 discimus
1215 1898 1370 1950 angulis
1392 1898 1623 1936 constitutas.
1676 1895 1790 1939 The-

355 1968 425 1992 eae
455 1962 661 2008 propterea
679 1986 690 2002 ,
732 1956 774 1993 in
815 1955 960 2009 quibus
989 1953 1229 1993 Venerabile
1248 1983 1259 2002 ,
1287 1960 1335 1991 ut
1363 1951 1565 2005 appellant
1582 1981 1594 2002 ,
1624 1957 1663 1989 et
1688 1950 1790 1990 San-

352 2016 509 2047 ctorum
540 2010 730 2063 reliquiae
774 2016 1052 2060 asservantur,
1093 2009 1190 2048 olim
1233 2007 1436 2047 habebant
1465 2005 1683 2046 turriculae
1709 2005 1791 2044 for-

352 2077 473 2102 mam.
495 2064 657 2104 Glossae
669 2066 743 2104 Gr.
774 2066 864 2103 Lat.
895 2063 1113 2116 πυργίσκοι
1141 2071 1259 2117 atque
1297 2057 1582 2114 πυργισκάρια
1623 2061 1790 2099 narr-icu—

354 2119 420 2157 lae
449 2126 488 2158 et
522 2122 701 2159 armaria
729 2120 928 2169 reddunt3
957 2133 999 2158 v⁴
1015 2120 1082 2157 Du
1103 2118 1297 2172 Cangium
1326 2117 1378 2156 ad
1395 2115 1597 2155 Silentiar.
1625 2129 1666 2168 p.
1692 2113 1787 2168 574.

354 2174 452 2212 Vid.
481 2174 532 2212 ad
560 2190 599 2227 p.
621 2174 687 2225 42.
708 2175 762 2213 D.
787 2189 825 2228 7.
851 2175 972 2212 dicta.
1030 2175 1147 2213 luvat
1165 2173 1242 2212 hac
1273 2173 1480 2212 occasione
1500 2184 1660 2217 >morem
1676 2199 1689 2220 ,
1717 2183 1789 2208 cu-

354 2227 489 2267 bicula
511 2260 522 2275 ‚
553 2230 746 2278 tentoria,
777 2230 952 2283 porticus
969 2259 980 2276 ,
1010 2230 1053 2267 in
1080 2229 1226 2282 quibus
1255 2228 1480 2281 explicitum
1505 2240 1623 2265 suum
1650 2223 1788 2263 luxum

355 2291 397 2322 et
424 2298 518 2336 opes
546 2292 745 2324 ostentare
772 2285 920 2324 vellent
947 2291 1112 2334 veteres,
1148 2284 1323 2323 vestibus
1349 2281 1546 2336 pretiosis,
1571 2282 1666 2319 item
1691 2280 1789 2317 mis-

355 2341 472 2377 soriis
512 2353 581 2378 seu
596 2369 606 2388 ‚
652 2341 858 2379 vetustiori
883 2346 1085 2392 tempore,
1115 2341 1235 2378 scutis
1252 2368 1264 2389 ,
1293 2351 1395 2391 quae
1422 2351 1447 2375 a
1470 2334 1656 2375 missoriis
1684 2333 1788 2385 figu-

357 2406 403 2431 ra
437 2408 581 2447 parum
610 2394 800 2434 differunt
818 2424 829 2445 ,
865 2395 993 2434 aureis
1025 2401 1064 2433 et
1094 2395 1288 2447 argenteis
1316 2391 1516 2439 ornandi,
1542 2404 1588 2428 ex
1614 2389 1790 2441 antiqui-

355 2454 437 2486 tate
479 2457 655 2502 repetere
698 2457 737 2488 et
761 2464 852 2488 cum
880 2449 968 2488 loco
995 2449 1073 2488 hoc
1115 2456 1253 2488 nostro
1290 2447 1406 2486 illum
1449 2444 1647 2484 Athenaei
1677 2457 1787 2481 com-

358 2517 500 2555 parare
517 2533 528 2553 ,
558 2519 638 2557 quo
665 2507 883 2543 tentorium
912 2504 1101 2543 describit
1123 2503 1247 2554 illud,
1277 2516 1356 2555 quo
1383 2499 1630 2540 Ptolemaeus
1657 2497 1789 2536 Phila-

357 2557 527 2609 delphus
555 2559 769 2612 aliquando
798 2559 1062 2599 Alexandriae
1089 2560 1276 2598 convivas
1301 2554 1525 2608 excipiebat.
1553 2553 1679 2592 Cuius
1695 2566 1788 2605 par«-

354 2618 438 2649 rtem
478 2614 754 2653 tantummodo
799 2615 979 2667 exiguam
1017 2614 1184 2652 referam
1204 2642 1215 2663 ,
1252 2619 1380 2650 totum
1420 2608 1497 2660 legi
1524 2606 1658 2646 velim.
1692 2606 1790 2646 -Est

358 2664 406 2702 L.
428 2666 479 2703 V.
541 2668 696 2722 .196.:
739 2668 782 2707 ἐν
821 2672 911 2714 ταῖς
942 2665 1022 2707 α’νὰ
1060 2668 1188 2718 μέσον
1221 2661 1383 2716 χώραις
1421 2661 1547 2716 [iuter
1573 2661 1790 2725 ⁸columnas

360 2682 534 2774 nempe-f
553 2723 718 2774 πίνακες
745 2723 828 2763 τῶν
856 2722 1117 2766 Σικυωνικῶν
1149 2717 1404 2777 ζωγράφων,
1435 2717 1610 2770 ἑναλλαξ
1639 2715 1676 2756 δ’
1701 2714 1791 2761 ἐπί-
