1884 3132
186 144 262 187 An
303 144 600 188 consa-m.
634 143 832 187 pom’n.
870 146 942 187 m:
982 145 1162 188 cmm.
1203 145 1300 187 Lm.
1340 146 1393 186 n.
1435 124 1548 182 635

114 254 225 286 ctum
250 245 386 285 fuisse.
459 245 564 284 Nam
594 247 775 298 quamvis
815 247 984 285 mmm
1012 252 1126 285 notat
1152 245 1252 285 illud
1279 243 1519 285 vocabulum
1533 275 1547 296 ‚

115 308 331 354 usurpatur
355 307 488 339 tamen
517 295 752 351 κεραννύειν
781 301 942 339 Graecis
970 307 1009 339 et
1035 303 1194 341 miscere
1221 301 1373 340 Latinis
1400 302 1550 354 pariter

112 369 189 409 pro
216 357 255 394 in
277 355 420 394 undere
452 355 646 407 liquorem
677 354 716 392 in
742 369 812 394 vas
850 369 1126 408 quemcunque
1173 356 1347 395 tandem.
1402 356 1547 398 Exem-

115 409 184 463 pla
209 410 323 450 dedit
351 411 418 448 Du
446 410 581 462 Gange
608 424 651 447 v.
681 409 860 449 Miscere.
931 410 1159 449 Homerus:
1190 406 1330 449 ἔλαιον
1357 410 1548 462 θυμῆρες

110 462 327 515 κεράσασα
354 459 461 502 κατοὶ
498 463 647 516 κρατός
673 477 717 502 τε
745 461 818 502 καί
851 456 977 514 ὤμων
995 492 1007 515 ,
1035 465 1250 515 defundens
1284 465 1410 504 oleum
1431 480 1549 519 super

110 513 229 573 caput
258 527 298 557 et
335 520 526 558 humeros.
597 519 701 556 Hinc
739 518 886 568 κρᾶσις
924 525 984 558 est
1008 521 1125 558 novis
1151 520 1311 558 Graecis
1338 533 1455 558 omne
1485 521 1545 558 vi-

113 587 239 624 num,
268 587 422 612 merum
450 572 611 625 perinde
651 587 697 611 ac
725 574 892 612 mixtum
910 602 922 623 ‚
956 580 996 612 et
1022 575 1115 627 quia
1141 574 1240 612 meri
1267 573 1411 613 haustu
1438 574 1543 613 sole-

112 627 211 666 bant
256 628 503 675 deieiunare,
546 635 753 680 propterea
792 628 940 681 κρᾶσιν
979 628 1110 667 πίνειν
1137 630 1231 681 ipsis
1272 636 1331 668 est
1373 630 1542 681 ientari,

42 689 47 693 ’
111 679 327 733 γεύεσθαι.
381 682 512 721 Gloss.
530 682 798 731 Graecobarb.
830 682 948 736 (apud
974 682 1041 721 Du
1057 683 1251 736 Cangium
1278 697 1320 722 v.
1349 683 1541 734 πίννειν);

112 734 278 787 γεύεται
297 766 308 784 ,
338 730 368 788 ἢ
393 734 598 788 γεύγεται,
628 731 654 788 ἢ
682 737 792 776 πίνει
818 738 983 790 κρᾶσιν.
1015 737 1251 777 Constitisse
1277 744 1409 777 autem
1438 740 1546 792 ipso·

111 804 202 829 rum
242 785 421 844 ἄκρατον
463 805 532 829 seu
577 791 820 830 ientaculum
862 795 904 831 in
931 792 1077 831 haustu
1116 794 1214 842 vini,
1242 800 1351 845 patet
1379 807 1425 832 ex
1454 793 1544 833 loco

112 845 294 885 Cinnami
322 860 366 898 p.
390 845 478 884 158.
497 846 598 896 fine,
632 846 944 900 ubiDiouysius,
966 845 1207 886 Hunnorum
1234 848 1328 895 dux,
1359 849 1402 886 in
1430 862 1541 888 arma

110 913 204 939 suos
230 901 289 938 ire
315 907 356 938 et
390 896 470 939 σὺν
515 898 704 954 εἰρωνείᾳ
728 901 857 955 πολλῇ
883 901 1182 953 α’κρατιζεσθαι
1209 899 1421 941 ἐκέλευσεν
1441 932 1454 954 ‚
1484 902 1544 950 εἰς

109 951 271 1004 ὑγιείαν
297 953 381 994 τῶν
419 951 637 1004 Ῥωμαίων
677 956 976 1006 προσιεμένους
1003 953 1050 994 τὸ
1081 953 1265 1007 ἔκπομα,
1297 954 1334 995 οἱ
1366 956 1412 997 δὲ
1440 956 1546 997 dva-

110 1004 280 1055 στάντες
307 1003 423 1048 ἔπιόν
449 1022 495 1048 τε
539 1008 611 1047 καί
637 1009 682 1049 ἐν
707 1014 792 1056 τοῖς
820 1005 963 1056 ὅπλοις
989 1008 1187 1062 ἐγίνοντο.
1244 1011 1384 1050 Unum
1411 1013 1542 1052 adhuc

110 1069 171 1108 est
193 1063 299 1116 quod
326 1063 469 1102 addam
499 1063 550 1103 de
577 1065 757 1104 versione
786 1064 1000 1104 Leichiana
1020 1064 1138 1105 huius
1166 1066 1368 1106 vocabuli.
1425 1068 1543 1117 Quae

109 1117 183 1156 etsi
209 1118 308 1156 mihi
334 1132 416 1157 non
451 1118 644 1171 probatur
663 1148 675 1170 ‚
704 1122 835 1172 potuit
860 1127 994 1159 tamen
1021 1120 1072 1160 V.
1100 1121 1172 1171 D.‚
1202 1128 1248 1160 ut
1273 1120 1543 1172 κραματίζειν

110 1186 186 1225 pro
221 1173 470 1225 confabulari
508 1175 728 1227 acciperet,
762 1175 951 1215 inducere
990 1189 1084 1214 usus
1109 1176 1222 1215 verbi
1250 1178 1408 1215 miscere
1435 1177 1545 1229 apud

113 1227 276 1266 Latinos
301 1227 432 1267 medio
463 1242 586 1279 aevo,
614 1228 775 1281 quando
801 1231 962 1270 miscere
988 1229 1152 1283 simplex
1179 1230 1286 1270 idem
1314 1238 1398 1271 erat
1424 1238 1545 1285 atque

106 1283 264 1320 mtsoeoe
285 1296 500 1333 sermones-3
528 1298 569 1322 v.
600 1285 667 1322 Du
687 1284 818 1337 Gange
846 1285 913 1324 Gl.
942 1285 1033 1324 Lat.
1066 1285 1105 1327 h.
1135 1300 1176 1325 v.

194 1336 287 1375 325.
304 1337 359 1376 D.
381 1338 422 1376 6.
468 1338 650 1390 Inscript.
693 1353 782 1391 cap.
811 1339 928 1379 XIV.
973 1339 1091 1394 [564,
1114 1342 1173 1394 m]
1202 1340 1436 1395 χειροτονίᾳ
1464 1354 1547 1379 πα·-

109 1384 329 1441 τριάρχου.
399 1392 461 1430 De
504 1393 649 1431 ritibus
699 1393 900 1432 electionis
941 1394 1191 1447 patriarchae
1235 1395 1388 1433 CPtani
1429 1395 1547 1434 multi

110 1444 262 1495 multa,
294 1452 340 1483 ut
382 1446 581 1485 Habertus
623 1447 664 1484 in
693 1447 916 1486 Pontificali
952 1455 991 1487 et
1018 1449 1085 1487 Du
1113 1449 1246 1502 Gange
1277 1463 1319 1487 v.
1349 1445 1543 1501 Μήνυμα

112 1506 154 1550 et
180 1494 451 1550 Πρόβλησις,
500 1515 599 1553 quos
627 1501 693 1540 hic
727 1502 945 1541 exscribere
971 1502 1081 1541 nolo.
1137 1504 1199 1543 De
1225 1517 1324 1542 voce
1352 1505 1544 1543 Patriar-

110 1555 185 1592 cha
213 1554 255 1591 id
282 1568 406 1592 unum
437 1555 566 1594 adhuc
602 1563 722 1607 noto,
767 1557 1020 1610 repetendam
1046 1571 1134 1595 eam
1171 1572 1255 1598 esse
1283 1558 1402 1606 inde,
1433 1558 1543 1611 quod

108 1607 176 1647 ille
198 1610 249 1647 sit
285 1605 307 1647 ὃ
337 1602 480 1660 ἄρχων
526 1609 609 1648 τῶν
638 1608 834 1663 πατρίων,
864 1613 1120 1651 institutorum
1149 1616 1370 1666 patriorum
1399 1615 1542 1653 rituum

107 1677 136 1701 a
164 1663 378 1702 maioribus
405 1665 464 1702 ad
486 1674 660 1718 posteros
682 1668 992 1705 transmissorum
1014 1697 1025 1714 ‚
1052 1663 1247 1719 ἐξηγητής
1269 1664 1344 1705 καὶ
1371 1664 1510 1720 φύλαξ
1526 1697 1539 1717 ,

106 1717 334 1767 ordinator,
362 1721 541 1772 praeitor·
560 1728 598 1757 et
620 1729 754 1759 custos.
814 1722 959 1760 Notum
987 1717 1040 1759 τὰ
1090 1717 1243 1771 πάτρια
1282 1724 1537 1769 ceremonias,

109 1773 291 1811 instituta
318 1775 426 1826 genti
454 1774 611 1812 cuidam
638 1783 708 1813 aut
735 1775 905 1815 familiae
935 1776 1097 1829 propria
1124 1783 1279 1814 notare.
1335 1776 1545 1815 Plutarch.

108 1827 152 1869 in
177 1827 309 1866 Numa
336 1842 378 1880 p.
397 1828 493 1879 24.:
541 1825 632 1867 ἔνια
659 1829 742 1868 τῶν
783 1829 940 1879 Νουμᾶ
968 1830 1153 1879 πατρίων
1185 1825 1426 1882 ἆπόᾷῥητον
1455 1827 1545 1881 ἔχει

108 1877 182 1919 τὸν
206 1877 340 1932 λόγον.
399 1883 528 1936 Caput
555 1891 736 1922 nostrum
765 1885 815 1923 de
843 1885 996 1937 reliquo
1027 1884 1211 1934 illustrat,
1245 1892 1284 1923 et
1311 1885 1392 1924 non
1419 1886 1543 1923 inuti-

111 1934 150 1973 le
166 1937 242 1974 erit
257 1937 436 1975 conferre
462 1945 581 1990 caput
606 1939 724 1978 huius
755 1940 875 1992 ipsius
913 1939 1078 1978 secundi
1106 1939 1199 1978 libri
1214 1940 1295 1990 38„
1324 1940 1431 1993 quod
1459 1941 1541 1993 agit

109 1989 160 2028 de
187 1989 378 2029 electione
406 1993 440 2029 T
445 1992 696 2046 heophylacti
725 1996 765 2032 in
796 1994 1074 2047 patriarcham.

219 2045 273 2083 D.
294 2044 369 2084 ult.
399 2046 512 2099 [564
537 2047 597 2101 4.]
637 2048 990 2101 θεοφιλεστάτοις.
1058 2049 1278 2093 Hominum
1304 2049 1405 2087 sacri
1433 2048 1543 2087 ordi-

109 2100 173 2138 nis
200 2106 239 2138 et
265 2099 339 2137 deo
367 2101 589 2141 dicatorum
617 2103 682 2141 hic
711 2102 851 2142 titulus
879 2111 962 2151 est,
993 2102 1231 2142 clericorum
1259 2110 1298 2141 et
1322 2103 1540 2142 monacho-

110 2167 216 2192 rum.
287 2154 457 2195 Reddidi
497 2157 569 2195 deo
606 2159 813 2197 carissimis
855 2167 894 2197 et
923 2159 990 2196 dei
1027 2158 1309 2197 amantissimis
1326 2188 1336 2206 ‚
1381 2171 1432 2196 ne
1457 2159 1541 2196 vim

109 2208 294 2247 vocabuli
321 2223 402 2254 noyn
429 2211 692 2251 exhaurirem.
750 2213 854 2251 Inest
881 2227 975 2252 sane
1006 2221 1175 2265 utraque
1190 2212 1295 2259 idea.
1352 2213 1540 2251 Poteram

109 2269 242 2302 tamen
271 2266 464 2316 posterius
491 2268 684 2304 omittere.
739 2268 880 2306 Graeci
909 2268 1015 2306 enim
1043 2267 1203 2319 quando
1233 2267 1282 2304 de
1306 2266 1452 2305 talibus
1481 2266 1542 2305 lo-

109 2325 301 2369 quuntur,
329 2319 540 2370 θεοφιλεῖς
569 2320 784 2372 appellant,
811 2337 893 2360 non
910 2329 992 2360 tam
1021 2323 1071 2360 ad
1083 2335 1222 2360 eorum
1243 2335 1418 2360 amorem
1447 2335 1540 2373 erga

110 2371 256 2422 deum,
299 2387 418 2425 quam
461 2374 511 2411 ad
540 2389 714 2413 amorem
742 2376 804 2415 dei
849 2391 941 2429 erga
967 2378 1071 2429 ipsos
1098 2376 1371 2428 respicientes,
1402 2383 1442 2414 et
1467 2377 1541 2414 ob-

108 2428 281 2466 servavit
309 2427 564 2467 Hoeschelius
591 2430 642 2467 ad
656 2431 788 2468 Vitam
816 2432 858 2470 S.
891 2432 1074 2480 Antonii,
1105 2430 1223 2469 deum
1240 2438 1416 2469 amantes
1443 2431 1540 2468 θεο-

112 2479 260 2530 φίλους
289 2489 327 2520 et
371 2481 618 2534 φιλοθέους,
648 2497 671 2521 a
709 2484 784 2523 deo
812 2481 963 2525 amatos
999 2492 1132 2530 autem
1160 2485 1370 2536 θεοφιλεῖς
1398 2485 1535 2537 appel-

110 2531 202 2573 lari.
272 2536 464 2587 Quamvis
500 2539 606 2575 enim
647 2536 799 2576 clarum
841 2541 918 2587 sit,
961 2535 1162 2590 θεοφιλὴς
1205 2535 1387 2590 πάροδος
1428 2539 1535 2592 apud

110 2586 288 2627 Nicetam
330 2605 372 2643 p.
398 2592 462 2630 32.
480 2593 532 2629 D.
555 2591 596 2642 4.
636 2606 719 2630 esse
748 2597 948 2632 transitum
991 2593 1060 2631 dei
1093 2601 1314 2640 amantem,
1346 2595 1412 2646 qui
1441 2608 1534 2647 pro-

110 2647 199 2695 pter
235 2657 412 2684 amorem
453 2646 516 2685 dei
552 2647 619 2694 fit,
652 2654 691 2685 et
730 2649 859 2687 neutri
889 2649 1066 2700 opinioni
1103 2655 1295 2700 repugnet
1332 2647 1536 2701 analogia,

107 2693 220 2749 favet
261 2705 395 2753 tamen
443 2702 651 2753 posteriori
688 2704 826 2756 magis.
905 2703 966 2742 Ut
1005 2702 1250 2756 πορνογενής
1276 2709 1334 2742 est
1363 2717 1391 2742 a
1414 2712 1537 2744 scorto
