1884 3132
251 153 326 197 An
365 149 703 196 APPEchEM
739 150 841 190 Lm.
884 150 919 188 1.
971 145 1043 188 DE
1081 143 1338 187 cammou.
1424 124 1536 198 529

97 266 200 307 bene
223 265 324 304 mihi
346 263 424 303 hoc
444 262 532 302 loco
556 261 730 302 cesserit.
763 254 951 298 Ἀλειητὰ
984 256 1290 310 deliquescentia
1308 270 1427 310 super
1443 273 1531 298 car-

97 320 270 360 bonibus
300 317 510 358 credebam
528 347 539 366 ‚
572 316 748 368 adeoque
782 315 883 352 sicca
903 341 915 361 ‚
957 312 1127 351 sriabilia
1169 320 1371 362 aromata3
1396 314 1464 352 sed
1495 320 1533 353 et

98 375 212 415 verbi
237 374 387 424 λείβειν
405 403 415 420 ,
450 372 724 426 deliqzoescere,
760 367 861 407 nihil
894 366 986 406 huic
1020 366 1216 405 vocabulo
1252 368 1378 417 inest,
1407 376 1446 407 et
1481 365 1531 408 τὰ

102 425 277 469 disant&
303 428 490 467 videntur
515 426 645 479 potius
674 423 823 476 liquida
846 421 1046 475 pigmenta
1070 429 1138 460 aut
1164 424 1310 474 species
1342 425 1532 462 aromati-

100 498 170 523 cae
202 483 349 532 fuisse,
386 495 490 535 quae
515 481 588 520 litu
630 478 800 517 frictuve
825 478 980 529 corpori
1012 478 1300 528 ingererentur.
1357 478 1402 515 ld
1436 493 1529 517 cum

100 553 150 578 ex
176 536 412 592 etymologia
442 535 583 588 colligo
599 562 611 583 ,
637 534 758 584 (venit
779 533 885 570 enim
903 531 954 569 ab
988 528 1180 583 ἅλει’φω,)
1200 539 1238 570 et
1269 546 1315 570 ex
1338 546 1401 581 eo,
1424 533 1532 585 quod

101 593 208 632 infra
232 608 272 645 p.
289 591 382 631 ’582-
406 590 461 629 Α.
481 590 555 628 ult.
594 585 644 626 τὰ
676 582 849 626 dicent«)
879 600 901 624 a
929 586 1186 638 thymiamate
1217 601 1285 624 seu
1325 585 1443 626 thure
1466 587 1534 626 di-

102 649 381 700 stinguuntur,
410 652 449 684 et
476 659 546 698 per
575 642 737 696 pyxides
772 647 1054 679 numerantur:
1096 640 1204 692 quod
1236 641 1413 693 profecto
1449 657 1530 681 non

103 701 240 750 fieret,
285 701 318 740 si
350 695 402 738 τοὶ
430 696 602 737 οἷλειπτοὶ
652 698 802 736 siccum
833 696 980 734 durum
1012 709 1158 747 corpus
1186 704 1327 734 essent.
1385 697 1532 748 Nemo,

131 770 249 795 uaeso
267 785 280 806 ,
306 756 501 803 miretur,
534 766 596 791 me
623 754 738 791 toties
759 752 889 789 vineta
910 764 997 788 mea
1024 749 1199 789 caedere.
1254 749 1415 789 Mallem
1434 766 1532 804 pro—

99 771 206 850 ssecto
241 810 510 849 necessitatem
551 807 655 846 hanc
690 805 788 845 mihi
827 819 905 844 non
950 804 1152 843 admotam
1195 819 1293 844 esse.
1350 806 1532 846 Praestat

101 872 235 904 tamen
273 878 426 903 errores
469 862 708 912 emendare,
738 874 859 913 quam
897 858 1167 909 dissimulare,
1206 859 1530 914 quandoquidem

101 931 183 959 non
198 919 309 958 licuit
330 933 412 958 nou
433 931 610 971 peccare.
643 917 691 954 In
708 922 818 954 tanta
831 914 943 967 copia
966 928 1098 952 rerum
1122 914 1382 954 obscurarum
1407 917 1448 954 in
1469 930 1529 967 se,

103 975 146 1013 in
177 974 323 1027 quihus
361 972 444 1012 sola
469 972 694 1010 coniectura
726 969 923 1022 agendum
948 976 987 1008 ct
1026 968 1137 1007 velut
1175 971 1215 1007 in
1243 969 1417 1009 tenebris
1443 970 1532 1022 pal-

101 1029 279 1083 pandum
305 1034 387 1078 est,
415 1027 540 1066 multa
556 1040 630 1079 par
657 1032 743 1064 erat
762 1025 800 1064 ei
827 1037 1032 1077 perperam
1071 1023 1273 1074 excideie,
1316 1025 1384 1077 qui
1417 1025 1532 1064 dere-

102 1090 222 1137 pente
243 1082 355 1122 velut
384 1084 427 1121 iu
462 1081 583 1120 alium
608 1081 746 1119 orbem
778 1078 931 1118 delatus
962 1092 1034 1131 per
1070 1079 1240 1117 instituti
1275 1077 1394 1118 huius
1435 1094 1527 1132 per-

103 1139 331 1177 versitatem
358 1137 496 1176 debuit
518 1136 697 1188 trepidus
721 1133 870 1173 librum
903 1140 1058 1171 vertere
1076 1133 1254 1172 nondum
1286 1134 1379 1173 satis
1410 1134 1529 1173 intel-

102 1191 250 1232 lectum
267 1222 279 1242 ‚
306 1191 482 1230 nondum
513 1193 606 1229 satis
627 1188 875 1228 familiarem.
900 1187 977 1226 Sed
1007 1189 1062 1226 sic
1092 1189 1130 1226 in
1155 1188 1245 1227 fatis
1269 1196 1368 1227 erat.
1398 1189 1532 1227 Erunt

105 1248 227 1302 igitur
246 1242 297 1285 τὰ
325 1241 499 1285 disant&
530 1245 634 1284 idem
691 1244 797 1296 quod
840 1239 973 1294 μύρα.
1032 1243 1136 1282 Nam
1175 1239 1225 1281 τά
1266 1242 1531 1292 καπνίσματα

103 1300 212 1354 ligna
241 1300 510 1340 suaveolentia
547 1300 644 1338 dum
678 1312 839 1337 accensa
870 1297 1026 1335 fumant
1069 1311 1168 1346 esse,
1209 1296 1342 1336 nullus
1371 1297 1525 1336 dubito.

106 1356 324 1407 Coniungit
344 1355 501 1393 Nice-tas
531 1369 571 1408 p.
599 1368 688 1407 129.
708 1353 757 1391 C.
788 1348 839 1390 τὰ
866 1349 982 1403 μύρα
1011 1359 1050 1389 et
1073 1348 1124 1390 τὰ
1154 1349 1300 1390 Ἰνδικά
1345 1349 1445 1398 ξύλα
1489 1354 1531 1390 in

105 1409 183 1448 illis
212 1410 374 1448 verbis:
404 1406 425 1448 ὃ
451 1409 521 1461 τῆς
548 1404 705 1454 πόλεως
735 1402 844 1452 ἅπας
873 1405 1003 1456 δῆμος
1038 1404 1099 1450 εἰς
1136 1401 1183 1443 τὸ
1222 1402 1336 1456 ἱερὸν
1363 1419 1532 1458 φροντι-

105 1459 278 1527 στῆριον
312 1458 617 1514 συνδραμόντες
664 1458 952 1511 λαμπροτάτην
990 1457 1129 1498 ἐκείνω
1167 1460 1409 1498 συντελοῦσι
1454 1458 1533 1512 τήν

106 1517 308 1571 προοὸον,
337 1514 488 1569 μύροις
522 1513 594 1562 τὰς
631 1511 781 1567 α’γυιὰς
815 1512 1019 1564 τέγγοντες
1045 1498 1118 1553 naci
1141 1517 1226 1560 τοῖς
1252 1512 1434 1559 Ἰνδικοῖς
1462 1509 1531 1560 ξύ-

105 1573 195 1620 λοις
219 1570 293 1610 καί
316 1573 581 1624 καρυκευτοΐς
610 1566 805 1623 ἀρώμασι
833 1564 905 1606 τὸν
933 1566 1036 1619 ἀέρα
1056 1563 1361 1616 εὕωδιάζοντες.
1418 1568 1528 1607 Odo-

107 1641 168 1665 νεο-
198 1625 358 1665 Indicos
372 1656 382 1673 ‚
405 1627 474 1680 qui
492 1626 572 1664 sine
592 1624 817 1663 carbonibus
841 1622 899 1660 ad
919 1623 1172 1676 vaporandas
1195 1631 1296 1662 zetas
1319 1624 1532 1663 incendan-

107 1689 194 1730 tur,
223 1679 395 1734 appellat
421 1680 672 1732 Lampridius
699 1681 740 1716 in
774 1676 1031 1730 Heliogabalo
1050 1691 1092 1730 p.
1112 1676 1206 1730 870.

216 1745 270 1784 D.
293 1745 333 1785 3.
352 1743 462 1799 [468‚
491 1744 576 1798 18.]
605 1742 758 1790 σὲνδες.
797 1742 1051 1784 Vocabulum
1079 1742 1330 1796 perfrequens
1362 1743 1402 1781 in
1431 1745 1533 1782 seri-

108 1810 187 1864 ptis
206 1817 290 1848 tam
307 1810 550 1849 Graecorum
580 1811 826 1858 recentium,
856 1821 975 1860 quam
1014 1807 1214 1856 Arabum,
1258 1809 1326 1861 qui
1355 1809 1531 1858 Lydum,

107 1865 275 1914 sandes,
304 1864 471 1903 efferunt
500 1873 539 1903 et
570 1879 742 1917 quorum
774 1863 1055 1915 Lexicographi
1087 1863 1262 1911 (auctore
1286 1861 1414 1912 Golio)
1442 1878 1537 1916 per-

111 1918 254 1957 hibent
278 1932 362 1957 esse
380 1926 581 1971 praestans
599 1927 639 1957 et
660 1919 804 1958 subtile
828 1919 949 1970 panni
964 1918 1076 1955 serici
1096 1931 1243 1969 genu53
1273 1916 1339 1955 alii
1359 1932 1535 1969 pannum

111 1972 355 2021 Attalicum,
381 1987 479 2012 auro
505 1981 544 2012 et
566 1981 727 2026 argento
754 1974 958 2011 intextum.
994 1971 1072 2010 Sed
1098 1971 1149 2010 de
1172 1971 1407 2024 etymologia
1431 1986 1536 2010 non-

113 2027 211 2065 dum
246 2034 424 2078 constat,
458 2029 558 2067 sitne
580 2028 773 2068 Arabicae
791 2057 802 2078 ‚
833 2041 884 2066 an
919 2026 1079 2065 alterius
1109 2027 1286 2079 originis.
1338 2026 1535 2065 Arabicae

115 2093 149 2131 si
174 2093 249 2142 sit,
278 2090 391 2130 facile
414 2101 514 2131 esset
545 2108 569 2132 a
592 2094 762 2132 saddasa
776 2122 787 2141 ,
820 2091 951 2140 ρκ’-Μ
974 2120 986 2137 ,
1026 2105 1167 2129 sexare
1181 2119 1193 2139 ‚
1226 2091 1432 2143 sescuplum
1452 2092 1533 2141 fa-

111 2160 221 2192 cere,
254 2145 458 2197 derivare,
492 2154 540 2188 ut
570 2162 661 2186 cum
691 2148 799 2186 selici
847 2146 910 2185 vel
947 2146 1146 2183 hexamito
1179 2144 1283 2182 idem
1313 2146 1377 2187 sit.
1431 2145 1536 2182 Nam

114 2230 156 2263 υ
183 2209 248 2248 vel
274 2224 326 2257 n,
358 2217 404 2248 ut
428 2213 534 2264 apud
556 2214 726 2251 Graecos
743 2242 755 2262 ‚
782 2213 836 2250 sic
864 2210 967 2264 apud
995 2209 1149 2247 Arabes
1174 2223 1288 2262 saepe
1317 2208 1535 2260 epentheti-

115 2278 209 2303 cum
244 2271 317 2302 est.
373 2264 427 2303 Et
470 2267 645 2318 profecto
684 2281 764 2305 non
795 2280 936 2318 parum
976 2263 1070 2302 huic
1107 2265 1354 2301 coniecturae
1383 2263 1535 2302 tribuo.

114 2315 338 2357 Videbatur
361 2317 577 2370 aliquando
591 2336 614 2359 a
631 2321 793 2366 Sendia.
809 2321 967 2372 regione
988 2319 1091 2355 inter
1105 2316 1310 2354 Persidem
1329 2324 1369 2354 et
1383 2316 1538 2356 Indiam

117 2373 215 2420 sita,
243 2373 499 2424 repetendum
531 2387 641 2422 esse3
670 2375 754 2412 vid.
781 2387 881 2424 quae
919 2372 1047 2410 dicam
1076 2371 1127 2408 ad
1162 2384 1252 2422 pag.
1273 2369 1366 2420 344.
1388 2370 1440 2409 A.
1470 2372 1531 2409 13.

119 2426 222 2464 Sunt
251 2426 426 2478 profecto
445 2441 525 2465 non
552 2440 679 2480 pauca
707 2426 801 2464 huie
825 2425 1082 2477 etymologiae
1104 2424 1292 2462 faventia.
1345 2424 1538 2475 Regiones

117 2479 222 2530 illas,
237 2481 391 2519 Indiam
413 2483 527 2534 eique
545 2482 707 2527 vicinas,
726 2486 878 2518 textura
888 2475 1232 2517 subtilissimorum
1246 2482 1285 2514 et
1301 2479 1537 2529 pretiosissi-

120 2542 276 2572 morum
310 2549 532 2587 pannorum
557 2536 771 2574 sericorum
800 2533 907 2571 omni
936 2537 1077 2579 aetate,
1101 2531 1224 2568 veteri
1245 2543 1443 2583 novaque,
1470 2547 1535 2572 ce-

121 2586 288 2626 lebratas
312 2589 430 2629 fuisse
462 2597 613 2628 constat
649 2589 750 2626 inter
775 2600 922 2626 omnes.
975 2585 1143 2636 Reperio
1166 2599 1323 2637 quoque
1351 2587 1534 2638 scriptio-

121 2654 213 2678 nem
235 2643 379 2690 cendu,
414 2644 455 2682 id
473 2650 532 2683 est
550 2644 680 2692 sende,
704 2643 744 2680 in
762 2641 922 2679 Assisiis
946 2638 1308 2691 Hierosolymitanis
1321 2640 1438 2692 (apud
1468 2641 1536 2680 Du

124 2694 315 2747 Cangium
330 2711 368 2739 v.
384 2698 425 2736 E
421 2699 612 2751 pidecen),
639 2697 794 2736 doubles
809 2695 859 2734 de
881 2693 1008 2733 Cende
1028 2691 1131 2749 (non
1149 2694 1316 2746 cendes),
1341 2694 1383 2733 id
1399 2702 1456 2734 est
1472 2696 1542 2735 di-

169 2785 435 2820 constantinus
457 2788 628 2834 Porphyr.
662 2787 735 2821 Vol.
762 2787 807 2821 ΙΙ.
1238 2785 1283 2830 34
