1832 3126
832 38 871 83 ο

316 139 421 195 138
619 158 691 198 ιο.
731 157 836 198 1Ac.
877 158 1072 198 masan
1107 157 1489 202 COMMENTARII

303 258 443 312 qualia
480 263 575 296 sunt
609 271 712 310 quae
753 264 908 297 nostras
944 257 1128 298 ecclesias
1159 267 1390 312 personant.
1446 259 1550 300 Nam
1581 269 1754 304 canones

307 314 452 367 lignei,
484 314 553 366 qui
589 311 740 351 fistulas
771 314 958 366 aperiunt
984 314 1181 367 depressi,
1223 323 1262 354 et
1287 330 1427 355 rursus
1454 316 1649 357 claudunt
1676 318 1751 358 sibi

307 369 519 423 permissi,
549 375 589 407 et
614 369 746 419 digitis
774 370 973 407 feriuntur
1003 377 1043 408 et
1072 370 1243 422 pedibus
1271 371 1500 411 tunduntur
1528 380 1648 426 atque
1677 373 1754 413 cal·

306 432 464 463 eantur.
524 424 578 462 Et
615 424 735 463 fuisse
776 425 843 463 illa
884 439 1033 477 organa
1071 426 1216 465 Nostro
1261 428 1418 480 saepius
1460 427 1567 467 dicta
1607 429 1752 469 similia

304 478 551 518 nostratibus
580 479 851 519 ecclesiasticis
880 487 988 533 patet
1016 495 1038 519 e
1069 481 1210 520 Niceta
1233 482 1456 533 Choniata,
1494 485 1563 536 qui
1595 484 1645 522 L.
1670 484 1748 523 111.

305 535 434 574 Alexii
459 535 653 574 Comneni
679 550 716 573 c.
751 549 792 574 2.
820 550 860 588 p.
892 550 986 589 27¹·
1020 535 1073 574 A.
1104 551 1144 575 2.
1178 537 1242 576 ed.
1264 538 1409 577 Venet.
1439 539 1589 591 positos
1613 540 1655 577 in
1673 553 1771 578 me-·

304 593 355 630 tis
371 591 464 630 circi
490 586 633 642 φύσας
660 591 743 630 ταῖν
771 588 1023 630 πολυαύλων
1052 586 1242 644 ὀργάνων
1254 594 1382 643 fhlles
1399 607 1637 646 organorum
1653 595 1749 633 mul-

302 648 352 685 tis
362 647 517 702 fistulis
548 648 820 685 instructorum
852 654 1047 686 memorat
1065 677 1075 696 ,
1107 654 1146 686 et
1174 663 1196 686 e
1226 648 1358 687 Nostri
1389 648 1564 688 dictione
1613 678 1624 688 .
1650 663 1697 695 21
1711 664 1748 691 ι.

305 703 353 740 C.
382 716 424 756 9.
462 699 501 739 οἱ
529 701 746 754 φυσῶντες
773 698 825 739 τά
857 695 1014 754 ὄργανα
1043 698 1226 753 Σκλάβοι
1253 703 1466 757 intelligas.
1525 664 1749 759 Sciiwiigi-

301 765 372 796 -tur
401 757 722 801 adhibebantur,
751 765 796 795 ut
829 758 1054 810 mancipia,
1084 755 1284 798 calcandis
1312 759 1475 799 follibus
1495 790 1506 807 ,
1538 761 1608 813 qui
1637 761 1750 799 fistu-

306 812 366 852 las
393 813 605 863 organicas
636 814 885 862 animarent,
926 813 1263 867 quemadmodum
1290 815 1399 868 apud
1425 829 1500 855 nos
1525 815 1653 854 eidem
1681 829 1755 855 ne-

304 869 412 922 gotio
442 869 528 907 faex
553 867 680 921 plebIS
719 869 950 908 adhibetur.
1007 869 1061 907 Et
1090 872 1240 923 organa
1274 870 1436 924 proprie
1469 878 1564 910 sunt
1586 872 1748 910 Graecis

301 926 567 963 instrumenta
594 925 745 963 musica
779 923 944 976 flatilia,
987 931 1034 963 ut
1055 932 1163 977 patet
1190 939 1212 963 e
1240 926 1378 965 Carm.
1415 926 1505 966 136.
1545 927 1749 966 lensiano-

300 994 392 1019 rum
416 994 477 1018 vs.
507 979 578 1031 4.,
613 980 682 1019 ubi
716 980 766 1018 de
797 980 934 1019 cicada
962 979 1110 1019 dicitur
1139 974 1355 1036 αὗτούργῳ
1381 978 1499 1031 μέλει
1535 975 1640 1033 ἧδ’ὖς
1681 995 1750 1020 κα-

302 1032 534 1086 τωργάνιζε
571 1036 645 1087 τῆς
672 1034 861 1087 ἐρημίας,
885 1038 1003 1074 suam·
1030 1038 1203 1074 car-mine
1235 1051 1258 1075 e
1285 1051 1324 1075 se
1349 1037 1491 1092 absque
1516 1037 1650 1076 aliena
1676 1051 1750 1092 ope

299 1091 434 1142 effes-to
458 1092 697 1145 personabat
725 1092 833 1130 velut
853 1105 1044 1143 organum
1069 1093 1328 1146 infrequentes
1355 1093 1554 1132 hominum
1574 1106 1746 1146 campos-

302 1146 388 1185 Ubi
418 1145 495 1184 loci
524 1147 599 1185 nisi
627 1139 801 1199 ὄργανον
829 1147 880 1186 sit
903 1147 1155 1202 autfistula,
1185 1148 1227 1185 id
1251 1154 1311 1186 est
1331 1147 1465 1200 syrinx
1482 1178 1494 1198 ,
1534 1154 1605 1186 aut
1631 1147 1747 1198 tibia,

301 1201 517 1240 dicendum
542 1203 632 1251 erit,
663 1216 813 1254 organa
830 1203 909 1240 iam
928 1202 1098 1254 Augusti
1111 1202 1288 1241 Caesaris
1303 1209 1431 1242 aetate
1455 1204 1498 1241 in
1518 1217 1594 1242 usu
1611 1202 1749 1253 fuisse,

300 1258 366 1295 cui
395 1257 578 1310 aequales
610 1258 720 1296 fuere
755 1257 1018 1310 Apollonides
1044 1265 1083 1296 et
1120 1257 1334 1311 Philippus
1366 1258 1748 1308 Thessalonicensis,

300 1327 476 1366 quorum
500 1314 571 1351 uni
599 1313 791 1365 alterique
815 1328 977 1352 carmen
1003 1313 1079 1352 hoc
1101 1313 1250 1352 diversi
1278 1313 1478 1355 tribuunt.
1535 1313 1637 1352 Vult
1654 1327 1750 1366 quo-

298 1383 379 1422 que
410 1368 625 1407 Salmasius
652 1368 704 1407 ad
729 1369 875 1422 Script.
904 1370 1010 1407 Hist.
1042 1369 1149 1422 Aug.
1177 1369 1230 1407 T.
1256 1370 1290 1407 Ι.
1310 1383 1354 1421 p.
1385 1383 1474 1422 ¹79·
1503 1368 1750 1408 vocabulum

299 1438 454 1478 organa
486 1425 527 1463 in
561 1423 631 1463 illo
659 1425 806 1464 veteris
839 1425 1134 1478 epigrammatis
1164 1424 1272 1463 dicto
1299 1424 1351 1463 de
1383 1423 1624 1478 pyrrhicha:

466 1495 591 1534 Lusus
621 1495 735 1533 habet
758 1509 959 1550 pugnam,
997 1493 1069 1533 sed
1099 1495 1242 1533 hahent
1273 1495 1488 1533 certamina
1511 1507 1676 1548 pacem,

522 1551 631 1590 Nam
659 1565 834 1590 remeare
864 1551 994 1590 iubent
1019 1564 1171 1604 organa
1201 1550 1352 1589 blanda
1382 1563 1527 1605 par-esf,

299 1621 453 1662 fistulas
481 1628 638 1661 notare.
698 1619 806 1660 Nihil
836 1627 971 1660 tamen
1004 1635 1076 1674 ego
1106 1619 1269 1674 quidem
1302 1620 1444 1667 video,
1488 1619 1586 1674 quid
1610 1619 1750 1674 prohi-

299 1679 419 1726 beat,
451 1678 666 1731 quominus
696 1690 845 1730 organa
873 1676 928 1715 ibi
960 1675 1036 1715 loci
1063 1676 1170 1715 idem
1195 1677 1290 1728 sint,
1326 1676 1436 1729 quod
1453 1675 1570 1714 nobis
1601 1675 1747 1727 hodie,

299 1734 378 1773 nisi
404 1734 508 1773 forte
535 1741 677 1788 poetae
703 1732 915 1787 prohibeat
941 1739 1074 1783 aetas,
1120 1732 1171 1771 de
1208 1746 1288 1785 qua
1325 1731 1427 1770 mihi
1462 1745 1544 1769 non
1575 1737 1747 1772 constat.

297 1789 342 1842 *[
355 1791 519 1843 Organa
548 1789 690 1828 Graeci
725 1791 830 1827 inter
860 1802 933 1826 sua
958 1787 1173 1841 praecipua
1203 1787 1348 1825 decora
1379 1785 1658 1825 numerabant.
1689 1786 1746 1825 V.

299 1845 444 1898 Nigell.
473 1860 514 1898 p.
542 1844 611 1899 76.
641 1851 680 1883 et
707 1844 762 1883 ibi
791 1845 992 1883 Murator.
1050 1844 1158 1881 Loco
1187 1849 1386 1880 metarum
1412 1843 1593 1895 ingentes
1620 1842 1750 1879 inter-

299 1901 399 1939 dum
418 1900 532 1939 folles
553 1901 899 1953 pneumaticorum
918 1912 1161 1952 organorum
1184 1897 1453 1951 ponebantur.
1493 1896 1748 1950 Wagnereck

299 1956 353 1995 ad
397 1963 485 1995 acta
518 1956 589 1995 SS.
630 1957 857 2009 Martyrum
893 1955 1198 2007 Anargyrorum
1237 1967 1280 2005 p.
1318 1951 1381 1991 15.
1439 1952 1595 2006 Organi
1635 1951 1748 1990 aurei

300 2012 345 2051 fit
372 2013 522 2051 mentio
552 2011 659 2063 apud
693 2011 955 2050 *Constantim
988 2009 1037 2047 de
1066 2011 1151 2049 vita
1183 2007 1318 2048 Basilii
1346 2007 1579 2047 Macedonis
1605 2020 1643 2046 c.
1677 2006 1745 2046 23.

299 2074 340 2106 et
366 2069 514 2121 Georg.
540 2066 732 2105 Monach.
765 2081 806 2119 p.
832 2063 972 2117 533.]*

358 2137 426 2162 20.
450 2123 496 2162 C.
521 2135 560 2162 2.
584 2122 674 2216 253,
698 2120 760 2175 7.]
793 2118 887 2160 εἴτε.
941 2120 1002 2159 Μ.
1043 2117 1163 2158 εἰδὲ.
1641 2166 1644 2168 ‚

411 2179 459 2217 C.
479 2192 587 2232 penu
605 2184 635 2215 t.
666 2176 756 2231 [53‚
782 2175 867 2230 145]
898 2170 1078 2226 παγανιὶ.
1133 2173 1266 2214 Credo
1293 2188 1377 2214 esse
1404 2174 1642 2214 vestimenta
1661 2186 1746 2211 non

300 2248 400 2272 auro
431 2234 562 2273 aliove
594 2239 741 2272 ornatu
772 2230 1004 2285 splendida,
1044 2230 1110 2268 sed
1139 2231 1394 2280 eommunia,
1438 2228 1572 2283 qualia
1603 2227 1747 2267 diebus

299 2291 462 2342 paganis
479 2319 490 2340 ,
521 2289 562 2327 id
596 2296 654 2327 est
681 2288 888 2342 profestis,
918 2294 958 2325 et
986 2287 1029 2324 in
1060 2285 1378 2338 processionibus
1405 2285 1567 2339 paganis
1587 2313 1599 2333 ,
1629 2283 1673 2322 id
1689 2289 1747 2322 est

297 2357 382 2382 non
422 2344 677 2391 solennibus,
735 2350 944 2396 geruntur.
1003 2341 1209 2380 Habemus
1247 2340 1384 2394 paullo
1421 2347 1510 2395 post
1556 2333 1748 2390 παγανὰς

298 2399 545 2450 χλαμύδας,
576 2407 615 2439 et
643 2414 684 2452 p.
713 2398 802 2438 106.
833 2399 886 2436 D.
921 2392 1108 2448 παγανὸν
1138 2393 1402 2449 ὀίβητήσιον,
1432 2403 1471 2434 et
1491 2395 1638 2458 passim
1656 2407 1747 2447 pro-·

299 2455 494 2493 cessiones
521 2469 721 2508 paganas,
752 2468 854 2507 quae
875 2458 1137 2506 opponuntur
1168 2455 1256 2498 τοῖς
1283 2449 1514 2502 σολεμνιόις
1541 2461 1633 2502 ητοι
1663 2461 1747 2501 φω-

297 2508 486 2557 ταψίαις.
541 2510 713 2549 Fiebant
737 2511 844 2548 enim
869 2507 1010 2547 diebus
1038 2506 1245 2560 profestis,
1293 2506 1456 2559 quando
1474 2534 1486 2555 ,
1528 2511 1576 2543 ut
1598 2504 1653 2542 ait
1681 2502 1746 2541 Si-

299 2561 533 2614 lentiarffls,
571 2563 824 2610 θεόστεπτος
852 2558 996 2616 ἑορτὴ,
1026 2577 1107 2615 qua
1130 2563 1350 2615 Imperator
1383 2574 1572 2600 coronam
1608 2560 1745 2612 gerere

299 2617 496 2668 debebat,
526 2634 608 2658 non
635 2628 758 2670 esset,
791 2620 942 2672 absque
973 2618 1216 2665 indictione,
1246 2618 1395 2670 absque
1423 2616 1573 2665 cereis,
1604 2614 1645 2653 in
1673 2624 1746 2652 ve-

298 2673 423 2712 stibus
454 2676 758 2725 communibus,
789 2682 828 2714 et
856 2676 1077 2729 imperator
1109 2673 1153 2711 in
1183 2672 1262 2711 illis
1293 2685 1423 2725 neque
1455 2683 1645 2710 coronam
1670 2681 1739 2721 ge-

299 2728 439 2780 rebat,
486 2744 615 2784 neque
651 2730 956 2770 acclamationes
991 2743 1015 2769 a
1051 2728 1290 2769 factionibus
1325 2725 1569 2781 accipiebat,
1614 2736 1746 2777 neque
