1884 3132
217 154 292 199 An
329 148 625 198 coNs'rAm.
666 150 863 194 ponpa.
902 148 975 190 m:
1003 145 1193 190 cmm.
1234 145 1335 186 un.
1377 145 1428 185 11.
1476 120 1583 198 745

141 258 334 298 Nostrum
361 257 505 296 vitium
533 257 573 294 in
602 253 777 293 numeris
817 265 902 291 esse
949 257 989 290 et
1029 264 1102 304 pro
1143 245 1180 299 β’
1214 245 1520 301 supponendum
1548 240 1586 282 α’

142 327 212 353 seu
252 312 376 364 6141.
448 312 535 364 Ego
576 309 736 363 quidem
777 309 818 346 in
848 306 999 345 Latinis
1036 312 1194 344 secutus
1224 303 1279 342 sui
1323 302 1589 356 plurimorum

141 375 352 408 auctorum
378 367 549 407 rationes
570 363 883 416 chronologicas.
1445 402 1463 422 Ἰ
1560 409 1567 416 ·

253 424 309 462 A.
338 423 375 461 8.
407 421 523 476 [635‚
544 419 608 474 9.]
638 414 677 472 ἦ.
737 419 796 456 lta
828 415 1098 469 membranae.
1125 413 1248 453 Forte
1267 409 1313 452 ἐν
1334 418 1405 450 aut
1434 423 1487 464 ην
1513 415 1589 448 er1t

142 476 477 520 substituendum.

226 531 321 572 568.
351 532 405 570 A.
432 529 472 569 8.
505 529 624 584 [6335
643 526 700 582 6.]
732 523 984 580 α’σφαλειάς.
1038 524 1111 564 Est
1139 518 1351 576 α’σῳάλεια
1381 528 1464 560 tarn
1492 534 1586 558 cau-

141 589 224 636 ὶὶο,
264 585 289 639 ἦ
317 583 541 635 εὐλάβεια,
579 579 768 635 προσοχὴ
786 612 796 629 ,
842 589 999 620 actentzo
1017 611 1027 628 ‚
1053 581 1257 635 provisio,
1288 585 1333 616 ut
1362 590 1460 615 aevo
1501 590 1586 614 me-

145 642 214 682 dio
240 641 424 681 dicebant
452 640 613 690 Latini,
646 653 726 691 qua
753 638 921 690 quisque
948 642 1062 675 curat
1082 664 1094 685 ‚
1132 649 1184 673 ne
1224 633 1299 673 sibi
1334 631 1486 686 aliquid
1516 637 1587 668 aut

140 710 311 751 pravum
353 696 501 735 sactum
539 694 692 733 excidat
708 723 719 744 ‚
762 706 883 745 quam
927 692 1081 746 sponsio
1136 689 1281 742 scripta
1337 695 1374 726 et
1414 688 1554 741 pignus
1571 715 1584 735 ‚

143 766 225 806 quo
253 751 353 790 alter
379 751 543 789 iubetur
569 749 619 788 de
649 747 878 801 accipiendo
908 746 1056 785 damno
1084 753 1154 784 aut
1171 744 1434 792 adversitate,
1463 755 1585 795 quam

147 808 316 857 metuit,
335 837 338 839 >
355 819 516 844 securus
550 818 633 844 esse
651 833 662 854 ‚
689 803 862 842 custodia
891 803 999 840 iuxta
1032 800 1195 840 Latinos
1223 800 1424 852 sequior-es
1448 804 1486 836 et
1495 796 1583 849 fir-

143 863 285 911 micas,
314 862 492 913 proxime
520 859 571 897 ad
599 861 797 898 Graecum
825 856 1092 907 vocabulum3
1139 869 1301 909 prorsus
1329 861 1374 891 ut
1404 854 1443 890 in
1474 852 1584 890 Lati-

147 918 211 956 nis
238 917 365 954 cautio
393 922 610 967 utrumque
637 920 764 952 notat.
818 913 962 952 Priore
998 925 1114 951 sensu
1155 910 1274 950 habet
1304 907 1584 948 Artemidorus

143 985 184 1025 p.
213 984 282 1025 97.
309 970 379 1010 8.:
409 965 558 1015 δεδιώς
585 964 632 1008 τὸ
673 962 775 1020 ὄναρ
818 962 1026 1020 ἐφύλαττε
1070 962 1145 1018 την
1180 967 1383 1017 γυναῖκα,
1413 962 1486 1001 καί
1513 956 1584 1000 διὰ

141 1023 279 1078 πάσης
320 1021 555 1078 ἀσφαλείας
583 1023 798 1075 mestrem,
827 1030 867 1061 et
905 1021 1047 1075 Cyrill.
1085 1019 1350 1086 llierosolym.
1375 1016 1580 1056 Catechae.

144 1095 178 1119 s.
210 1081 396 1134 Mystag.:
425 1077 515 1129 μετ’
543 1077 779 1132 ἀσφαλείας
807 1076 868 1131 [id
898 1084 955 1115 est
981 1076 1070 1127 μετ’
1105 1074 1350 1125 εὐλαβειας,
1382 1067 1583 1122 εὐλαβού-

142 1133 279 1188 μενος]
300 1133 516 1186 προσέχων
541 1129 599 1184 μὴ
630 1132 922 1186 παραπολέσῃς
957 1145 998 1170 τι
1030 1131 1076 1170 ἐκ
1101 1128 1263 1170 τούτου.
1296 1153 1348 1158 —-
1375 1128 1464 1168 εἰπὲ
1502 1124 1580 1180 γάρ

142 1201 245 1240 μοι,
277 1186 322 1228 εἴ
333 1187 396 1235 τίς
422 1201 491 1227 σοι
518 1184 646 1227 ἔδωκε
674 1182 875 1239 ψήγματα
899 1185 1106 1239 χρυσίου,
1136 1183 1212 1223 οὐκ
1238 1179 1291 1223 ἄν
1316 1179 1420 1234 μετὰ
1449 1178 1584 1234 πάσης

143 1239 375 1297 ἀσφαλείαις
402 1240 591 1294 ἐκράτεις
610 1272 622 1293 ,
654 1237 962 1295 φυλαττόμενος
989 1236 1047 1293 μή
1073 1255 1114 1279 τι
1143 1234 1196 1278 ἂν
1225 1238 1363 1278 αὐτῶν
1391 1250 1582 1289 παραπο-

144 1297 298 1352 λέσῃς.-
333 1298 559 1337 Posteriore
590 1297 786 1335 Arrianus
813 1298 985 1349 Epictet.
1012 1296 1105 1335 diss.
1136 1296 1190 1334 Il.
1212 1295 1276 1333 13.
1295 1308 1333 1346 p.
1349 1293 1454 1332 205.:
1487 1292 1581 1330 δια-

144 1348 279 1405 θήκην
307 1351 384 1403 μὲν
413 1346 462 1389 οὔ
490 1348 642 1403 γράφει
660 1380 671 1400 ,
700 1348 759 1402 μή
795 1348 916 1398 εἰδώς
946 1350 1032 1396 πῶς
1049 1349 1117 1388 δεῖ
1129 1347 1308 1401 γράφειν
1335 1342 1362 1399 ἢ
1389 1348 1582 1396 παραλα-

144 1402 233 1457 βών
253 1403 328 1446 τὸν
354 1402 494 1446 εἰδότα
525 1404 618 1443 οὐδ’
644 1403 791 1456 ἐγγύην
815 1399 951 1452 ἄλλως
981 1403 1255 1457 σφραγιζεται
1286 1395 1313 1454 ἢ
1345 1399 1582 1455 ἀσφάλειαν

146 1457 317 1514 γράφει.
372 1461 511 1500 Potest
548 1461 590 1498 in
631 1460 708 1498 hoc
733 1459 899 1498 Arriani
926 1460 1014 1499 loco
1041 1453 1252 1512 ἀσφάλεια
1280 1464 1350 1495 aut
1376 1470 1580 1495 assecura-

143 1517 294 1555 tionem
325 1515 375 1554 de
402 1529 483 1554 non
508 1514 736 1568 accipiendo
764 1515 924 1564 damno,
954 1521 1023 1552 aut
1050 1513 1303 1568 privilegium
1340 1519 1479 1550 notare
1514 1509 1580 1549 vel

145 1572 456 1621 immunitatem,
495 1570 589 1623 quia
615 1583 757 1623 nempe
784 1569 990 1622 privilegia
1018 1569 1205 1607 muniunt
1226 1596 1238 1617 ‚
1280 1580 1439 1606 securos
1480 1567 1580 1605 faei-

146 1632 223 1664 unt
251 1625 440 1664 adversus
469 1639 592 1664 noxas
624 1625 869 1663 metuendas.
923 1623 1127 1663 Palladius
1149 1622 1299 1664 Hister.
1328 1623 1510 1660 Lausiae.
1540 1635 1576 1659 c.

145 1680 215 1719 31.
233 1676 465 1734 ἀσφάλειαν
485 1679 658 1733 appellat
685 1680 1036 1734 praemunitionem
1053 1679 1242 1717 adversus
1265 1677 1413 1715 damna
1414 1678 1578 1730 fictura:

148 1728 374 1786 ἀναγκαῖόν
416 1733 504 1773 ἐστι
536 1730 636 1781 τούς
670 1734 753 1773 τῶν
779 1732 1048 1787 ἠπατημένων
1074 1733 1194 1784 βίους
1221 1731 1400 1771 ἐκθεῖναι
1429 1731 1485 1786 τῷ
1511 1732 1581 1781 βι-

147 1789 350 1844 βλιδαρίῳ
387 1784 520 1844 τούτῳ
557 1785 663 1841 πρὸς
700 1784 936 1842 ἀσφάλειαν
961 1789 1043 1827 τῶν
1069 1784 1414 1838 ἐντυγχανόντων.
1474 1787 1580 1824 Hinc

145 1843 359 1897 intelligas,
388 1858 513 1896 quare
540 1844 705 1883 Glossae
732 1845 823 1883 Lat.
856 1844 929 1883 Gr.
958 1843 1115 1882 tabulas
1142 1842 1320 1895 publicas
1335 1870 1358 1893 ‚—
1379 1856 1476 1895 quas
1505 1841 1580 1879 ho-

147 1897 214 1937 die
241 1898 362 1951 vulgo
398 1900 651 1938 instmmenta
677 1897 848 1937 solemus
877 1898 1076 1951 appellare
1092 1928 1103 1945 ‚
1135 1899 1324 1950 quoniam
1352 1897 1495 1936 notitia
1522 1897 1580 1935 rei

149 1960 261 1991 actae
299 1960 369 1991 aut
407 1961 545 2006 pactae
586 1954 750 1993 lectores
790 1955 1016 2000 instruunt,
1056 1950 1354 2004 ἅσφαλίσματα
1394 1952 1576 1990 reddant.

151 2007 312 2046 Habent
338 2009 444 2046 enim
469 2010 736 2058 instrumenta,
762 2006 1030 2059 γραμμάτια,
1059 2006 1380 2060 ἅσφαλισματα,
1410 2006 1580 2044 δικαιω-

147 2076 290 2112 ματα,
320 2062 490 2115 litterae,
520 2064 666 2117 quibus
694 2063 836 2116 aliquis
867 2060 1160 2116 α’σφαλίζεται,
1188 2076 1337 2099 securus
1363 2070 1401 2100 et
1427 2070 1524 2099 tutus
1553 2075 1580 2099 α

151 2131 268 2155 noxts
290 2127 527 2171 praestatur,
556 2126 596 2157 et
612 2121 674 2157 ius
692 2118 843 2171 aliquid
863 2116 1130 2170 exspectandi,
1166 2114 1406 2168 postulandi,
1437 2116 1579 2168 agendi

151 2172 308 2224 accipit.
363 2173 467 2211 Hinc
494 2174 536 2212 in
567 2175 696 2227 specie
721 2171 930 2226 ἀσφάλεια
961 2172 1167 2211 dicebatur
1192 2170 1258 2210 illa
1285 2173 1460 2224 sponsio,
1492 2185 1580 2223 pro-

148 2227 236 2279 pria
271 2240 394 2265 manu
432 2229 601 2281 scripta,
641 2243 762 2282 quam
803 2228 993 2280 dignitate
1031 2225 1180 2278 aliqua,
1219 2233 1264 2264 ut
1299 2226 1578 2278 imperatoria,

151 2288 314 2328 auctus,
345 2289 414 2320 aut
441 2282 481 2320 in
510 2282 718 2336 collegium
747 2282 907 2335 aliquod
925 2313 937 2332 ,
985 2288 1031 2319 ut
1059 2280 1299 2320 sacerdotale
1323 2311 1335 2332 ,
1372 2288 1578 2333 receptus,

151 2335 320 2375 subditis
356 2343 426 2374 aut
462 2336 621 2390 collegis
657 2336 926 2391 flagitantibus
957 2336 1092 2384 dabat,
1129 2350 1207 2388 qua
1233 2350 1298 2374 eos
1327 2336 1376 2374 de
1403 2350 1484 2374 non
1512 2350 1579 2374 ae-

151 2391 336 2444 cipiendo
363 2405 434 2443 per
460 2406 502 2430 se
541 2393 714 2443 damno,
758 2393 808 2430 de
849 2406 930 2431 non
960 2391 1187 2430 amittendis
1213 2393 1378 2429 vetustis
1405 2391 1580 2442 iuribus,

152 2444 204 2484 de
231 2460 312 2484 non
338 2446 538 2484 turbanda
566 2447 746 2486 doctrina
773 2446 992 2485 orthodoxa
1020 2453 1092 2485 etc.
1120 2459 1279 2485 securos
1304 2459 1388 2484 esse
1406 2445 1582 2485 iubebat.

155 2499 222 2539 lta
259 2500 364 2553 apud
395 2500 617 2540 Habertum
644 2502 830 2540 Pontifie.
860 2516 901 2569 p.
923 2500 1016 2555 495.
1039 2507 1098 2540 est
1125 2498 1150 2553 ἢ
1179 2495 1292 2551 παρὰ
1321 2499 1405 2539 τῶν
1431 2501 1580 2554 θεοφι-

155 2551 362 2594 λεστάτων
398 2556 705 2607 μητροπολιτῶν
743 2553 814 2594 καί
847 2552 1183 2607 αρχιεπισκόπων
1210 2549 1403 2607 συνήθως
1431 2555 1473 2594 ἐν
1525 2555 1582 2610 τῷ

157 2608 288 2662 καιρῷ
327 2609 400 2660 τῆς
444 2609 702 2660 χειροτονίας
745 2611 934 2662 γινομένη
970 2609 1046 2650 τοῦ
1089 2606 1301 2659 συμβόλου
1341 2607 1577 2662 ἀσφάλεια,

157 2665 310 2714 sponsio
344 2673 382 2702 ec
401 2665 732 2719 professioufidess
759 2680 860 2719 quae
879 2679 958 2719 pro
991 2679 1096 2704 more
1120 2664 1219 2703 solet
1243 2678 1270 2702 a
1288 2665 1582 2717 religiosissimis

163 2719 413 2771 metropolitis
455 2729 491 2760 et
529 2721 826 2774 archiepiscopis
866 2730 1034 2774 tempore
1075 2720 1334 2759 ordinationi-5
1370 2722 1582 2773 praestari.
