1884 3132
42 952 103 987 Ed.
126 953 161 986 L.
195 964 252 987 101

284 158 393 213 320
566 179 639 220 ιο.
679 178 785 221 mc.
836 180 1030 223 Rmsxn
1070 180 1459 230 conmmanit.

502 279 669 319 Dl'ctant
698 281 1085 338 qmdrupedantlbus
1093 286 1299 335 steros-em.

499 335 574 374 Illi
603 337 661 374 ad
689 339 859 376 claustra
871 381 879 389 ι
881 340 1084 387 fremant,
1112 344 1385 399 repagulisque

501 391 753 439 Incumbunc,
791 395 910 431 simul
941 403 979 432 et
1001 409 1079 448 per
1107 396 1305 436 obseratas

509 447 790 497 Transfimzant
814 450 964 487 tabulas
978 480 987 490 .
1022 459 1060 488 et
1091 460 1182 489 ante
1213 466 1369 493 cursum

503 502 671 555 Campus
681 502 851 557 ‘flatibus
879 513 1090 558 occupatur
1110 506 1258 547 absens.

500 557 737 610 Iinpellwzt,
772 560 988 612 trepidant,
1020 561 1179 599 trahunt
1192 592 1203 607 ,
1236 573 1479 617 repugnant,

503 611 745 659 Ardescunt,
774 615 920 652 saliunt
935 645 944 661 ,
978 615 1135 662 timent,
1170 618 1378 667 timentur,

501 667 586 705 Nec
621 681 790 718 gressum
816 670 1010 717 cohihent,
1039 671 1110 708 sed
1141 672 1312 726 inquieto

499 721 697 760 Daratnm
722 724 825 777 pede
860 726 1027 778 stipitem
1051 725 1284 779 flagellant.

509 777 684 816 Tandem
714 792 910 818 murmure
941 780 1121 818 buccinae
1147 784 1354 835 stt-‹pentis-

499 832 710 881 Smpensas
741 834 891 873 tubicen
920 849 1064 873 vocans
1099 837 1320 889 quadrigas

499 887 659 940 Efficdit
681 889 820 928 celeres
853 892 895 928 in
931 904 1035 927 arva
1065 904 1215 929 curras·-

373 941 460 980 182.
490 942 542 981 A.
565 943 604 982 6.
637 942 750 996 [312,
772 943 837 997 9.]
868 939 1102 994 πειράσωσι
1129 942 1228 991 τούς
1257 942 1422 993 ἵππους.
1477 948 1523 987 ln
1561 948 1721 990 decreto

279 997 419 1052 populi
457 997 641 1036 Patavini
674 996 785 1051 apud
803 1001 1000 1038 Mul-ator.
1028 999 1159 1038 T.11.
1192 999 1282 1039 Ital.
1316 1001 1415 1040 Ant.
1449 1017 1490 1055 p.
1519 1002 1641 1044 851.:
1667 1024 1723 1036 ·—

281 1056 337 1092 ita
365 1061 491 1091 tamen
504 1083 516 1102 ,
549 1054 657 1108 quod
688 1069 842 1094 currere
885 1069 963 1094 non
1002 1054 1141 1093 debeat
1177 1055 1236 1093 ad
1268 1070 1420 1095 cursum
1475 1057 1536 1111 [id
1575 1067 1635 1099 est
1679 1061 1723 1099 in

282 1122 400 1147 cursu
443 1107 508 1146 vel
545 1108 669 1162 circo]
709 1109 936 1149 dextrarius
975 1109 1143 1164 aliquis,
1182 1112 1253 1164 qni
1291 1125 1368 1150 non
1381 1112 1515 1163 ficet-it
1538 1116 1721 1154 aestim-

283 1173 342 1202 tus
375 1163 496 1201 libras
528 1165 811 1219 quinquaginta
840 1180 918 1219 per
945 1165 1114 1203 iudicem
1151 1174 1189 1202 et
1219 1167 1384 1205 militem
1414 1171 1638 1222 potestatis,
1678 1169 1722 1208 id

284 1225 342 1258 est
379 1232 450 1270 per
477 1219 723 1271 spatharium
755 1222 900 1259 summi
935 1222 976 1258 in
1013 1233 1171 1272 quaque
1209 1220 1310 1260 urbe
1348 1223 1552 1275 principis.

396 1274 450 1311 A.
475 1288 514 1327 7.
548 1274 659 1327 [312‚
690 1274 772 1328 10.]
802 1274 988 1320 τούτους.
1046 1276 1106 1312 Μ.
1131 1281 1220 1327 post
1242 1275 1287 1314 h.
1309 1290 1349 1315 v.
1377 1277 1652 1331 distinguunt,
1681 1285 1722 1318 et

285 1335 373 1382 post
399 1324 449 1366 τὰ
480 1325 679 1380 κάγκελλα
709 1331 899 1369 omittunt
931 1329 1241 1368 distinctionem.

397 1383 448 1422 A.
475 1398 535 1423 10.
569 1384 686 1438 [512‚
716 1384 791 1438 13.]
824 1381 1058 1436 ἐπιστάτης.
1117 1385 1194 1423 Est
1221 1384 1311 1432 ille,
1344 1387 1413 1439 qui
1450 1382 1528 1439 τὴν
1554 1385 1724 1439 {marr}-

284 1452 393 1490 μην,
421 1438 573 1478 bonum
605 1440 803 1490 ordinem,
834 1440 1084 1488 modestiam,
1115 1439 1368 1492 disciplinam
1398 1442 1616 1481 circensem
1650 1442 1724 1482 ob-

284 1494 435 1533 servari
466 1501 604 1540 curat,
636 1495 687 1534 de
715 1510 795 1549 qua
827 1497 936 1535 vocis
969 1496 1130 1533 notione
1162 1494 1257 1533 alibi
1290 1509 1379 1548 ago.

393 1547 447 1588 A.
466 1550 542 1588 ult.
576 1549 693 1604 [3¹2,
721 1550 800 1605 15.]
830 1551 903 1603 τῆς
930 1541 1067 1602 ὄρνας.
1123 1550 1232 1588 Haec
1275 1564 1378 1590 urna
1405 1552 1590 1591 circensis
1614 1559 1724 1594 extra

283 1619 377 1645 usus
411 1614 569 1658 tempus
603 1607 778 1658 reposita
810 1614 896 1645 erat
924 1608 967 1645 in
998 1605 1184 1645 vestiario
1224 1607 1335 1658 regio
1350 1636 1361 1655 ,
1402 1614 1449 1646 ut
1488 1614 1598 1660 patet
1624 1622 1647 1647 e
1673 1622 1720 1661 p.

286 1675 331 1700 21
346 1676 382 1700 1.
404 1662 458 1699 D.
479 1661 555 1700 ult.
1649 1691 1653 1701 .

394 1717 438 1758 Β.
460 1718 497 1756 3.
528 1716 646 1770 [312‚
674 1715 755 1770 18.]
784 1713 834 1755 τὰ
866 1713 942 1755 δύο
971 1713 1165 1769 σφαιρία.
1237 1715 1346 1769 Ergo
1383 1730 1565 1769 quaeque
1604 1717 1726 1756 factio

284 1772 400 1810 binos
430 1771 604 1810 habebat
632 1771 814 1825 globulos
845 1772 884 1810 in
919 1785 1063 1810 urnam
1099 1771 1340 1821 mittendos,
1379 1785 1482 1824 quae
1511 1773 1624 1824 prius
1652 1773 1723 1812 de-

285 1827 436 1866 bebant
464 1829 504 1865 in
549 1824 708 1882 φατνίῳ
741 1841 809 1866 seu
850 1841 981 1879 capsa,
1013 1824 1147 1864 arcula
1187 1825 1360 1879 oblonga
1377 1856 1390 1876 ,
1427 1833 1647 1879 spectatum
1682 1834 1723 1866 et

286 1883 505 1921 indicatum
534 1883 703 1935 exponi,
746 1883 800 1920 ita
828 1889 874 1920 ut
901 1882 982 1920 duo
1010 1881 1162 1934 globuli
1190 1881 1370 1919 Venetae
1410 1881 1594 1920 factionis
1633 1896 1722 1920 eam

287 1939 382 1976 circi
413 1946 594 1990 partem,
638 1939 678 1974 in
718 1952 798 1990 qua
834 1938 978 1976 Veneti
1007 1936 1215 1985 sederent,
1264 1943 1303 1974 et
1339 1934 1491 1988 globuli
1530 1936 1728 1976 Prasinae'

287 1992 468 2031 factionis
496 2006 584 2031 eam
625 2000 793 2045 partem,
824 1994 865 2030 in
897 2006 975 2044 qua
1003 1991 1162 2030 Prasini
1190 1989 1395 2039 sederent,
1426 1993 1681 2042 respicerent.

397 2049 444 2087 B.
466 2046 505 2098 4,
536 2048 649 2102 [312‚
677 2047 761 2100 18.]
793 2045 920 2086 τόπον
947 2043 1065 2085 ἴδιον.
1122 2045 1181 2083 Μ.
1210 2042 1333 2084 τόπον
1360 2042 1432 2084 τὸν
1458 2041 1579 2084 ἴδιον.

395 2104 504 2142 Β.6.
549 2104 663 2154 [312‚
695 2102 780 2155 2o.]
820 2101 865 2141 ἐκ
902 2095 1140 2153 προσώπου.
1213 2098 1350 2138 Vll-em
1395 2101 1727 2153 gerenssloaam

288 2167 438 2206 tenens,
468 2159 536 2211 qui
564 2171 637 2209 pro
666 2170 835 2210 persona
863 2155 1029 2194 alicuius
1048 2162 1128 2192 est.
1187 2154 1320 2192 Latini
1350 2155 1471 2194 medii
1497 2155 1587 2194 aevi
1617 2157 1722 2194 ima-

287 2214 462 2264 ginarios
493 2213 591 2251 tales
619 2212 888 2265 appellabant.
935 2210 1030 2250 Vid.
1062 2209 1127 2247 Du
1160 2210 1294 2260 Cange
1319 2209 1363 2248 h.
1391 2224 1430 2251 v.
1635 2213 1637 2215 ’

399 2267 444 2305 C.
479 2282 509 2306 1.
542 2268 655 2321 [313‚
678 2266 733 2319 5.]
766 2263 804 2305 οἱ
844 2262 1123 2319 ὄφφικιάλιοι.
1190 2263 1420 2315 Officiales,
1459 2264 1510 2304 ad
1544 2261 1719 2302 officium

288 2324 557 2374 pertinentes,
586 2322 834 2360 democratae
871 2319 1041 2367 scilicet,
1085 2326 1180 2368 aut,
1229 2321 1261 2357 si
1301 2319 1416 2359 malis
1434 2348 1447 2370 ,
1489 2318 1722 2370 demarchi,

289 2383 335 2414 ut
368 2385 483 2416 erant
514 2379 714 2430 magistri,
744 2389 924 2415 cursores
939 2405 951 2427 ,
981 2375 1191 2426 agitatores
1219 2381 1295 2412 etc.

400 2433 444 2470 C.
466 2431 506 2474 6.
539 2433 654 2483 [515‚
676 2430 730 2485 7.]
757 2431 840 2470 τῶν
870 2426 925 2468 δ”.
985 2429 1242 2480 Agitatorum
1270 2441 1428 2481 nempe,
1457 2439 1628 2480 quorum
1656 2425 1720 2464 bi·-

291 2499 364 2523 nos
392 2486 442 2524 de
469 2488 624 2526 Veneta
659 2494 698 2526 et
719 2485 841 2525 binos
869 2484 921 2523 de
946 2485 1110 2523 Prasina
1128 2485 1172 2523 in
1195 2483 1264 2522 illo
1292 2481 1482 2522 sortiendi
1509 2488 1600 2520 actu
1617 2495 1723 2520 asse-

292 2539 419 2584 disse,
452 2541 571 2593 paulo
599 2548 692 2580 ante
720 2539 859 2579 Noster
886 2539 1052 2578 dixerat.

402 2594 447 2632 C.
491 2610 530 2646 7.
580 2598 695 2648 [3=3‚
738 2595 798 2648 8.]
843 2591 894 2633 τοὶ
925 2588 1214 2645 προζεύξαντα.
1283 2591 1454 2630 Videtur
1501 2590 1724 2643 significare

293 2662 430 2702 equae,
486 2652 555 2701 qui
610 2659 726 2689 antea
767 2652 846 2688 iam
887 2649 1136 2687 cucurrerint
1174 2650 1215 2686 in
1254 2646 1358 2685 ludis
1400 2645 1640 2684 circensibus
1683 2653 1734 2684 et,

294 2703 416 2741 iuncti
446 2703 547 2751 bigis
576 2713 645 2742 aut
681 2705 911 2758 quadrigis,
941 2710 980 2741 et
1007 2702 1160 2741 clarum
1195 2714 1339 2740 nomen
1378 2699 1510 2752 adepti
1553 2699 1718 2739 fuerint.

295 2756 403 2809 Quid
428 2754 561 2797 autem
580 2758 701 2800 dictio
733 2759 810 2805 ἕως
839 2754 962 2808 ὅτου,
991 2771 1181 2811 quousque
1209 2755 1284 2795 sibi
1310 2753 1432 2804 velit,
1479 2769 1560 2793 non
1600 2768 1725 2808 expu⁴
