1884 3132
226 140 301 183 ΑΒ
336 137 636 182 consum.
669 137 868 180 PORPH.
906 139 978 178 DE
1017 135 1199 178 cmm.
1241 137 1338 176 Lm.
1378 138 1430 176 11.
1475 118 1587 192 687

151 252 220 285 tur
245 244 323 284 hae
350 242 559 283 columbae
582 241 782 282 exemtiles
809 249 848 281 et
890 242 992 281 sorte
1019 241 1275 281 cochlearum
1303 254 1379 294 ope
1403 240 1589 279 crucibus

149 299 359 352 adaptatae
401 299 552 347 fuisse3
598 312 642 337 v.
674 297 726 336 ad
765 311 808 350 p.
831 297 923 350 339.
944 298 988 335 B.
1018 296 1055 339 5.
1112 297 1300 348 Superest
1326 295 1403 334 alia
1429 309 1590 349 quoque

150 356 254 398 ratio
298 367 436 394 vocem
463 348 686 405 περιστεραὶ
729 351 948 404 exponendi
978 358 1114 390 nostro
1143 351 1218 390 hoc
1248 353 1289 389 in
1316 350 1419 389 loco.
1473 350 1588 389 Scili-

147 417 209 448 cet
238 404 486 460 περιστερὰν
513 407 714 461 appellant
741 408 835 445 novi
865 407 1009 445 Graeci
1040 406 1226 444 laciniam
1254 405 1402 444 insulae
1428 406 1469 444 in
1499 421 1587 445 sca-

146 463 264 517 pulas
293 463 579 516 dependentem
603 475 749 515 easque
775 469 971 514 tegentem
984 461 1034 499 ad
1052 461 1176 499 instar
1205 461 1356 499 caudae
1383 460 1586 500 columbi·

145 533 248 568 nae;
276 532 358 572 quo
389 517 508 556 modo
535 517 567 556 si
595 519 683 570 quis
727 515 794 555 hic
820 515 932 555 malit
964 512 1174 568 accipere‚‘
1204 530 1283 554 non
1324 517 1582 555 intercedam.

146 574 268 612 Notat
308 573 418 613 hune
454 572 639 611 vocabuli
682 585 799 610 usum
844 571 1001 610 Ricaut.
1023 573 1064 609 in
1092 571 1355 623 descriptione
1401 570 1587 611 ecclesiae

147 629 323 668 GraeCae
349 642 390 681 p.
410 641 466 666 m.
480 626 571 666 208.
589 641 600 665 :
633 627 682 665 ils
692 635 848 681 portent
862 626 911 665 de
928 627 1084 665 bonnets
1096 626 1254 664 doubles
1270 627 1320 664 de
1341 626 1470 674 blanc,
1488 628 1583 666 cl'ot'c

140 684 254 737 pend
269 683 440 723 dem-iere
465 683 502 720 le
532 682 603 721 dos
630 697 704 720 une
737 696 856 737 queue
875 682 924 720 de
946 682 1066 720 me⁴me
1097 681 1224 731 e'tolle,
1251 681 1365 736 qu'z‘ls
1386 683 1585 735 appellent

145 734 395 790 περιστερὰ,
433 752 508 776 une
533 737 726 784 colombe,
752 737 1010 791 pretendunt,
1040 735 1180 791 qu'elle
1207 746 1263 774 esc
1290 736 1502 775 l’emblbme
1533 737 1585 776 de

144 793 379 832 l'iaemoceace
398 793 448 831 de
466 793 552 833 leur
567 793 632 831 vie
658 799 734 830 etc.
756 807 767 842 ς
797 791 881 831 vid.
900 792 966 829 Du
993 791 1188 844 Cangium
1216 805 1253 828 v.
1271 791 1511 846 Liripipium
1542 800 1583 831 et

143 843 378 899 περιστερά.
434 847 545 886 Talis
571 846 780 886 columbae
809 861 878 886 seu
906 845 1072 885 laciniae
1101 847 1295 885 cervicem
1323 848 1490 899 tegentis
1519 848 1582 885 vi-

142 901 237 940 dere
264 909 323 941 est
357 902 570 953 imaginem
597 903 639 940 in
668 901 786 940 titulo
813 899 964 949 libelli,
997 915 1117 954 quem
1147 901 1198 940 P.
1227 902 1283 939 M.
1313 901 1503 940 Paciaudi
1529 902 1581 941 de

141 956 340 997 umbellae
372 959 588 1010 gestatione
628 957 778 996 Romae
825 970 932 995 anno
973 958 1176 1009 superiore
1212 956 1327 1010 1752.
1356 957 1506 1000 edidit.
1535 959 1579 997 in

141 1025 297 1064 gemma
343 1013 472 1051 Musei
502 1011 723 1051 Victoriani
745 1041 757 1062 ‚
787 1012 827 1050 in
872 1025 952 1064 qua
978 1011 1163 1050 Pontifex
1204 1012 1446 1063 conspicitur
1472 1026 1579 1066 equo

140 1074 278 1105 vectus
295 1095 307 1116 ‚
349 1065 499 1120 populo
534 1066 773 1106 benedicens
793 1096 805 1118 ‚
845 1079 964 1120 quem
1016 1069 1197 1120 sequitur
1238 1069 1444 1120 apparitor
1480 1082 1575 1107 cum

139 1119 329 1160 umbella.

249 1176 295 1214 C.
313 1175 353 1215 6.
385 1175 578 1230 [582‚6.]
625 1171 889 1228 ἕργομοῦκια.
961 1175 1071 1227 Quid
1110 1176 1208 1216 haec
1235 1191 1312 1215 vox
1346 1177 1417 1216 sibi
1446 1177 1573 1227 velit,

137 1244 220 1270 non
248 1244 450 1284 assequor.
524 1233 668 1284 Liquet
705 1231 865 1285 quidem
905 1245 1026 1284 opera
1062 1239 1149 1271 arte
1175 1239 1215 1270 et
1243 1235 1405 1271 materie
1432 1236 1575 1273 eximia

136 1285 357 1338 designari,
386 1284 518 1338 qualia
558 1283 661 1337 ἔργα
685 1282 890 1337 χειμευτὰ
920 1294 1038 1335 sunt,
1069 1294 1108 1324 et
1134 1294 1344 1326 stemmata
1364 1317 1376 1338 ‚
1406 1295 1446 1326 et
1473 1303 1574 1328 auro

136 1346 256 1392 atque
285 1342 449 1392 gemmis
478 1341 581 1379 facta
608 1343 771 1390 omnia,
801 1348 842 1379 at
857 1340 924 1379 illa
951 1342 1178 1380 terminatio
1203 1336 1358 1391 μούκια
1386 1342 1490 1382 male
1509 1358 1577 1385 me

135 1393 271 1443 habet,
299 1409 427 1448 neque
447 1403 608 1447 exputo‚
637 1395 744 1434 unde
767 1398 915 1435 veniat.

249 1449 295 1488 C.
321 1463 380 1487 ιο.
412 1448 530 1504 [582‚
557 1448 641 1503 10.]
674 1446 872 1502 ζωνάρια.
928 1450 974 1489 In
993 1450 1190 1504 cingulis,
1221 1459 1267 1490 ut
1292 1452 1383 1498 viri,
1416 1453 1472 1491 sic
1491 1453 1577 1494 foe-

135 1503 268 1543 minae
294 1518 454 1557 quoque
479 1504 690 1544 orientales
718 1507 933 1543 maximum
962 1514 1144 1545 exercent
1170 1505 1307 1545 luxum
1335 1507 1466 1546 adhuc
1495 1509 1574 1548 ho-

133 1558 211 1598 die.
266 1559 423 1598 Turcae
464 1566 504 1598 et
548 1559 700 1599 Arabes
726 1574 865 1598 vocem
912 1560 1017 1599 hanc
1045 1575 1068 1599 a
1097 1563 1258 1600 Graecis
1288 1564 1540 1603 retinuerunt
1558 1593 1571 1615 ‚

134 1614 290 1653 ziiemar
314 1614 556 1667 appellantes
584 1615 709 1653 latum
730 1614 958 1668 cingulum,
990 1617 1098 1668 quod
1115 1616 1331 1655 Christiani
1364 1619 1572 1672 utriusque

132 1682 246 1708 sexus
272 1683 391 1722 super
415 1677 556 1709 ventre
583 1677 740 1723 gerunt.
798 1671 903 1709 Nam
933 1671 1040 1724 quod
1056 1671 1381 1711 Muhammedani
1410 1682 1567 1726 gerunt,

133 1741 194 1772 est
224 1725 334 1798 zm>
371 1735 557 1774 Uschach.
586 1736 782 1789 Peraptus
811 1743 870 1775 est
898 1736 1221 1776 locusTeixeirae
1250 1739 1288 1776 in
1305 1738 1408 1777 libro
1422 1740 1569 1793 Hispa-

129 1790 222 1828 nico
263 1790 313 1829 de
350 1791 508 1843 regibus
551 1791 713 1830 Persiae
737 1806 777 1844 p.
799 1790 851 1830 25
870 1815 923 1821 -
945 1791 1028 1842 28„
1059 1792 1130 1831 uhi
1160 1793 1296 1832 multis
1322 1794 1372 1831 de
1399 1796 1568 1848 cingulis

130 1844 383 1883 orientalium
411 1845 615 1898 disputat3
646 1846 753 1884 unde
795 1846 892 1884 haec
917 1846 1128 1899 decerpere
1155 1849 1292 1887 iuvat:
1322 1850 1487 1904 siempte
1516 1866 1567 1889 en

129 1898 173 1936 Ia
198 1899 338 1937 Persia
352 1928 364 1948 ,
386 1901 542 1950 suet-on
582 1901 642 1939 las
680 1903 852 1940 citatur-as
889 1903 1028 1940 sennal
1048 1903 1097 1940 de
1120 1904 1244 1941 hom-a
1272 1918 1309 1954 y
1342 1905 1542 1957 dignidczd
1550 1936 1562 1954 ‚

118 1967 158 2003 y
175 1967 254 1992 aun
282 1955 384 2004 oylo
401 1968 470 1993 ,ςοη
486 1985 497 2005 ,
517 1970 554 2006 y
577 1970 694 2008 segun
723 1957 765 1994 Ia
783 1958 947 1994 materia
967 1971 1004 2008 y
1018 1958 1113 1995 obra
1131 1988 1142 2006 ‚
1172 1959 1297 1996 dellas
1315 1973 1355 1997 se
1380 1974 1536 1998 conosoe
1550 1991 1563 2007 ,

127 2008 225 2061 qual
252 2022 291 2045 es
315 2009 365 2046 de
393 2023 476 2048 mas
501 2023 524 2048 ο
554 2024 683 2049 menos
707 2013 998 2064 preeminencia
1015 2041 1028 2063 ‚
1057 2036 1110 2041 —
1145 2027 1296 2067 porque
1334 2029 1419 2051 mas
1450 2016 1567 2053 noble

125 2076 166 2099 es
194 2063 235 2100 la
266 2063 316 2100 dc
336 2077 406 2102 oro
419 2094 430 2111 ‚
462 2078 590 2103 menos
619 2066 661 2104 la
682 2066 732 2104 de
756 2067 872 2120 plata
884 2081 900 2114 ‚-
930 2081 1015 2105 mas
1043 2068 1084 2105 la
1102 2069 1340 2120 guarnecida
1366 2083 1437 2107 con
1461 2071 1562 2108 cier-

127 2126 188 2155 tas
214 2117 399 2170 piedraS,
421 2133 459 2169 y
498 2133 629 2158 menos
667 2121 709 2159 la
750 2122 800 2159 de
834 2135 964 2160 menos
1004 2123 1170 2160 heclmra
1186 2141 1197 2160 :
1243 2123 1293 2160 de
1326 2133 1449 2161 suet-te
1488 2139 1563 2179 que

125 2184 243 2223 segun
282 2173 388 2210 cada
435 2174 535 2227 qual
571 2175 671 2215 tiene
710 2176 750 2214 el
783 2176 900 2229 lagae·
939 2191 987 2215 en
1028 2178 1190 2232 palacio
1210 2207 1221 2225 ‚
1265 2179 1476 2228 ansycralte
1517 2179 1564 2217 la

123 2228 295 2278 cz'ntmja.
1252 2246 1254 2248 ’

233 2282 288 2319 D.
313 2295 347 2318 1.
379 2279 493 2333 [582,
519 2281 601 2336 13.]
646 2281 1009 2336 στηθοκαράκαλα.
1067 2286 1181 2324 Verti
1211 2287 1353 2324 cuculli
1375 2297 1559 2340 pectora-

125 2335 182 2373 les
198 2366 209 2382 ‚
239 2336 307 2374 sed
336 2334 472 2373 malim
507 2350 656 2391 cappae
684 2337 749 2376 vel
771 2342 967 2392 paenulae
999 2341 1225 2394 pectorales·
1282 2342 1381 2378 Nam
1411 2343 1556 2381 cuculli

122 2391 274 2442 pectori
302 2404 382 2428 non
411 2393 665 2431 conveniunt.
720 2392 944 2432 Caracallae
980 2402 1073 2433 sunt
1108 2402 1236 2432 vestes
1262 2395 1424 2434 villosae
1453 2396 1557 2436 tala-

123 2457 204 2494 res3
232 2459 356 2498 quare
379 2451 513 2483 autem
542 2446 693 2497 στῆθος
709 2447 952 2500 ingrediatur
966 2449 1069 2487 hanc
1100 2450 1440 2500 compositionem,
1474 2466 1556 2490 non

123 2507 282 2551 exputo.
349 2499 453 2538 Nam
490 2514 585 2538 sane
623 2501 816 2539 caracalla
856 2502 967 2541 nulla
1006 2509 1110 2552 erat,
1137 2517 1239 2555 quae
1278 2503 1370 2542 cuin
1409 2512 1554 2545 trunco

125 2554 302 2605 corporis
327 2562 464 2606 pectus
491 2569 648 2607 quoque
676 2556 794 2594 simul
823 2570 903 2595 non
932 2556 1098 2595 velaret.

230 2608 346 2647 D.*2.
380 2609 490 2663 [582,
517 2609 593 2662 13.]
623 2607 856 2648 διακοπταὶ.
915 2611 1066 2650 Vocem
1093 2612 1197 2650 hanc
1223 2611 1274 2650 cl.
1316 2612 1552 2653 Antecessor

122 2675 235 2699 meus
260 2675 300 2713 p.
328 2677 414 2716 ¹72·
442 2664 488 2702 C.
510 2677 551 2716 9.
578 2678 648 2717 per
674 2666 827 2703 excisas
856 2674 977 2704 vestes
1004 2666 1204 2717 reddidit,
1232 2668 1439 2719 respiciens
1456 2683 1552 2720 pro-

123 2715 188 2754 cul
215 2715 338 2755 dubio
364 2718 415 2757 ad
442 2725 570 2758 vestes
596 2719 704 2758 fissas
733 2719 796 2759 vel
814 2720 975 2770 scissas,
1007 2735 1110 2774 quae
1134 2736 1207 2776 per
1226 2731 1332 2762 certa
1360 2723 1550 2763 interval-
