1884 3132
230 111 344 168 662
548 133 620 173 10.
664 123 767 173 iAc.
808 132 1003 180 ausim
1043 131 1424 200 COMMENTAml
1457 135 1459 138 ⁴

231 244 271 274 et
287 235 560 277 conformata.
627 237 819 275 Gestabat
847 250 991 291 nempe
1020 244 1108 279 vest
1110 251 1152 275 <s
1178 236 1265 276 illas
1287 268 1298 285 ‚
1348 251 1447 291 quas
1475 236 1688 292 Theophi-=

231 289 294 329 lus
324 291 424 343 Imp.
452 291 503 330 ad
555 291 616 330 sui
664 292 767 330 sorte
813 294 992 344 ccipoiis
1036 305 1268 333 mensuram
1311 292 1396 331 fieri
1442 301 1676 342 curaverat,

232 359 284 398 qu
277 360 314 383 τε·
317 360 359 384 n
396 345 487 386 illac
516 361 539 384 a
564 348 764 399 pr·ioiil)us
804 347 1117 400 lumper-aimibus
1160 347 1211 386 ad
1240 361 1281 386 se
1307 349 1560 387 transmissae
1598 361 1682 387 non

234 401 405 453 amplius
448 403 599 440 servire
637 409 798 454 possent
818 435 830 452 ,
879 403 947 441 sed
981 409 1175 442 vetustate
1203 401 1458 453 diffluerent,
1490 403 1610 466 idque
1636 417 1683 442 ex

233 457 415 495 instituto
443 458 657 496 maiorum.
711 458 816 496 Satis
843 465 949 496 celte
979 456 1213 510 intelligitui
1240 471 1262 496 e
1290 459 1431 498 Niceta
1459 459 1574 496 initio
1594 458 1683 497 Ma-

234 511 364 550 nuelis
394 513 589 550 Comneni
607 542 618 562 ‚
650 526 732 551 non
762 515 937 566 potuisse
966 527 1210 575 quemquam
1237 527 1321 577 pio
1339 513 1516 568 legitimo
1549 513 1684 566 Impe-

234 573 369 605 r·at01e
398 566 555 617 habeni,
585 568 654 620 qui
683 581 733 605 τα
764 563 1014 619 γιωριστικὰ
1058 568 1142 606 τῶν
1170 566 1456 625 mazoeum-1.
1489 582 1656 607 coronas
1669 590 1690 618 ‚-

236 629 417 675 scopu-‚a
450 630 607 672 vestes,
651 623 751 676 insig,
749 623 820 661 nia
866 621 1086 675 impeiialia
1114 630 1271 663 vetusta
1297 625 1432 663 omnia
1460 637 1542 662 non
1571 637 1696 662 acce-·

236 680 358 730 pisset
390 679 430 715 in
457 655 751 716 coronatione.0
792 679 913 728 Quod
942 679 1069 731 ipsum
1100 678 1139 716 in
1179 680 1435 717 coronatione
1463 679 1687 731 Imperato-

236 748 326 772 rum
371 740 603 772 nostrorum
650 735 844 786 contingit
880 733 1130 786 aliorumque
1157 747 1297 787 regum
1327 733 1648 772 Christianorum
1671 764 1686 786 ¹

237 791 306 840 qui
345 796 470 829 vestes
500 788 631 827 Caroli
661 790 718 826 M.
748 789 931 841 quamvis
959 790 1038 827 situ
1066 787 1292 828 diffluentes
1322 789 1518 838 induunt,
1550 795 1591 827 et
1618 803 1688 828 co-

237 858 357 882 ronas
386 843 625 896 vaegrandes
644 844 819 883 eiusdem
837 851 875 882 et
905 844 947 884 S.
971 843 1164 896 Stephani
1194 850 1233 882 et
1247 845 1289 883 S.
1307 843 1489 883 Eduardi
1518 851 1557 883 et
1588 843 1689 883 alio-

238 913 330 937 rum
363 905 498 937 tamen
531 907 685 952 gerunt.
741 899 827 940 lino
855 913 1068 952 procerum
1107 913 1266 952 quoque
1302 907 1430 938 vestes
1467 900 1688 962 processio-

238 953 348 992 nales
379 962 417 992 et
450 956 696 1006 pompaticae
724 956 819 1006 ipsis
853 968 875 992 e
903 955 1089 993 vestiario
1134 956 1243 1007 legio
1289 954 1341 994 ad
1371 955 1562 1017 temporis
1594 954 1688 992 bre-

239 1011 302 1046 vis
334 1023 450 1047 usum
480 1010 690 1048 commodo
718 1009 920 1047 dabantur
937 1038 948 1059 ‚
977 1016 1066 1061 post
1093 1008 1244 1048 finitam
1267 1011 1558 1073 plocessiouem
1574 1009 1689 1048 resti-

239 1064 712 1126 tuen<lac.Piopte1ea
755 1065 1055 1117 distiwruuntur
1080 1071 1255 1103 mutatoi
1258 1079 1294 1102 ia
1321 1059 1533 1115 βασιλικὰ,
1562 1079 1688 1117 regza,

241 1127 280 1156 et
307 1115 358 1156 τὰ
400 1118 529 1158 οικεῖα
559 1118 622 1157 vel
661 1116 710 1157 τὰ
740 1114 926 1167 ἑαυτῶν,
956 1133 1056 1172 (suae
1077 1128 1300 1158 senatorum
1341 1133 1512 1185 propt-‚za
1541 1128 1689 1168 essent,-

242 1176 298 1212 sic
326 1173 447 1236 paulo
484 1183 575 1238 post
603 1173 712 1212 hunc
741 1181 926 1213 nostrum
952 1172 1084 1212 locum
1112 1188 1154 1226 p.
1177 1174 1271 1212 332.
1294 1173 1346 1212 A.
1366 1172 1408 1212 8.
1448 1170 1690 1226 α’σπαθάρι-

242 1242 282 1265 υι
344 1224 451 1277 μετὰ
499 1225 551 1266 τὰ
595 1224 758 1268 ἑαυτων
807 1225 1011 1281 στιχάρια
1055 1237 1330 1268 memoiantur
1348 1257 1359 1278 ,
1419 1235 1459 1267 et
1514 1228 1692 1268 Codinus

243 1282 358 1320 Offic.
378 1283 432 1321 V.
460 1282 527 1323 53.
560 1290 710 1322 monet:
743 1283 919 1322 τοιαῦτα
949 1279 1160 1333 ἑνδυματα
1189 1281 1410 1322 ἐνδύονται
1441 1295 1516 1320 ουκ
1544 1283 1590 1322 ἐκ
1617 1282 1692 1336 τῆς

218 1333 448 1389 κούφης,
481 1336 568 1376 ἀλλ’
604 1336 648 1387 ἐξ
679 1336 854 1378 οἰκειᾞων
923 1337 1039 1376 Conf.
1069 1353 1107 1390 p.
1135 1338 1227 1377 335.
1251 1338 1304 1377 A.
1325 1337 1386 1388 4.‚
1416 1337 1486 1376 ubi
1514 1339 1693 1392 magistri

244 1392 505 1444 collegimum
534 1392 783 1431 urbanoium
815 1393 1006 1431 dicuntur
1035 1401 1164 1432 vestes
1182 1393 1473 1432 Sem-eticorum
1501 1400 1690 1446 gestasse.

246 1447 371 1500 Apud
401 1454 555 1487 veteres
566 1448 768 1487 Romanos
799 1449 877 1487 iam
906 1450 1101 1500 pretiosae
1121 1455 1247 1488 vestes
1274 1449 1522 1502 pompaticae
1549 1449 1590 1486 in
1611 1448 1692 1488 Ca-

245 1502 388 1555 pitolio
418 1503 729 1542 asservabantur
757 1511 797 1542 et
827 1518 850 1541 a
879 1503 1118 1542 Consulibus
1146 1518 1242 1543 usus
1269 1512 1449 1557 tempore
1484 1517 1692 1556 exprome-

244 1557 426 1608 bantur3
468 1572 509 1597 v.
541 1559 688 1611 Script.
721 1558 827 1598 Hist.
856 1559 962 1612 Aug.
1004 1559 1131 1597 T.11.
1169 1574 1205 1612 p.
1227 1558 1294 1599 83.
1329 1574 1364 1597 1.
1423 1558 1562 1597 Vestes
1591 1573 1692 1613 quo-

246 1627 342 1666 que,
371 1627 474 1666 quae
516 1627 653 1652 recens
694 1614 900 1652 honoratis
938 1613 1210 1652 induebantur
1237 1615 1278 1652 in
1316 1616 1473 1666 signum
1502 1613 1693 1661 honoris,

245 1675 338 1722 post
366 1675 570 1720 peractam
599 1670 895 1722 promotionem
923 1669 1036 1707 reddi
1049 1669 1262 1708 debebant.
1323 1669 1436 1707 Conf.
1450 1667 1688 1722 Theophan.

247 1738 290 1776 p.
321 1722 410 1761 108.
432 1723 485 1761 A.
517 1725 606 1762 init.
674 1725 815 1763 Vestes
846 1723 935 1763 illae
977 1724 1218 1777 symbolicae
1254 1739 1277 1762 a
1307 1723 1522 1762 decedente
1567 1724 1695 1777 magi-

253 1786 381 1817 stratu
400 1807 412 1829 ‚
458 1786 503 1816 ut
534 1793 570 1817 e.
622 1786 929 1832 c.quaest01e‚
975 1779 1088 1818 reddi
1117 1787 1156 1818 et
1185 1779 1411 1819 succedenti
1439 1778 1546 1816 iniici
1575 1779 1696 1818 debe-

251 1833 377 1880 bant,
410 1840 456 1871 ut
487 1847 509 1872 e
548 1834 683 1872 Nostii
717 1849 758 1886 p.
782 1836 867 1887 157
888 1835 934 1873 B.
957 1849 996 1888 7.
1038 1842 1076 1873 et
1109 1833 1198 1873 158.
1221 1835 1274 1872 D.
1301 1835 1340 1872 3.
1371 1840 1560 1882 constat,
1595 1848 1697 1887 quo-

252 1902 344 1927 ium
373 1887 555 1926 locoium
583 1891 625 1927 in
655 1891 875 1952 posteiioie
898 1888 1172 1929 memorabilia
1200 1889 1297 1927 haec
1327 1889 1515 1941 leguntur
1541 1890 1694 1928 verba:

252 1941 306 1982 τὰ
333 1943 533 2006 χλανίὸια
562 1942 808 2007 ἐπαίρουσιν
838 1940 875 1982 οἱ
906 1939 1118 2008 ὸημαρχοι
1146 1939 1228 1982 ἀπὸ
1257 1946 1338 1982 τῶν
1366 1942 1698 1994 ὸιαδεὸεγμένων

257 1993 489 2049 ὸηιιάρχων
517 2021 570 2027 -
600 1996 742 2051 ἐπειδη
785 1996 976 2050 βασιλικά
1019 1999 1114 2038 εἰσι.
1173 1999 1266 2036 Non
1296 2005 1467 2051 gestatos
1494 1997 1613 2037 fuisse
1640 1998 1701 2037 lo-

255 2066 323 2091 los
371 2054 448 2091 nisi
494 2016 777 2092 solennissiniis
814 2061 853 2092 et
901 2053 1226 2106 splendidissimis
1266 2055 1308 2092 in
1353 2053 1668 2106 plocessionibus
1685 2083 1697 2099 ‚

255 2114 366 2159 patet
409 2122 501 2146 cum
539 2122 584 2146 ex
633 2116 838 2160 praesente
882 2109 1012 2147 Nostri
1046 2108 1134 2147 loco
1155 2138 1166 2159 ‚
1213 2116 1301 2149 tum
1346 2122 1367 2146 e
1407 2107 1498 2146 libri
1537 2108 1701 2147 secundi

256 2177 346 2214 cap.
369 2162 452 2213 40„
474 2162 706 2202 itemeloco
726 2165 870 2203 Leonis
888 2164 1147 2202 Giammatici
1176 2178 1214 2216 p.
1234 2163 1336 2225 472.
1348 2177 1358 2201 ε
1391 2164 1469 2201 τοῦ
1494 2162 1702 2215 βασιλέως

259 2218 321 2266 (de
333 2194 687 2270 Basilioloquitur)
727 2219 771 2258 ἐν
798 2219 853 2256 τῶ
884 2216 1014 2270 αὐτῆς
1047 2216 1336 2284 ἀνακαινισμῷ
1366 2218 1422 2272 [in
1451 2217 1704 2257 dedicatione

257 2272 458 2325 Deiparae
485 2272 631 2326 Pha1i]
663 2274 797 2325 λῶοον
816 2257 1070 2325 φοοέσαντος
1087 2287 1154 2311 και
1164 2270 1363 2339 χρήματα
1393 2268 1522 2311 πολλοὶ
1543 2268 1700 2316 δόντος.

370 2329 421 2365 A.
444 2327 486 2367 6.
518 2327 588 2382 [57
593 2329 636 2378 4,
661 2326 725 2381 7.]
771 2326 1006 2374 σκεπεῶνας
1035 2341 1103 2366 και
1149 2325 1424 2374 ἀνεξικακίας.
1499 2327 1706 2378 Scipiones

262 2379 460 2421 eburneos
489 2390 528 2421 et
555 2397 719 2435 mappas
749 2382 867 2421 fuisse
894 2390 1075 2421 veterum
1103 2383 1324 2422 Consulum
1341 2382 1614 2420 Romanorum
1633 2393 1705 2432 ge-

260 2443 415 2475 stamen
432 2466 443 2486 ‚
474 2452 495 2475 e
525 2437 724 2491 diptychis
767 2444 807 2477 et
835 2437 999 2476 aliunde
1023 2445 1190 2476 constat.
1246 2438 1339 2476 Nou
1367 2436 1578 2475 servabant
1606 2448 1708 2472 eun-

263 2490 354 2528 dem
379 2492 564 2530 ordinem
609 2494 650 2531 in
693 2492 865 2546 gerendo
889 2522 900 2542 ‚
941 2507 1071 2545 neque
1111 2506 1271 2545 semper
1314 2493 1506 2543 scipiones
1534 2490 1704 2538 dextra,

263 2558 477 2596 mappasve
520 2548 677 2586 sinistra
705 2547 913 2593 tenebant,
947 2548 1015 2586 sed
1051 2554 1090 2586 et
1118 2547 1205 2586 illos
1242 2554 1280 2591 et
1305 2546 1376 2584 has
1405 2544 1525 2586 modo
1551 2544 1703 2591 dextr‚a

263 2600 385 2636 modo
415 2603 593 2650 sinistia,
629 2610 674 2640 ut
702 2602 843 2641 liberet
862 2632 873 2650 ,
919 2603 1218 2655 conspiciuntur
1245 2608 1427 2653 gestasse.
1486 2598 1600 2638 Conf.
1620 2599 1704 2638 Va-

266 2651 338 2690 les.
378 2654 428 2691 ad
470 2656 673 2695 Ammian.
722 2656 902 2696 Mateell.
956 2672 996 2710 p.
1021 2671 1085 2710 29.
1126 2657 1173 2694 B.
1212 2657 1278 2694 Du
1309 2655 1442 2705 Gange
1469 2653 1625 2692 dissert.
1655 2653 1711 2692 de

270 2708 442 2754 nummis
471 2711 591 2751 medii
621 2713 708 2751 aevi
740 2716 777 2759 §-
803 2719 930 2751 11.et
970 2726 1035 2751 21.
1068 2710 1206 2750 Leich.
1235 2709 1284 2749 de
1313 2708 1508 2763 diptychis
1536 2722 1572 2747 c.
1597 2722 1638 2752 2.
1668 2715 1724 2754 et
