1884 3132
293 145 407 222 334
571 165 644 207 10.
686 166 791 208 1Ac.
833 168 1028 210 muslm
1067 169 1442 216 COMMENTARH

405 280 448 318 C.
470 294 510 333 7.
531 279 643 334 [333‚
665 281 751 336 20.]
772 277 939 334 ὅμοίως.
994 284 1062 324 Ab
1097 285 1175 325 hoe
1196 287 1318 327 verbo
1342 304 1493 330 novum
1529 302 1648 348 eaput
1671 296 1735 335 in-

296 336 390 389 cipit
415 335 557 388 procul
578 336 716 376 dubio.
775 339 991 392 Sequentia
1015 342 1121 380 enim
1150 343 1268 382 titulo
1291 359 1373 384 non
1405 349 1660 400 respondent.

403 391 449 429 C.
471 405 512 445 9.
534 390 655 445 [5335
678 391 770 447 22.]
801 393 1063 448 παραβάτου.
1118 398 1292 438 Membr.
1307 402 1571 454 παραβατοῦ.
1624 405 1734 446 Neu-

291 453 397 484 trum
427 446 622 499 intelligo.
1675 495 1678 498 ,

400 501 447 540 C.
479 516 538 540 11.
557 501 675 556 [334
702 502 752 557 1.]
782 503 854 543 καί
880 500 1094 556 κάγκελλα.
1148 509 1208 547 Μ.
1231 507 1305 549 καὶ
1330 506 1381 550 τὰ
1410 505 1626 562 κὰγκελλα.

398 557 452 596 D.
481 572 515 596 1.
541 557 655 612 [33ss
681 558 743 612 5.]
772 556 1171 611 μεταλαμβάνοντες.
1201 564 1344 604 Posuit
1358 581 1541 619 praesens
1563 582 1637 621 pro
1662 583 1732 609 ao-

290 613 386 652 risto
412 614 586 652 secundo
609 610 935 665 μεταλαβόντες,
960 628 1118 671 accepta
1144 634 1258 658 sacra
1295 624 1578 662 communione.
1635 624 1728 664 Me-

287 663 568 718 ταλαμβάνειν
596 669 758 724 simplex
780 684 854 722 pro
878 668 1216 723 μεταλαμβάνειν
1251 675 1324 728 τῆς
1365 675 1484 724 θείας
1527 677 1734 732 τραπέζης

288 723 353 763 vel
379 721 594 770 κοινωνίας
620 725 685 764 vel
711 722 921 774 συνάξεως
944 728 1038 765 110νί
1068 730 1210 768 Graeci
1239 740 1450 784 usurpant.
1509 734 1570 772 Ita
1592 733 1729 773 Theo-

286 779 437 832 phanes
451 794 493 832 p.
517 778 609 830 240.
635 780 687 819 A.
743 779 1054 835 Conf.Nostrip.
1082 783 1170 838 149.
1190 786 1244 824 A.
1263 785 1301 837 4.
1354 788 1415 826 lta
1443 802 1605 842 quoque
1636 791 1732 829 sim-

285 835 374 887 plex
409 831 681 885 μεταδιδόναι
715 850 789 888 pro
818 852 972 875 sacram
1003 854 1163 878 coenam
1202 841 1326 881 alicui
1357 840 1582 897 porrigere
1608 859 1729 899 supra

284 905 325 943 p.
355 891 444 940 141.
468 890 513 928 B.
538 889 593 938 5.,
642 889 730 945 149.
757 891 811 930 A.
838 900 877 930 et
898 892 1006 931 alibi.
1504 895 1507 897 ’

396 946 447 986 D.
468 945 509 985 6.
535 944 646 999 [534
671 948 732 1000 7.]
759 952 1047 1001 χειραφορεῖν.
1106 950 1166 988 Μ.
1187 954 1314 1005 χεῖρα
1338 956 1482 1006 φορεῖν
1498 984 1511 1005 ‚
1533 954 1730 995 distinctis

287 1000 468 1040 vocibus.
527 1001 722 1040 Neutrum
744 1001 935 1055 intelligo.

374 1055 464 1120 195.
498 1055 552 1095 A.
588 1070 622 1095 1.
663 1056 787 1111 [534,
827 1057 904 1112 11.]
953 1058 1014 1105 εἰς
1051 1059 1346 1113 τοποτηρῆσαι.
1399 1064 1456 1102 Μ.
1489 1062 1549 1110 εἷς
1585 1059 1634 1104 τὸ
1659 1077 1726 1104 το-

283 1124 531 1164 ποτηρησαι.
776 1132 782 1139 ·

392 1166 444 1205 A.
466 1181 506 1205 2.
532 1166 668 1221 [ibid]
701 1162 872 1207 ἱππικὸν
888 1165 1085 1217 παγανὸν.
1139 1170 1261 1220 Quod
1283 1171 1446 1212 absente
1465 1174 1724 1227 Imperatore,

286 1222 395 1275 quod
423 1223 653 1276 septimanis
697 1230 736 1261 et
765 1223 916 1276 absque
946 1224 1174 1264 solennibus
1207 1228 1431 1268 cerimoniis
1455 1229 1515 1269 fit.

393 1277 446 1316 A.
478 1277 518 1328 4.
551 1277 675 1332 [35ss
721 1277 803 1332 14.]
834 1279 878 1318 ἐν
911 1279 1045 1330 μέρει.
1099 1282 1159 1319 Μ.
1199 1281 1372 1334 ὲμμέρει
1404 1292 1444 1323 et
1476 1285 1531 1323 sic
1564 1299 1728 1339 quoque

284 1347 324 1386 p.
357 1334 451 1372 203.
485 1333 538 1371 D.
571 1347 606 1371 1.
635 1332 809 1373 Membr.
845 1334 995 1374 habent
1020 1334 1186 1390 ὲμμέσῳ
1209 1350 1231 1374 e
1253 1345 1387 1377 vetere
1411 1339 1696 1394 orthographia
1713 1371 1728 1392 ,

281 1403 383 1442 quae
408 1390 554 1441 passim
580 1389 621 1426 in
639 1390 803 1428 Graecis
827 1390 1093 1429 marmoribus
1114 1393 1288 1430 occurrit
1302 1423 1312 1440 ‚
1343 1401 1387 1433 ut
1408 1395 1514 1447 apud
1536 1395 1724 1435 Chishul-

283 1443 369 1482 lum
398 1446 438 1482 in
470 1443 640 1496 AntiqU.
661 1444 823 1485 Asiatic.
848 1459 889 1497 p.
911 1446 973 1484 50.
1002 1447 1043 1483 in
1075 1445 1341 1498 psephismate
1376 1449 1610 1502 Sigeorum:
1639 1447 1726 1503 τῆμ

280 1496 500 1550 βασιλείαν
518 1529 529 1550 ,
558 1498 649 1549 τῶμ
677 1498 960 1551 πραγμάτων,
1001 1496 1086 1552 τὴμ
1114 1498 1312 1556 πατρῴαν
1344 1500 1506 1556 ἀρχὴν,
1548 1520 1589 1559 p.
1633 1504 1723 1560 147.

281 1553 334 1604 ἐμ
363 1554 608 1609 πρυτανείῳ.
664 1554 788 1607 Apud
811 1556 962 1594 Murat.
998 1556 1124 1595 Inscr.
1152 1571 1195 1609 p.
1219 1556 1312 1612 749.
1332 1573 1375 1596 n.
1407 1558 1446 1598 5.
1481 1555 1569 1610 σύμ
1596 1557 1730 1612 πατρὶ

281 1616 321 1648 et
346 1625 384 1662 p.
426 1609 542 1663 1457.
572 1625 613 1648 n.
650 1624 689 1663 7.
725 1606 886 1663 λυγρὸμ
913 1607 1073 1661 πότμον
1101 1619 1139 1650 et
1165 1612 1259 1651 alibi
1293 1612 1388 1652 talia
1415 1613 1561 1668 plura3
1590 1629 1632 1654 v.
1657 1614 1720 1654 Cl.

279 1665 455 1704 Dorvill.
477 1665 527 1703 ad
549 1665 758 1704 Chariton.
783 1680 824 1719 p.
848 1667 943 1706 525.
1001 1667 1135 1706 Dictio
1162 1666 1206 1706 ἐν
1233 1666 1355 1719 μέρει
1390 1670 1584 1722 signifieat
1615 1669 1725 1723 quod

281 1720 620 1760 Gallofraueieum
647 1723 673 1759 ὰ
701 1735 770 1760 son
793 1730 892 1760 tour.
949 1722 1122 1772 Quando
1155 1720 1179 1761 ὅ
1208 1725 1447 1775 τοποτηρῶν
1464 1739 1547 1764 11011
1574 1724 1726 1764 solum-

280 1777 401 1815 modo
421 1776 554 1815 locum
581 1784 621 1815 et
643 1778 750 1816 vices
773 1776 961 1827 alterius,
989 1777 1057 1816 sed
1097 1776 1142 1817 ἐν
1168 1776 1288 1830 μέρει
1303 1807 1314 1828 ,
1336 1779 1477 1818 ordine
1501 1780 1727 1818 certaminis

284 1831 336 1871 ad
362 1847 404 1871 se
435 1846 597 1885 quoque
624 1833 832 1880 veniente,
869 1834 953 1885 ipse
976 1847 1137 1886 quoque
1164 1847 1374 1886 personam
1405 1848 1517 1873 suam
1553 1837 1669 1888 gerit.

389 1898 443 1937 A.
466 1897 505 1938 5.
531 1897 649 1952 [534‚
678 1897 758 1951 14.]
789 1893 814 1951 ἧ
843 1894 1051 1953 διάκρισις)
1075 1898 1214 1952 ἐνέγκῃ
1243 1899 1320 1937 τοῦ
1346 1897 1722 1951 τοποτηρουμένου.

278 1955 403 1993 Ferat
418 1983 429 2004 ,
458 1953 499 1992 id
523 1961 580 1992 est
597 1954 754 2007 alferat,
786 1968 928 2006 nempe
954 1954 1356 2008 recompensationem,
1387 1955 1583 1993 retribuat
1612 1956 1725 1995 vica·

277 2012 338 2049 rio
369 2022 443 2063 pro
478 2011 667 2062 praestita
697 2023 818 2062 opera
859 2008 967 2062 quod
1014 2009 1180 2061 dignum
1208 2009 1444 2048 iudicaverit
1472 2012 1721 2063 praemium,

278 2065 535 2104 consideratio
551 2096 560 2112 ‚
594 2066 775 2104 diseretio
798 2095 808 2111 ‚
843 2066 922 2103 eius
947 2065 1011 2102 cai
1030 2078 1150 2118 opera
1179 2064 1334 2102 vicaria
1364 2066 1608 2104 commodata
1619 2067 1723 2117 suit.

278 2120 414 2159 Latini
455 2122 656 2174 sequiores
700 2120 1045 2158 consideratioraem
1081 2126 1121 2157 et
1156 2118 1424 2158 discretionem
1467 2120 1724 2173 appellabant

277 2173 351 2227 τὴν
392 2175 658 2229 φιλοτιμίαν,
699 2190 820 2228 quam
852 2177 941 2228 quis
973 2174 1086 2212 alteri
1126 2188 1200 2227 pro
1235 2174 1383 2213 iudicio
1419 2189 1491 2214 suo
1524 2176 1617 2224 dat,
1648 2181 1719 2214 aut

278 2231 409 2283 ipsum
442 2231 658 2280 iudicium,
703 2245 783 2282 quo
821 2230 983 2268 alterius
1016 2243 1178 2282 operam
1215 2231 1421 2280 aestimat,
1452 2232 1591 2283 quanti
1623 2229 1721 2268 saci-

280 2287 383 2324 enda
409 2293 447 2325 et
476 2286 769 2324 remuneranda
793 2286 854 2325 sit.
879 2284 1153 2323 Theodericus
1178 2298 1245 2322 rex
1272 2286 1379 2338 apud
1403 2285 1684 2324 cassiodorum
1704 2299 1717 2324 :

278 2341 425 2380 dudum
458 2342 498 2379 T
494 2342 642 2380 homati
669 2342 830 2393 aurigae
854 2354 909 2379 ex
947 2341 1104 2378 orientis
1122 2340 1300 2394 partibus
1334 2340 1560 2379 advenienti
1584 2353 1713 2379 anno-

279 2410 351 2434 nas
371 2397 622 2435 rationabiles
649 2397 905 2435 consideratio
933 2404 1065 2434 nostra
1093 2395 1238 2446 largita
1266 2404 1335 2433 est.

389 2451 444 2490 A.
465 2451 505 2491 6.
530 2451 648 2506 [534
678 2450 763 2504 15.]
793 2445 1028 2503 ἀστοχήσει.
1049 2449 1090 2489 Si
1108 2450 1278 2489 vicarius
1291 2464 1375 2489 non
1389 2450 1539 2500 vincit,
1565 2447 1626 2487 nil
1641 2448 1718 2489 fert

283 2503 333 2543 ab
361 2520 406 2545 eo
423 2537 434 2557 ,
461 2508 574 2545 cuius
601 2507 774 2546 vicarius
813 2513 885 2545 est.

391 2562 444 2600 A.
469 2578 509 2616 7.
533 2561 648 2615 [534
677 2561 758 2615 15.]
787 2561 918 2614 μηδὲν
937 2559 1164 2606 ποιοῦντος.
1219 2559 1260 2598 Si
1288 2558 1337 2598 de
1366 2558 1515 2596 vicario
1539 2571 1610 2596 suo
1639 2556 1716 2596 ali-

281 2616 369 2667 quis
389 2616 489 2654 nihil
510 2618 782 2664 constituerit,
808 2616 967 2655 nullum
998 2615 1337 2660 denominaverit,
1375 2620 1414 2651 et
1437 2612 1580 2665 aliquis
1607 2612 1716 2651 ultro

283 2671 325 2707 in
353 2671 435 2708 eius
459 2671 590 2710 locum
622 2672 832 2722 succedat,
861 2671 1114 2724 palmamque
1148 2669 1272 2716 ferat,
1309 2667 1451 2720 accipit
1493 2668 1715 2720 praemium

283 2739 409 2764 unum
432 2725 593 2779 aliquod
614 2727 662 2766 de
683 2727 775 2776 illis,
801 2741 920 2779 quae,
936 2734 981 2765 ut
999 2726 1184 2776 diximus,
1208 2736 1394 2776 vesperae
1408 2722 1716 2763 distribuuntur.
