1884 3132
289 115 400 173 560
608 136 683 179 10.
712 135 816 179 1Ac.
854 135 1048 177 Rmsxn
1080 134 1455 178 commssmAnu

289 249 346 288 ud
366 254 440 300 est,
477 261 599 302 qnam
643 256 815 289 statuere
832 279 843 298 ‚
892 249 969 287 hoc
997 262 1167 303 parvum
1207 256 1438 302 argenteum
1482 249 1732 307 horologium

292 304 414 344 fuisse
457 303 666 358 gestatile,
703 319 786 343 non
818 304 980 358 quidem
1008 307 1050 343 in
1089 306 1320 358 marsupio,
1362 303 1495 358 qualia
1542 314 1615 346 no‘s
1639 321 1730 362 per-

291 373 413 412 quam
442 361 598 398 minuta
626 359 835 408 habemus,
877 364 985 406 (nam
1013 360 1054 397 id
1082 373 1205 412 genus
1233 373 1280 399 eo
1308 373 1407 399 aevo
1434 360 1614 400 nondum
1645 371 1741 403 erat·

292 421 432 453 notum
450 416 477 465 ,)
508 415 577 454 sed
605 414 726 467 quale.
750 416 792 453 in
821 428 958 453 mensa
985 416 1123 468 reponi
1153 421 1222 453 aut
1249 414 1299 452 ad
1330 416 1522 467 parietem
1539 417 1636 470 erigi
1666 432 1732 457 so-

289 468 364 509 let.
415 470 533 509 Patet
578 470 618 508 id
659 483 819 524 quoque
845 484 890 509 ex
919 468 1007 508 loco
1035 477 1131 508 noto
1167 469 1436 522 Rheginonis,
1477 484 1557 524 quo
1585 471 1732 511 dicitur

287 534 447 586 Aaron,
489 549 557 575 rex
571 533 872 586 Saracenorum,
899 526 1045 590 Mjl
1072 525 1207 591 02¹9
1236 534 1381 574 Carolo
1426 536 1486 575 M.
1527 536 1731 592 horologi-

290 616 360 640 um
397 603 574 652 misisse,
598 601 708 655 quod
736 601 804 640 ille
831 600 1013 654 pluribus
1041 601 1254 652 describit3
1284 608 1460 654 repetere
1487 609 1622 643 tamen
1647 618 1731 644 non

285 654 415 696 lubet.
473 656 623 696 Saltem
643 657 683 695 id
711 671 757 696 ex
788 670 835 695 eo
864 655 952 695 loco
981 655 1195 710 colligitur,
1226 656 1479 710 horologium
1503 658 1616 697 'istud
1644 663 1729 698 me-

285 711 454 751 chanica
486 719 571 751 arte
600 712 719 751 fuisse
757 717 905 750 actum.
961 711 1237 751 Habuerintne
1274 718 1409 750 autem
1438 713 1579 752 Graeci
1607 713 1729 753 horo-

287 765 393 820 logia
412 797 423 815 ,
456 766 591 820 qualia
616 781 688 806 nos
716 768 758 805 in
786 766 1077 819 campanilibus
1120 766 1375 806 ecclesiarum
1400 774 1627 807 nostrarum
1653 769 1727 808 ha-'

284 821 426 861 bemus
446 851 458 873 ,
494 836 710 875 campanae
742 836 842 861 sono
873 821 950 860 diei
980 822 1183 876 noctisque
1212 821 1331 862 horas
1359 822 1603 874 indicantia,
1645 838 1728 863 non

285 875 441 930 liquet3
469 877 538 916 sed
565 879 631 917 vix
676 875 862 916 videntur
889 876 1098 924 habuisse,
1138 879 1321 929 quamvis
1358 878 1400 916 in
1429 884 1564 916 nostro
1591 879 1727 918 codice

286 933 438 984 passim
460 934 609 971 mentio
650 932 719 971 fiat
745 929 940 985 horologii
968 931 1010 970 S.
1041 931 1236 984 Sophiae,
1282 933 1376 971 item
1420 932 1646 985 Tripetonis
1682 941 1728 972 et

288 986 639 1041 Chrysotriclinii,
671 995 709 1026 et
736 987 844 1039 apud
891 985 989 1025 alios
1025 985 1223 1039 horologii
1276 987 1317 1026 S.
1346 988 1507 1025 Ioannis
1545 987 1726 1027 Prodro-

283 1043 356 1089 mi.
411 1042 512 1080 Nam
539 1049 760 1095 potuerunt
787 1043 829 1080 in
857 1039 935 1080 illis
963 1042 1141 1080 turribus
1170 1042 1287 1080 fuisse
1311 1040 1484 1094 reposita
1513 1040 1581 1081 illa
1602 1041 1725 1096 ligna,

284 1091 504 1150 σήμαντρα
541 1097 703 1136 Graecis
741 1096 847 1135 dicta
864 1126 876 1144 ‚
907 1096 1052 1149 quibus
1095 1096 1146 1135 ad
1173 1110 1306 1148 preces
1334 1096 1602 1135 evocabantur
1627 1098 1725 1137 olim

285 1150 428 1190 Graeci
468 1151 698 1191 Christiani.
735 1151 833 1191 Vid.
873 1151 924 1190 ad
964 1165 1004 1204 p.
1032 1165 1118 1190 ιοο.
1154 1152 1200 1190 C.
1222 1164 1263 1204 9.
1305 1151 1424 1190 dicta.
1494 1151 1582 1190 Non
1609 1151 1725 1192 dissi-

284 1205 439 1245 mulare
466 1214 602 1246 tamen
653 1221 839 1260 possum,
878 1208 1060 1245 constare
1085 1220 1108 1245 e
1140 1205 1228 1244 loco
1254 1206 1429 1259 quodam
1456 1203 1725 1260 Anthologiae

284 1263 463 1300 Graecae
490 1262 565 1300 sub
614 1262 734 1301 finem
762 1260 855 1300 libri
875 1262 967 1307 IV„
998 1263 1079 1299 iam
1107 1260 1263 1300 saeculo
1281 1262 1352 1300 Vl.
1384 1262 1577 1300 instructa
1605 1262 1724 1302 fuisse

282 1314 490 1369 horologia
522 1317 771 1356 Graecorum
799 1323 869 1355 aut
895 1315 1043 1354 tabulis
1071 1317 1202 1354 aeneis
1221 1345 1232 1365 ,
1272 1317 1312 1355 in
1345 1316 1489 1369 quibus
1514 1316 1724 1356 duodecim

282 1367 406 1409 borae
444 1379 572 1410 essent
609 1379 792 1418 notatae,
835 1378 905 1409 aut
935 1372 1137 1424 campanis
1176 1370 1386 1410 duodecies
1427 1384 1496 1424 per
1524 1370 1630 1410 diem
1657 1386 1726 1412 so·-

280 1425 497 1477 nantibus,
538 1428 652 1466 initio
693 1442 717 1466 a
745 1424 909 1479 singulis
949 1426 1092 1464 ictibus
1130 1425 1236 1464 facto
1275 1433 1313 1465 et
1358 1438 1570 1479 progressu
1596 1429 1724 1479 usque'

280 1480 331 1518 ad
363 1481 582 1521 duodenos.
642 1482 746 1521 Nam
786 1481 896 1521 locus
936 1488 1065 1534 potest
1104 1487 1277 1535 utroque
1302 1481 1423 1520 modo
1450 1481 1609 1535 exponi,
1637 1489 1721 1521 tam

286 1548 431 1590 anceps
450 1545 522 1580 est.
578 1537 756 1577 Eccum:

442 1601 592 1655 Δῶρον
615 1599 861 1643 Ἰουστίνοιο
890 1600 1196 1656 τυραννοφόνου
1226 1600 1424 1654 βασιλῆος

497 1654 571 1696 καί
595 1658 756 1711 Σοφιής
789 1655 946 1709 α’λόχου
966 1688 976 1706 ‚
1009 1657 1157 1711 φέγγος
1185 1656 1424 1709 ἐλευθερίης

443 1707 593 1764 ὡράων
620 1712 818 1762 σκοπιάζε
846 1708 975 1766 σοφὸν
1003 1707 1238 1764 σημάντορα
1260 1709 1442 1762 χᾳλκὸν,

497 1765 629 1819 αὕτῆς
658 1766 704 1806 ἒκ
730 1764 911 1817 μονάδος
941 1765 1068 1819 μέχρι
1098 1763 1370 1812 δυωδεκάδος.

279 1831 342 1870 De
370 1831 521 1870 Iustino
540 1833 694 1871 iuniore
723 1831 921 1886 loquitur.
979 1830 1240 1871 Memorabile
1267 1833 1310 1869 in
1324 1831 1402 1870 hoc
1421 1830 1510 1871 loco
1535 1831 1575 1871 id
1600 1833 1719 1873 etiam

277 1893 336 1925 est
352 1915 362 1933 ‚
394 1887 503 1939 quod
533 1902 622 1936 αεε,
663 1897 842 1940 argutum
880 1889 1066 1926 horarum
1100 1887 1288 1933 indicem,
1321 1885 1495 1939 appellat
1521 1888 1648 1927 lunum
1668 1890 1719 1927 li-

278 1942 450 1981 bertatis.
507 1941 624 1981 Sexto
653 1943 733 1981 iam
762 1943 881 1996 igitur
909 1941 1066 1982 saeculo
1094 1955 1308 1994 campanae
1335 1955 1553 1995 earumque
1580 1943 1717 1996 pulsa-

275 1996 334 2035 tio
366 2003 451 2035 erat
479 1997 707 2050 symbolum
736 1996 930 2036 libertatis
957 1997 1120 2036 urbium
1139 2025 1150 2046 ,
1187 2003 1232 2035 ut
1260 1995 1379 2035 hodie
1407 2004 1478 2035 est.
1537 1998 1615 2036 Vix
1642 2012 1717 2051 pu-

276 2057 360 2089 tem
388 2051 485 2090 alibi
513 2051 630 2090 huius
658 2054 716 2091 rei
744 2053 954 2105 vestigium
982 2058 1147 2090 exstare.
1200 2037 1269 2089 Et*-
1284 2050 1360 2089 hoc
1389 2059 1474 2101 est,
1503 2065 1627 2105 quare
1653 2052 1714 2091 lo-

274 2120 368 2144 cum
395 2106 503 2145 hunc
530 2107 580 2145 de
613 2108 816 2160 campanis
846 2106 983 2144 malim
1002 2137 1012 2152 ,
1057 2119 1179 2158 quam
1207 2119 1299 2144 cum
1327 2105 1414 2145 aliis
1443 2106 1493 2146 de
1521 2108 1716 2159 gnomone

275 2162 480 2200 sciaterico
509 2163 699 2214 accipere.
730 2206 733 2210 ,
759 2161 899 2215 Aeque
927 2161 1094 2200 dubium
1125 2174 1243 2214 porro
1271 2167 1330 2199 est
1356 2159 1482 2211 illud,
1509 2162 1617 2215 quod
1628 2163 1717 2200 Mu·

273 2214 531 2254 hammedani
570 2218 612 2255 in
631 2216 812 2256 turribus
853 2216 1128 2255 moschearum
1167 2230 1328 2255 suarum
1375 2215 1577 2255 habebant
1622 2223 1715 2255 suos

273 2300 314 2335 ς)
324 2272 497 2330 xiil-clau
511 2311 523 2332 ‚
550 2282 728 2320 horarios
772 2295 841 2321 seu
887 2282 1077 2320 horarum
1125 2280 1396 2320 observatores
1415 2311 1426 2332 ‚
1463 2288 1510 2320 ut
1547 2294 1592 2320 ex
1615 2279 1712 2319 Abu

274 2347 451 2386 Oseibah
478 2347 624 2395 didici,
655 2348 723 2400 qui
755 2347 806 2386 de
833 2347 1006 2400 quodam
1035 2346 1319 2386 Muhammedo
1346 2347 1425 2386 ait:
1452 2339 1599 2398 &593
1621 2335 1711 2400 ΨΚ

272 2404 448 2461 ‘oswi
484 2405 577 2470 ple>
612 2403 794 2447 matam&
844 2404 974 2446 &Ua—0
1009 2405 1080 2469 με
1113 2403 1149 2457 ,3
1182 2404 1284 2470 ⁸⁵31-er
1319 2421 1406 2451 erat
1440 2412 1619 2466 phoenix
1648 2412 1712 2449 sui

272 2478 456 2531 temporis
506 2479 548 2516 ιἰι
583 2479 741 2517 scientia
785 2479 1016 2533 corficiendi
1055 2480 1169 2518 horas
1219 2478 1281 2532 [id
1309 2484 1365 2516 est
1407 2474 1631 2530 horologia]
1670 2485 1710 2515 ec

272 2531 314 2568 in
341 2534 499 2570 scientia
531 2530 746 2572 stellamm.
818 2534 920 2572 Erat
950 2533 1017 2572 ille
1064 2533 1185 2572 homo
1213 2532 1399 2571 saladino
1434 2530 1633 2583 aequalis,
1664 2531 1708 2570 id>

273 2591 330 2622 cst
358 2587 516 2625 vivebat
546 2588 701 2626 saeculo
722 2589 821 2627 XII.
878 2589 1030 2627 Verum
1057 2589 1150 2640 quia
1177 2587 1352 2635 additur,
1381 2599 1471 2623 eum
1499 2585 1615 2624 fuisse
1642 2596 1706 2638 pe-v

272 2639 393 2676 ritum
422 2644 684 2681 astronomiae
703 2673 713 2690 ‚
761 2657 930 2695 pronum
959 2650 1016 2681 est
1052 2642 1250 2694 colligere,
1279 2638 1483 2694 horologia
1511 2639 1578 2678 illa
1605 2654 1704 2692 gno-

274 2702 410 2733 mones
456 2695 600 2736 solares
637 2697 756 2736 horas
786 2712 830 2737 ex
866 2698 1008 2737 umbra
1051 2698 1254 2735 metientes
1282 2695 1415 2734 fuisse.
1473 2694 1544 2735 Est
1570 2703 1710 2734 tamen·
