1826 3126
199 211 275 254 An
313 209 612 254 cossus-r,
650 210 851 253 ponpa.
880 211 952 251 DE
992 209 1173 252 cmm.
1211 211 1309 251 Lm.
1354 212 1387 251 1.
1446 191 1517 247 33

82 311 203 354 πόλει
227 308 378 380 ἑκάστη
403 312 451 361 ἒς
475 312 668 364 βενέτους
692 312 740 353 ἐκ
770 313 957 352 παλαιοῦ
983 313 1056 352 καί
1073 311 1299 378 πρασίνους
1317 308 1518 381 διῄροντο,

84 366 138 408 οδ
164 365 297 415 πολὺς
324 357 371 407 δε
393 365 546 433 χρόνος
570 369 616 417 ἐξ
642 360 694 407 οὗ
720 366 879 407 τούτων
910 382 955 407 τε
982 369 1066 408 τῶν
1092 365 1309 418 ὀνομάτων
1334 367 1410 408 καί
1433 382 1519 407 των

82 423 238 490 βαφοῖν
277 420 396 462 ἕνεκα
411 419 541 463 --τοί
566 435 615 462 τε
650 418 850 475 χρήματα
889 421 1107 462 δαπανῶσι
1141 437 1212 462 και
1247 422 1298 463 τὰ
1339 420 1519 473 σώματα

85 477 297 542 αἰκισμοῖς
320 475 585 544 πικροτάτοις
611 478 848 541 προΐενται,
890 491 960 517 και
987 473 1184 540 θνήσκειν
1213 475 1290 516 οῦκ
1317 475 1519 525 ἀπαξιοῦ-

82 546 130 572 σι
155 527 356 594 θανάτῳ
362 545 581 596 αισχιστῳ.
625 529 841 599 μάχονται
879 531 927 572 δὲ
942 526 1060 598 πρὸς
1096 527 1195 577 τοῦς
1220 526 1520 572 ‹Enixa-‘hora-

81 587 258 639 μὲνους,
301 577 399 626 οῦτε
429 571 584 633 εἰδότες
619 582 720 626 οτου
760 579 905 632 αυτοῖς
939 583 1057 625 ἕνεκα
1096 583 1118 626 ὁ
1155 583 1342 634 κίιδυνὸς
1379 586 1518 636 ἐστιν,

81 636 400 691 ἐξεπιστάμενοί
418 653 464 679 τε
490 654 575 692 ως,
620 634 674 694 ἢν
699 641 772 680 καί
804 640 1064 692 περιέσονται
1102 640 1187 680 τῶν
1222 640 1439 692 δυσμενῶν
1466 640 1520 696 τῇ

79 693 231 760 μάχῃ,
260 695 501 746 λελείψεται
528 695 671 742 αῦτοις
699 694 946 759 ἐπαχθῆναι
971 695 1051 763 μὲν
1076 690 1228 736 αὐτίκα
1266 696 1326 743 εἰς
1360 693 1406 735 τὸ
1449 682 1520 735 δε·

81 746 336 816 σμωτήριον,
365 748 639 802 αἰκιζομένοις
665 749 713 790 δὲ
740 748 793 790 τὰ
821 746 980 802 ἔσχατα
995 744 1086 790 εἶτα
1114 748 1386 790 ἀπολωλέναι.
1415 747 1520 802 φύε-

19 824 24 829 ·
78 818 153 844 ται
175 819 256 856 μεν
283 798 357 845 οῦν
382 803 527 852 αὐτοῖς
552 802 600 845 τὸ
630 804 675 852 ἐς
701 802 799 853 τούς
826 805 955 852 πέλας
981 802 1109 856 ἔχθος
1137 803 1274 845 αἰτίαν
1301 800 1379 844 οῦκ
1405 803 1516 856 ἔχον,

79 856 199 911 μένει
233 858 271 899 δ’
297 856 592 928 ἀτελεύτητον
600 860 660 907 εἰς
690 856 763 900 τὸν
788 858 924 900 πάντα
952 859 1108 911 αἰωνα,
1147 857 1248 900 οῦδὲ
1274 858 1516 924 συγγενειῖι,

81 912 183 954 οῦδὲ
212 915 365 981 φιλίας
383 914 523 979 δεσμῷ
550 909 680 980 εἶκον,
708 910 760 968 ἢν
789 929 858 954 και
888 912 1094 968 αδελφὸς,
1124 909 1153 967 ἢ
1180 908 1281 954 αλλο
1307 928 1350 954 τι
1374 928 1515 955 τοιου-

80 963 131 1008 τό
164 981 227 1021 γε
239 982 279 1009 οι
324 967 384 1016 εἰς
422 983 476 1009 τα
485 966 710 1037 χρ-ιόματα
743 969 875 1009 ταῦτα
912 970 1282 1037 φιλοστοργοῦντες
1316 965 1517 1035 διαφοροι

78 1016 175 1064 εἶεν.
226 1024 345 1087 με’λει
372 1023 419 1064 δὲ
445 1018 587 1071 αῦτοῖς
612 1019 708 1065 οῦτε
733 1021 884 1075 θείων,
913 1018 1005 1064 οὔτε
1023 1021 1294 1076 ανθρωπειῖυν
1319 1021 1518 1078 πραγμά-

78 1092 164 1119 των
190 1075 307 1144 παρὰ
333 1074 382 1119 τὸ
409 1078 453 1119 ἐν
486 1077 650 1142 τούτοις
676 1081 793 1135 νικᾷν
810 1102 834 1110 -
851 1102 876 1110 -
897 1093 968 1119 και
994 1081 1076 1120 τῶν
1096 1078 1343 1131 ἐπιτηδείων
1365 1080 1517 1119 σπανί-

79 1133 221 1182 ζοντες
255 1148 358 1181 ισως
381 1157 404 1165 -
421 1157 444 1164 -
464 1127 513 1174 οῦ
548 1121 896 1202 προσποιοῦνται,
936 1128 994 1198 ἦν
1018 1149 1065 1187 γε
1093 1133 1236 1180 αὐτοῖς
1273 1135 1440 1174 κεῖσθαι
1466 1147 1514 1174 το

78 1183 209 1239 μέρος
233 1189 356 1229 τοῦτο
382 1187 427 1228 ἐν
451 1189 568 1244 καλιιῦ
599 1187 741 1256 μέλλη.
798 1185 909 1229 οῦτω
943 1203 1025 1243 γαρ
1056 1203 1155 1236 τους
1181 1203 1412 1235 στασιωτας
1438 1203 1517 1230 κα-

77 1242 213 1283 λοῦσι.
265 1239 629 1295 μεταλαγχανουσι
678 1232 726 1284 a}
761 1244 839 1284 τοῦ
873 1257 1000 1309 αγους
1032 1242 1179 1284 τούτου
1217 1258 1286 1283 και
1323 1247 1516 1307 γυναικες

84 1294 252 1364 αῦτοῖς,
279 1297 334 1338 ου
361 1302 449 1345 τοῖς
474 1294 714 1351 οἷνδροὶσινι
697 1295 897 1350 επόμεναι
925 1297 1078 1351 μόνον,
1107 1295 1213 1339 α’λλὰ
1238 1297 1313 1338 καί
1339 1293 1514 1348 τούτοις,

79 1345 136 1392 ἂν
161 1347 270 1392 οὕτω
295 1367 439 1420 τυχοι,
482 1352 825 1416 α’ντιστατοῦσαι,
873 1354 1038 1407 καίπερ-
1058 1353 1158 1394 ου’δὲ
1193 1353 1238 1400 ἐς
1270 1369 1321 1394 τα
1348 1353 1515 1418 θέατρα

77 1403 126 1447 τὸ
164 1404 365 1473 παράπαν
406 1406 572 1459 ἰοῦσαι,
618 1401 715 1449 οῦτε
759 1423 838 1474 τῳ
853 1403 964 1464 αλλῳ
1002 1408 1122 1472 αιτίῳ
1159 1402 1348 1462 ἠγμέναι.
1405 1402 1514 1447 ω’στε
1586 1443 1590 1445 .

79 1459 158 1500 ουκ
184 1458 271 1514 ἔχω
298 1459 427 1515 ἔγωγε
454 1440 572 1503 ἄλλο
582 1478 625 1503 τι
652 1463 782 1504 εἰπεῖν
809 1458 838 1517 ἢ
863 1449 1007 1516 ψυχῆς
1036 1449 1210 1516 νόσημα.
1266 1464 1385 1502 Mitto
1401 1493 1413 1513 ,
1461 1477 1515 1502 ne

79 1516 228 1556 nimius
242 1517 341 1568 sim,
367 1518 545 1572 reliqua‘
535 1519 696 1572 insignis
715 1519 820 1567 loci,
848 1533 871 1558 e
889 1533 971 1572 quo
987 1520 1138 1558 insania
1154 1518 1371 1557 factionum
1388 1531 1516 1570 quan-

79 1577 124 1609 ta
158 1571 279 1610 fuerit
312 1580 435 1626 patet.
493 1574 624 1623 Quem
658 1574 691 1613 si
722 1573 971 1612 conferamus
997 1588 1088 1611 cum
1129 1573 1237 1611 Italis
1272 1572 1515 1624 quibusdam

80 1625 203 1665 medii
221 1627 310 1667 aevi
327 1627 608 1681 scriptoribus,
634 1635 798 1681 apparet
812 1628 984 1666 eundem
1005 1628 1181 1666 furorem
1198 1627 1251 1665 ad
1268 1626 1387 1665 Italos
1407 1641 1515 1679 quo·

77 1694 160 1734 que
179 1682 401 1732 transiisse,
436 1689 476 1721 et
491 1683 654 1722 tandem
669 1683 761 1721 inde
781 1691 897 1722 natos
924 1683 1043 1722 fuisse
1065 1682 1182 1721 ludos
1196 1681 1285 1720 illos
1311 1688 1514 1735 equestres

78 1742 352 1776 mmeamenta
380 1737 507 1777 dictos
520 1766 534 1788 ,
562 1738 639 1776 nisi
666 1738 797 1791 potius
815 1752 881 1777 eos
907 1752 931 1776 a
952 1737 1157 1776 Saracenis
1188 1736 1433 1775 Andalusiae
1459 1737 1514 1776 ad

78 1798 276 1832 nostrates
297 1799 532 1846 propagatos
564 1793 685 1832 dicas.
738 1794 800 1832 De
832 1792 1071 1831 factionibus
1105 1798 1164 1830 est
1199 1791 1363 1844 insignis
1399 1791 1513 1831 locus

78 1846 188 1899 apud
214 1847 432 1900 Agnellum
456 1848 508 1887 T.
529 1848 587 1887 11.
605 1848 751 1902 Script.
782 1849 878 1887 Rer.
898 1847 990 1887 Ital.
1020 1861 1063 1899 p.
1088 1845 1179 1897 154.
1213 1846 1255 1883 in
1278 1846 1374 1885 fine.
1429 1846 1514 1885 Die

77 1903 189 1941 omni
222 1902 442 1952 dominico,
492 1903 560 1942 vel
593 1904 854 1966 apostolor-mn
892 1902 958 1941 die
998 1903 1268 1941 Ravemaensae
1303 1903 1407 1939 cives
1432 1915 1514 1940 non

78 1957 203 1996 solam·
233 1958 420 2007 alliam-es,
469 1958 541 1997 sed
566 1959 684 1997 eciam
707 1959 888 1997 diversae
921 1959 1058 1996 aetatis·
1075 1980 1096 1987 -
1111 1980 1131 1986 -
1150 1964 1243 2010 post
1266 1957 1513 2007 refectionem

71 2025 152 2066 per
174 2011 352 2052 diversas
375 2023 513 2068 portas
539 2015 778 2066 aggregatim
814 2013 1047 2066 egredientes
1073 2011 1131 2050 ad
1161 2025 1345 2065 pugnam
1368 2025 1512 2065 proce-

77 2066 196 2116 dunt,
226 2067 348 2107 deliri
357 2078 396 2107 et
413 2070 545 2108 insum
549 2097 562 2117 ,
592 2069 750 2123 quando
767 2070 848 2108 sine
863 2082 982 2107 causa
1000 2067 1118 2106 morti
1130 2080 1171 2104 se
1186 2066 1391 2104 sublicium
1405 2089 1456 2096 --
1470 2073 1516 2105 et

158 2135 182 2160 e
195 2122 349 2176 reliqua
365 2123 416 2162 de
439 2124 573 2163 fiii-ore
594 2123 700 2162 civili
726 2123 928 2163 horrenda
945 2129 1098 2161 narrat.
1155 2120 1383 2159 concinunt
1407 2134 1512 2173 quae

77 2135 250 2216 fficus
285 2179 529 2229 Ticinensis,
569 2179 737 2243 scriptor
763 2178 909 2218 saeculi
944 2178 1087 2226 xlv„
1106 2175 1156 2215 de
1182 2175 1264 2214 suis
1298 2175 1512 2228 gentilibus

77 2229 218 2271 habet.
279 2232 335 2272 Ut
354 2242 482 2272 autem
506 2248 535 2272 a
560 2236 732 2287 pueritia
755 2235 891 2272 melius
915 2233 974 2272 ad
998 2233 1139 2271 bellum
1163 2230 1399 2279 doceantur,
1427 2232 1512 2269 sin-

74 2287 181 2338 gulis
205 2286 338 2326 diebus
364 2288 570 2328 dominicis
594 2297 708 2343 atque
720 2290 843 2341 fistals
867 2288 1062 2343 quaedam
1089 2285 1306 2340 spectamla
1318 2286 1507 2337 faciwoe,

77 2355 187 2434 gae
199 2341 446 2392 battaliolae,
475 2344 546 2382 sed
570 2342 712 2382 Latine
729 2344 1011 2383 convenientum
1031 2341 1210 2381 bellicula
1226 2349 1509 2395 mmatpanuoe.

125 2397 281 2437 ividunt
305 2400 409 2437 enim
438 2400 635 2437 civitatem
665 2413 709 2438 ιιι
729 2408 865 2453 partes
903 2398 1024 2446 duas,
1069 2409 1234 2452 quas-um
1261 2407 1512 2459 unaquaeque

78 2451 220 2490 multas·
258 2454 453 2492 societates
484 2455 567 2492 sive
594 2454 765 2492 cohortes
798 2454 925 2492 habet.
981 2454 1143 2504 Pugnat
1167 2459 1295 2488 autem
1316 2439 1380 2489 ‘ad
1403 2451 1511 2489 ιἰιυί-

77 2518 160 2544 oem
189 2506 327 2560 ligneis
352 2522 473 2547 armzs
498 2515 575 2547 etc.
632 2509 778 2562 Liquet
801 2507 1028 2548 successisse
1057 2506 1120 2545 his
1147 2505 1252 2544 ludis
1274 2519 1389 2557 saepe
1417 2518 1510 2543 cru-

77 2561 182 2600 entis
221 2570 374 2603 nostras
407 2564 611 2604 societates
651 2570 693 2602 et
728 2564 911 2603 exercitia
956 2561 1247 2615 sagittariorum
1298 2560 1512 2622 (Schficzen

81 2615 319 2681 &rapas-nen
292 2620 368 2669 ιι),
403 2625 444 2657 et
472 2626 626 2658 nostras
648 2632 785 2668 areas,
815 2620 856 2657 in
883 2617 1029 2670 quihus
1058 2616 1230 2669 sclopeto
1262 2622 1302 2654 et
1321 2628 1418 2653 arcu
1445 2613 1511 2652 iu-

77 2682 199 2710 venes
216 2672 331 2711 civici
359 2681 618 2724 exercentur,
655 2673 807 2725 (Schies
804 2674 974 2726 graben,
1006 2672 1130 2710 valles
1157 2671 1414 2710 iaudatonvn
1439 2682 1512 2720 ap-

80 2723 293 2777 pellamus)
320 2727 396 2767 illis
421 2730 550 2782 pratis
582 2729 632 2768 de
663 2729 827 2767 battalia
855 2735 895 2766 et
922 2727 1076 2766 cab-culis
1105 2740 1205 2766 aevo
1227 2724 1359 2763 medio
1387 2723 1512 2761 usita-

81 2779 163 2829 tis,
193 2788 235 2820 et
250 2783 363 2821 cab-012³
390 2783 663 2837 hippodromi,
695 2791 742 2822 ut
770 2782 941 2837 appellat
958 2781 1216 2828 Gualvaneus
1235 2780 1286 2819 de
1307 2778 1346 2819 la
1373 2777 1511 2818 Flam-

128 2844 388 2884 Constantinus
409 2848 589 2895 Por-playn
622 2849 698 2885 Vol.
721 2849 767 2883 11.
1229 2844 1250 2879 3
