1884 3132
310 149 419 203 322
549 165 1041 207 -1o.1Ac.1>.E151<11
1081 166 1457 210 COMMENTARH

1743 238 1748 255 1

308 269 474 317 Glossae
503 270 577 308 Gr.
607 271 698 309 Lat.
719 271 847 309 Mstae
872 268 1026 320 ἒμβου)
1032 273 1203 321 ουκλον,
1231 272 1473 311 mbumclum
1501 272 1558 323 (id
1585 280 1643 313 est
1670 288 1743 328 per

308 326 655 377 transpositionem
679 325 735 364 illi
770 339 869 364 aevo
887 326 1073 364 usitatam
1093 328 1370 377 involucrum),
1391 328 1515 392 quod
1525 328 1593 366 Du
1613 329 1746 393 Gange

308 394 351 418 v.
383 380 637 422 [nbat-nelma,
665 395 744 419 non
775 380 969 419 debuerat
994 381 1205 420 sollicitare
1223 412 1233 430 ,
1283 389 1323 421 et
1349 381 1445 422 talia
1489 395 1569 422 οσα
1605 382 1745 437 κόνις,

309 435 456 488 quibus
486 436 725 475 annotandis
753 450 870 475 nemo
900 436 1021 475 finem
1058 438 1272 476 inveniret.

419 491 471 528 D.
493 489 531 540 4
564 490 789 545 [313,15.]
820 487 925 543 πρὸς
949 490 1174 544 ἀλλήλους,
1216 490 1436 543 στοιχοῦσι
1470 487 1546 539 τὰς
1575 491 1750 546 στρίγας

306 544 386 584 τῶν
414 529 642 612 θεωρητῶν
687 554 762 586 etc.
818 548 948 586 Locus
986 549 1040 586 ita
1068 547 1409 600 interpungendus
1450 553 1490 586 et
1526 546 1745 601 legendus.

302 596 411 651 πρὸς
449 598 651 652 ἀλληλους
697 601 911 653 στοιχοῦσι
954 598 1031 649 τοὶς
1063 601 1230 654 τρίγας,
1274 602 1356 641 τῶν
1397 602 1620 654 θεωρητῶν
1650 610 1744 651 εἴα,

306 657 581 707 committunt,
613 670 680 695 seu
704 671 865 710 compa1
867 664 908 695 at
935 671 1117 710 quaeque
1146 656 1263 696 factio
1291 658 1412 710 trigas
1439 671 1530 696 suas
1559 671 1652 696 cum
1673 665 1713 696 t1
1715 673 1748 696 1-

305 712 363 763 gis
395 710 586 760 alterius,
632 720 671 751 et
699 714 755 751 sic
783 713 971 751 ordinant
998 727 1063 751 eas
1086 742 1100 776 ⁹.
1139 727 1219 765 quo
1248 713 1389 752 ordine
1431 712 1474 750 in
1513 726 1633 751 cursu
1672 712 1743 752 de-

306 765 429 805 beant
463 780 604 806 currus
635 767 861 806 decllrrele.
921 768 1009 807 Non
1039 768 1145 806 enim
1183 767 1453 807 sortiebantur
1488 769 1566 806 nisi
1607 767 1659 815 de
1696 781 1745 807 eo

306 836 443 867 curru,
475 823 545 874 qui
581 823 744 861 deberet
770 824 951 876 p1oximo
974 838 997 862 a
1030 830 1135 861 meta
1174 837 1332 862 carcere
1374 824 1523 873 emitti;
1560 811 1618 862 de
1649 821 1746 862 reli-

305 877 394 929 quis
412 851 541 915 tiibus
569 879 779 928 cmribus,
809 879 873 917 hic
905 879 980 917 loci
1010 880 1120 931 tri'gzs
1147 877 1290 928 dictis,
1320 878 1390 932 qui
1412 874 1603 928 secundo,
1627 879 1746 917 tertio

306 939 345 969 et
381 939 526 984 quarto
552 930 795 987 μεσοστυλῳ
828 948 895 972 5811
931 948 1088 972 carcere
1116 933 1321 972 emittendi
1351 939 1507 982 essent,
1551 932 1746 986 transige-

305 987 405 1024 bant
452 994 492 1025 et
539 988 841 1040 paciscebantur
878 989 1068 1028 factiones
1103 990 1207 1026 inter
1245 1002 1315 1036 se,
1363 1001 1445 1040 quo
1477 986 1570 1026 illae
1601 988 1744 1027 ordine

305 1042 498 1080 deberent
527 1057 703 1082 cur¹.1ere
761 1044 870 1082 Intei
897 1044 995 1082 haec
1024 1043 1208 1095 abibant²
1235 1019 1448 1093 redibant,
1487 1041 1594 1082 ultro
1621 1045 1744 1082 citro-

305 1111 385 1149 que
419 1098 697 1137 commeabant
735 1098 974 1152 inspectoies
1011 1098 1223 1138 ambarum
1260 1098 1493 1145 factionum.
1551 1098 1640 1138 Hoc
1667 1098 1744 1138 sibi

306 1151 396 1190 vult
427 1153 549 1190 dictio
586 1152 885 1205 ἀπερχομένων
913 1168 980 1193 και
1010 1151 1262 1217 ἐρχομένων.

413 1207 467 1245 D.
491 1207 647 1260 penult.
680 1207 798 1261 [513‚
819 1223 863 1247 21
875 1208 901 1263 .]
925 1206 1187 1260 λαμβάνουσι
1209 1207 1340 1260 δίκην.
1394 1209 1609 1261 Accipiunt
1628 1209 1744 1248 satis-

305 1260 542 1312 factionem,
573 1263 632 1302 ius
663 1265 739 1302 sibi
773 1264 966 1305 debitum.

394 1318 483 1357 183.
514 1294 569 1356 A.
599 1333 633 1357 1.
667 1318 785 1372 [313‚
812 1321 893 1368 23.]
925 1313 1179 1372 ὁιασφαγην.
1233 1318 1307 1357 Est
1355 1313 1570 1371 διασφαγῆ
1617 1319 1743 1358 inter-

305 1374 447 1422 sectio,
487 1387 606 1440 agger
633 1381 703 1412 aut
730 1374 860 1426 fossa,
890 1374 1039 1424 verbo,
1073 1388 1191 1411 omne
1213 1373 1322 1426 quod
1348 1371 1594 1425 ὁιασφοὶττει
1623 1375 1743 1424 (nove

303 1440 376 1477 pro
407 1425 661 1479 διακόπτει),
710 1430 944 1480 intelsccat‚
985 1435 1141 1481 separat
1178 1428 1279 1467 duas
1324 1441 1387 1466 res
1420 1441 1444 1465 a
1476 1441 1518 1466 se
1556 1427 1744 1469 invicem.

303 1482 477 1520 Videtur
509 1479 722 1536 ὃιασφαγη
751 1486 794 1522 in
835 1487 941 1523 circo
978 1485 1096 1523 fuisse
1124 1483 1255 1534 fossa,
1295 1482 1403 1535 apud
1431 1482 1591 1521 cristam
1659 1497 1742 1524 una

304 1538 346 1575 in
377 1540 688 1589 septentiionem
726 1539 778 1577 ad
805 1540 1004 1579 Venetam
1026 1569 1036 1589 ‚
1074 1538 1199 1577 altera
1226 1540 1267 1576 in
1306 1545 1487 1576 austrum
1524 1537 1576 1576 ad
1639 1541 1739 1578 rasi—

302 1606 397 1630 nam
433 1594 655 1645 pertinens,
688 1608 710 1633 e
738 1596 899 1647 legione
927 1595 1125 1649 graduum
1154 1595 1346 1646 cuiusque
1371 1592 1584 1640 factionis,
1614 1594 1671 1632 sic
1692 1601 1739 1632 ut

303 1647 373 1699 qui
407 1648 646 1688 dema1chus
675 1650 717 1687 in
743 1650 816 1688 tali
855 1649 1069 1705 ὁιασφαγῇ
1098 1656 1245 1696 εἰει-,εἰ
1291 1655 1397 1687 totos
1426 1661 1520 1687 suae
1556 1647 1739 1688 factionis

302 1702 449 1754 gradus
469 1703 704 1743 collustraie
721 1719 804 1743 uno
823 1707 904 1744 ictu
932 1705 1038 1744 oculi
1059 1712 1098 1744 et
1122 1719 1149 1770 at
1172 1704 1342 1743 factione
1361 1703 1535 1756 conspici
1562 1710 1708 1756 posset.

413 1758 468 1797 Λ.
488 1759 530 1798 8.
563 1758 760 1847 [3146]
791 1757 985 1812 ὑπήκοος.
1041 1762 1098 1798 Μ.
1126 1772 1147 1796 ο
1170 1755 1362 1811 ὑπήκοος.

409 1812 464 1851 A.
489 1813 563 1852 ult.
593 1813 789 1868 [3149]
819 1815 1108 1878 θεοστεφθεῖς.
1164 1815 1223 1852 Μ.
1252 1814 1506 1866 θεοστεφεῖς.

410 1868 457 1906 Β.
477 1868 519 1908 6.
552 1868 670 1922 [314,
697 1870 783 1924 13.]
813 1864 979 1924 οἷνέλθη.
1042 1870 1199 1909 Scilicet
1227 1868 1418 1907 sedebant
1445 1867 1649 1906 demarchi
1692 1868 1735 1908 in

301 1937 459 1965 summo
487 1924 627 1977 gradu,
657 1938 761 1977 pone
790 1922 888 1969 τούς
918 1911 1102 1977 δημότας
1128 1932 1167 1964 et
1183 1930 1421 1987 spectatmes
1440 1936 1591 1961 omnes.
1633 1922 1735 1969 Pos-

302 1986 396 2017 sunt
427 1993 589 2031 quoque
622 1979 712 2018 ideo
741 1980 821 2018 dici
857 1978 1132 2033 ἀνέρχεσθαι,
1176 1981 1270 2031 quia
1297 1992 1342 2016 ex
1370 1977 1492 2030 plano
1519 1979 1578 2015 in
1576 1972 1735 2033 gradus

299 2035 396 2072 circi
424 2034 593 2073 acclives
621 2049 662 2073 se
690 2035 826 2074 confei
827 2034 959 2077 ebant

412 2089 459 2127 C.
484 2090 527 2129 5.
561 2089 679 2142 [014‚
698 2090 782 2143 23]
808 2087 957 2153 φύσιν.
1011 2089 1070 2127 M.
1099 2101 1241 2142 φυσει.

411 2143 457 2181 C.
479 2159 517 2197 7.
552 2144 667 2198 [315‚
699 2144 746 2198 1.]
778 2142 848 2184 τὸν
875 2142 1130 2207 προπάτορα.
1186 2143 1413 2189 Adamum
1441 2156 1483 2181 v.
1505 2142 1570 2186 Du
1598 2141 1732 2195 Cange

301 2197 368 2236 Gl.
401 2199 472 2237 Gr.
499 2198 544 2237 h.
575 2213 616 2238 v.
658 2207 698 2238 et
736 2214 775 2239 v.
813 2213 1052 2250 προμητωρ,
1084 2208 1210 2237 mater
1234 2213 1407 2236 ommam
1446 2198 1595 2251 prima.
1664 2197 1731 2236 Sic

299 2252 431 2291 Evam
465 2252 678 2306 appellant.
731 2255 810 2293 Dio
815 2254 1111 2318 Chrysostom.
1142 2269 1180 2307 p.
1211 2253 1301 2293 206.
1331 2253 1378 2293 A.
1411 2250 1448 2300 5.
1503 2251 1622 2290 deum
1645 2265 1729 2305 ap-

299 2307 420 2359 pellat
448 2308 659 2347 hominum
687 2305 949 2373 προπάτορα,
977 2319 1170 2348 auctorem
1204 2323 1371 2362 genens.

408 2364 463 2401 D.
487 2363 523 2402 8.
556 2363 672 2428 [315.
693 2366 771 2427 9.]
781 2361 828 2403 τὸ
857 2363 1036 2414 βὲνετον.
1091 2365 1137 2402 111
1157 2365 1336 2418 margine
1362 2361 1604 2414 adscriptum
1641 2369 1727 2413 erat

300 2413 337 2455 οἱ
365 2415 588 2469 πράσινοι,
615 2415 660 2458 τὸ
690 2415 898 2469 πράσινον.

389 2471 476 2523 184.
504 2473 549 2516 Β.
570 2449 608 2513 3.
643 2473 760 2528 [316,
782 2472 840 2526 2.]
870 2476 984 2513 ποιεῖ’
1003 2470 1048 2513 τὸ
1076 2469 1225 2513 αἶσιον.
1283 2473 1331 2512 Id
1352 2479 1435 2519 est,
1466 2477 1511 2509 ut
1531 2471 1725 2523 interpre-

295 2530 374 2575 tor,
403 2527 523 2566 dicit:
559 2525 692 2575 αἴσιος
710 2527 892 2579 γενέσθω
913 2523 1020 2581 αὕτη
1045 2527 1071 2581 ἢ
1101 2526 1265 2582 ἡμέρα,
1276 2528 1395 2579 fili-²³
1421 2535 1497 2564 esto
1524 2526 1587 2563 hic
1612 2526 1711 2564 dies.

408 2582 450 2618 B·
472 2581 513 2632 4.
548 2582 666 2636 [316,
689 2583 746 2636 3.]
779 2580 855 2636 τὴν
883 2584 1145 2637 προτιμησιν.
1210 2584 1342 2622 Paene
1381 2595 1535 2633 semper
1571 2581 1725 2632 praefe-

299 2633 491 2673 rebantur
521 2637 665 2676 Veneti
694 2639 895 2689 Prasinis,
940 2639 1075 2678 favore
1103 2641 1391 2692 Imperatorum
1408 2665 1420 2687 ‚
1449 2635 1596 2688 quibus
1624 2636 1727 2674 Pra-

297 2687 372 2724 sini
400 2689 633 2744 plerumque
661 2695 778 2732 invisi
809 2700 934 2732 erant.
995 2694 1242 2732 Consistehat
1278 2698 1409 2730 autem
1447 2690 1724 2744 praerogativa

298 2740 339 2779 in
368 2755 439 2792 eo,
489 2747 597 2797 quod
626 2749 743 2799 p1imi
772 2748 823 2787 ab
847 2750 1087 2801 lmpe1at0re
1115 2748 1379 2787 salutarentur
1417 2753 1455 2786 et
1483 2745 1724 2786 benedictio-
