1884 3132
67 236 81 280 t

197 169 271 211 An
321 168 622 211 consum.
650 168 846 210 ponpa.
884 170 956 210 DE
993 169 1173 211 cmm.
1213 171 1314 211 Lm.
1355 172 1407 212 11.
1450 151 1563 208 833

123 270 324 320 basilicos,
353 286 472 325 quam
491 273 595 311 inter
620 272 854 326 syncleticus
878 272 1093 319 numerati,
1123 287 1247 326 quum
1257 281 1390 313 tamen
1410 270 1461 323 ,hi
1478 289 1564 314 ma·

123 328 271 366 ximam
289 334 330 366 et
347 328 600 380 praecipuam
621 329 723 366 sacri
751 335 910 366 senatus
942 335 1092 380 partem
1119 329 1388 368 conficemnt?
1428 335 1468 368 et.
1498 330 1558 369 vi-

122 383 255 422 cissim
274 410 286 431 ,
313 395 438 434 quare
469 383 575 420 inter
600 390 802 421 senatores
829 381 942 421 relati
970 384 1175 421 vestitores
1192 413 1217 430 ‚.
1244 383 1390 436 quibus
1427 385 1470 422 in
1498 399 1562 424 se-

122 445 262 476 natum
300 449 462 489 prorsus
502 451 582 474 non
621 437 778 488 patebat
830 437 993 476 aditus?
1033 437 1248 476 Silentiarii
1293 439 1345 476 ad
1383 446 1564 479 senatum

174 491 376 530 rtinebant
403 498 448 529 ut
477 492 644 530 ministri
679 505 802 544 paene
830 499 868 530 et
894 498 940 529 ut
967 494 1228 544 apparitores.
1286 493 1563 545 Expraesecti,

123 505 278 600 &ypati
307 552 347 584 et
374 545 598 598 Anthypati
626 548 726 584 meri
752 552 908 584 tantum
936 547 1096 584 turbam
1117 548 1203 585 eius
1221 547 1454 599 implebant.
1511 550 1567 589 Et

125 599 170 638 bi
195 608 331 639 tamen
359 599 563 653 syncletici
594 600 806 649 dicuntur,
835 598 892 638 illi
914 601 1107 639 maiorum
1129 601 1252 639 veluti
1270 603 1447 653 gentium
1477 604 1561 652 dii,

59 660 65 666 '
125 661 285 694 senatus
322 656 543 708 principes,
582 669 629 693 eo
668 657 924 694 eximuntur?
964 655 1067 693 Sunt
1095 656 1133 694 in
1162 658 1443 696 constitutione
1470 673 1566 711 pro-

127 723 263 748 cerum
291 716 330 748 et
348 709 587 761 dignitatum
614 709 729 748 aulae
757 709 940 748 CPtanae
967 710 1117 760 multa,
1146 722 1247 763 quae
1275 725 1355 749 non
1385 710 1565 765 expedio,

128 771 169 803 et
205 763 282 802 hoc
318 765 450 817 ipsum
486 763 794 817 Cletorologium
823 765 1005 817 quamvis
1038 771 1319 818 argumentum
1350 765 1426 805 hoc
1454 782 1567 821 egre—

126 821 191 872 gie
218 818 419 867 illustret,
451 832 565 871 saepe
594 826 728 857 tamen
763 833 836 857 nos
875 819 1023 857 deserit
1070 827 1109 857 et
1147 821 1187 857 in
1227 821 1410 859 tenebras
1443 824 1568 875 magis

128 873 303 912 coniicit.
363 872 513 911 Vultne
530 873 686 920 dicere,
722 873 807 912 illas
831 873 1008 925 quidem,
1038 888 1138 926 quas
1164 875 1360 925 nominat,
1390 877 1568 930 quinque

134 928 348 980 dignitates
385 941 409 966 a
446 935 585 966 senatu
612 927 805 980 stipendia
832 929 1010 980 accipere
1058 935 1098 967 et
1137 929 1184 966 ad
1215 930 1370 969 codices
1410 940 1571 971 senatus

128 983 356 1035 pertinere,
386 980 555 1034 reliquas
583 989 715 1020 autem
743 982 886 1020 relatas
914 996 998 1021 esse
1026 982 1076 1020 ad
1104 983 1259 1022 codices
1289 987 1417 1037 regios
1446 993 1486 1024 et
1523 1001 1570 1026 ex

129 1035 223 1076 aula
251 1049 323 1076 sua
351 1035 494 1075 salaria
521 1039 726 1090 accipere?
754 1037 832 1075 Sed
860 1050 989 1090 neque
1017 1036 1135 1076 huius
1162 1039 1219 1077 rei
1247 1042 1443 1078 rationem
1474 1055 1568 1094 per-

129 1091 262 1131 video.

241 1146 293 1189 A.
322 1146 397 1185 ult.
432 1147 544 1197 [⁷7¹2,
566 1144 656 1199 zm]
697 1144 774 1184 τοῦ
809 1141 1172 1197 βασιλεοπᾰτορος.
1242 1146 1348 1187 Vere
1387 1154 1426 1188 et
1464 1157 1571 1190 recte

133 1200 320 1251 traditur,
350 1202 525 1239 Leonem
554 1202 726 1253 primum
755 1202 951 1240 invenisse
973 1213 1114 1239 nomen
1143 1210 1182 1240 et
1200 1201 1431 1255 dignitatem
1461 1206 1571 1244 Basia

133 1254 360 1308 leopatoris.
420 1256 614 1304 Quamvis
639 1258 745 1293 enim
772 1255 966 1293 haberent
995 1257 1109 1307 primi
1133 1257 1395 1308 Imperatores
1417 1259 1572 1298 CPtani

131 1324 226 1349 suos
263 1309 445 1358 πατέρας
474 1308 708 1358 βασιλέως,
749 1316 787 1347 et
821 1310 1023 1348 Cedrenus
1053 1325 1094 1362 p.
1125 1311 1218 1364 595.
1246 1312 1298 1349 D.
1356 1314 1572 1352 Arsenium

135 1363 439 1415 πατροβασιλέα
476 1363 692 1402 Theodosii
738 1363 905 1402 iunioris
950 1365 1147 1416 appellet,
1189 1363 1398 1405 confundit
1436 1375 1572 1407 tamen

133 1418 200 1457 hic
227 1425 407 1470 tempora
443 1424 484 1455 et
521 1431 665 1455 nomen
692 1432 765 1456 suo
806 1432 903 1455 aevo
931 1427 1097 1463 notum,
1131 1417 1207 1457 illis
1244 1421 1416 1473 antiquis
1459 1423 1573 1460 iuco-

133 1475 290 1526 gnitum
326 1480 486 1519 tamen,
516 1474 698 1524 imputat.
733 1471 891 1510 Diversi
920 1479 1031 1510 erant
1059 1472 1116 1510 illi
1146 1473 1318 1522 πατέρες
1348 1475 1424 1512 τοῦ
1449 1477 1571 1524 βασι-

134 1526 239 1573 λέως
271 1527 357 1566 aevi
384 1526 677 1574 Theodosiani‚
709 1533 747 1564 et
777 1527 1094 1575 πατροβασιλεῖς
1122 1526 1187 1565 vel
1223 1525 1574 1582 βασιλεοπάτορες

135 1596 161 1620 a
189 1583 323 1620 Leone
349 1581 532 1633 Sapiente
558 1581 741 1621 instituti.
799 1580 907 1618 Olim
936 1589 1066 1632 patres
1101 1582 1353 1633 Imperatoris
1382 1580 1573 1622 diceban-

135 1643 205 1674 tur
242 1650 378 1674 omnes
417 1637 588 1687 patricii.
655 1634 732 1673 Sed
762 1634 1031 1687 Basileopator
1066 1642 1149 1674 erat
1187 1637 1346 1674 nonnisi
1382 1650 1486 1676 unus
1534 1646 1574 1678 et

136 1691 345 1730 eminentis
362 1690 577 1742 dignitatis,
609 1697 646 1728 et
665 1690 743 1727 fere
771 1703 851 1726 non
880 1689 1049 1727 dabatur
1066 1690 1143 1728 hoc
1171 1704 1333 1737 nomen,
1365 1692 1439 1729 nisi
1467 1692 1571 1742 illis,

135 1759 308 1798 quorum
337 1744 440 1782 filiae
456 1745 670 1796 Augustae,
702 1744 904 1796 regnantis
929 1745 1187 1796 Imperatoris
1212 1746 1396 1797 coniuges
1417 1755 1572 1798 essent3

138 1814 222 1852 quo
249 1800 379 1846 fiebat,
411 1806 457 1836 ut
487 1799 584 1837 tales
615 1798 925 1850 Basileopatores
961 1797 1130 1836 multum
1163 1799 1201 1836 in
1235 1799 1576 1840 administratione

138 1855 297 1906 imperii
323 1853 501 1891 valerent
517 1883 528 1901 ,
559 1860 598 1891 et
624 1854 871 1904 praesertim,
903 1853 934 1890 si
962 1854 1094 1905 generi
1114 1852 1243 1891 adbuc
1270 1853 1483 1892 admodum
1509 1857 1575 1894 iu·-

139 1922 259 1947 venes
285 1915 353 1946 aut
379 1906 557 1945 imbelles
585 1914 728 1956 essent,
763 1921 920 1945 omnem
950 1910 1224 1946 auctoritatem
1245 1908 1293 1946 ad
1315 1923 1356 1946 se
1372 1917 1571 1961 raperent.

138 1971 306 2011 Saeculo
335 1972 544 2010 undecimo
577 1972 886 2010 inclarescebant
915 1973 953 2010 in
983 1972 1083 2010 aulis
1113 1971 1369 2012 orientalibus
1414 1967 1572 2025 κρΰῐ,

141 2027 337 2076 AtabeA-i,
366 2034 412 2064 ut
438 2026 631 2079 quaedam
662 2027 832 2065 familiae
864 2026 1099 2079 principales
1129 2028 1219 2065 inde
1246 2042 1391 2067 nomen
1419 2028 1575 2068 babue-

142 2083 250 2131 rint3
281 2096 319 2122 v.
349 2080 608 2119 D'Herbelot.
650 2081 840 2119 Biblioth.
871 2082 1026 2119 Orient.
1056 2096 1095 2120 v.
1113 2082 1344 2121 Atabekian.
1402 2083 1572 2136 Liquet,

144 2143 189 2174 ut
215 2135 342 2174 multa
369 2135 444 2174 alia
473 2138 653 2174 instituta
671 2165 682 2184 ‚
712 2138 828 2174 etiam
859 2136 961 2173 hane
989 2136 1220 2189 dignitatem
1239 2151 1284 2175 ex
1315 2138 1404 2176 aula
1423 2138 1575 2190 Byzan-

139 2193 227 2229 tina
263 2192 305 2228 in
343 2189 553 2229 orientales
590 2190 709 2228 fuisse
746 2190 979 2228 derivatam.
1034 2190 1302 2230 Atabekorum
1344 2191 1485 2231 horum
1516 2194 1576 2232 sa·-

143 2244 346 2283 miliarum
377 2252 474 2296 puta
501 2247 557 2283 sic
593 2245 787 2282 dictarum
819 2247 936 2297 primi
974 2245 1221 2295 conditores,
1264 2260 1332 2284 seu
1376 2247 1493 2299 primi
1537 2256 1578 2287 et

79 2323 83 2325 -
144 2297 298 2349 κυρίως
325 2300 380 2336 sic
400 2299 495 2336 dicti
524 2298 717 2345 Atabeki,
757 2306 868 2337 erant
896 2313 1031 2337 omnes
1059 2301 1181 2338 soceri
1211 2302 1398 2339 iuvenum
1426 2303 1575 2354 princi·-

142 2367 241 2406 pum
268 2352 696 2392 Muhammedanorum
724 2354 920 2406 iidemque
948 2360 1099 2392 tutores
1117 2382 1128 2403 ‚
1157 2354 1224 2392 sed
1254 2356 1328 2394 sub
1354 2359 1514 2394 nomine
1535 2364 1576 2396 et:

141 2409 274 2460 specie
300 2407 447 2445 tutelae
475 2420 638 2459 generos
666 2414 704 2445 et
723 2407 892 2459 pupillos
922 2421 1012 2446 suos
1041 2411 1272 2447 auctoritate
1301 2412 1424 2456 omni,
1459 2425 1576 2464 saepe

142 2475 306 2515 quoque
346 2462 428 2499 vita
469 2461 662 2499 exuebant
704 2468 743 2499 et
787 2464 825 2499 in
869 2475 1007 2500 eorum
1036 2461 1140 2500 bona
1178 2464 1432 2503 invadebant.
1494 2466 1576 2504 Par

146 2530 274 2569 paene
308 2518 409 2554 ratio
449 2522 532 2553 erat
564 2515 731 2553 Romani
769 2517 989 2568 Lecapeui‚
1045 2519 1114 2569 qui
1152 2531 1231 2556 non
1267 2527 1473 2558 contentus
1500 2521 1577 2559 ho-

150 2584 249 2608 nore
273 2569 603 2622 Basileopatoris,
645 2570 815 2621 Augusti
846 2583 1003 2622 quoque
1030 2571 1199 2610 honores
1226 2585 1306 2611 non
1339 2575 1418 2626 ipse
1446 2573 1578 2613 solum

149 2623 226 2663 sibi
256 2623 494 2677 arrogabat,
524 2624 592 2662 sed
621 2625 739 2674 etiam
767 2623 858 2663 filiis
886 2627 966 2662 suis
992 2625 1217 2675 tribuebat,
1256 2634 1295 2665 et
1335 2628 1421 2667 loco
1456 2637 1577 2681 atque

149 2677 275 2730 gradu
302 2676 473 2717 libenter
499 2678 763 2716 submovisset
783 2679 1090 2717 Constantinum
1116 2687 1292 2719 nostrum
1309 2710 1319 2728 ‚
1354 2685 1385 2721 si
1419 2684 1577 2722 fortuna

153 2732 228 2784 ipsi
254 2731 422 2772 favisset.
479 2731 727 2785 Nicephorius
759 2733 911 2772 Phoc-as
936 2741 1070 2773 autem
1097 2742 1136 2773 et
1161 2737 1330 2775 loannes
1349 2738 1577 2790 Tzimisces,

197 2795 459 2831 Constantinus
482 2796 657 2842 Porphyr.
694 2797 769 2831 Vol.
794 2798 837 2829 11.
1272 2800 1313 2834 53
