1884 3132
290 146 403 220 276
577 164 663 217 ιο,
690 162 795 206 1Ac.
832 164 1026 205 luzisxn
1057 163 1437 208 cOmIENTARn

285 281 406 321 porro
434 267 528 306 talia
555 265 834 319 προκύμματα
866 270 977 307 varia
995 298 1005 314 ‚
1038 269 1151 312 utin
1181 268 1325 318 Circo,
1376 270 1420 311 iu
1447 268 1620 322 Sigmate
1658 279 1727 308 seu

287 338 381 362 area
405 323 659 373 Trieonchii,
686 325 726 362 in
758 322 947 362 ecclesiis.
980 324 1015 361 F
1018 325 1200 362 uerintne
1227 324 1324 363 haec
1351 325 1581 378 procyptiea
1609 322 1729 375 plana

286 392 379 415 cum
410 378 617 430 superficie
645 378 962 431 perpendiculari
983 378 1269 429 aedificiorum,
1290 381 1331 418 in
1351 379 1498 433 quibus
1515 386 1644 424 erant,
1673 391 1726 416 an

286 434 460 485 proiecta
490 440 527 471 et
557 436 765 483 exstantia,
794 435 1016 483 (moeniana
1037 435 1167 472 Latini
1196 432 1421 486 appellant,
1450 435 1590 473 Graeci
1617 429 1730 481 ἐξαι-

285 502 337 526 ’τα
366 487 430 526 vel
457 483 590 537 ἔξετα,
619 487 670 526 ab
699 483 776 537 ἔξω
805 487 947 526 ἵεσθαι
965 517 976 536 ,
1005 488 1156 536 Effer,
1188 489 1439 542 Francogalli
1459 489 1527 528 des
1542 488 1728 537 halcons.)

287 556 370 581 non
392 542 533 595 liquet.
555 542 720 582 Phialae
740 544 1019 592 erantssvariaffi
1032 551 1077 581 ut
1100 544 1140 581 in
1158 543 1290 592 Circo,
1310 545 1378 583 ubi
1401 550 1570 596 utraque
1591 543 1728 592 factio,

287 598 444 636 Veneta
455 611 599 650 nempe
619 598 845 642 etPrasina.
861 612 972 636 suam
994 598 1169 649 phialam
1182 598 1367 646 habebat,
1385 599 1479 638 item
1495 598 1534 637 in
1545 598 1732 652 Sigmate.

378 652 467 704 142.
491 653 545 691 A.
573 667 633 691 ιι.
656 652 768 708 [242,
796 651 881 705 ιθ]
912 650 1015 702 μετὰ
1059 654 1142 692 τῶν
1177 651 1466 692 κωὸικελλῖων.
1526 654 1584 692 Μ.
1626 646 1730 703 μετὰ

289 702 334 745 τὸ
365 707 643 747 κωὸικέλλιον.
701 708 826 761 Saepe
846 708 992 746 Nostro
1019 703 1123 757 μετὰ
1155 722 1247 747 cum
1276 710 1501 749 accusativo
1528 707 1728 761 composi-

291 768 380 800 tum
408 770 521 801 notat
547 777 644 803 cum.

399 818 446 856 B.
469 817 543 856 ult.
568 815 686 871 [243,
707 815 770 870 5.]
803 812 1028 867 ὄστιάριος.
1086 818 1142 856 Μ.
1173 814 1197 854 ὅ
1229 813 1318 857 ὄστ.

274 920 277 922 ,
377 872 466 923 145.
493 872 545 911 Α.
577 887 639 911 11.
661 871 783 926 [244,
812 870 889 924 ιι.]
921 868 1136 911 ἱστάντων.
1191 872 1363 912 Membr.
1394 867 1594 917 στάντων.

313 969 315 972 ,
382 926 472 979 144.
490 929 537 966 Β.
567 941 602 966 1.
624 927 742 981 [246‚
761 929 823 980 9.]
854 926 1089 978 λογοθὲτης.
1144 926 1287 968 Plures
1315 935 1430 968 erant
1457 928 1726 982 Logothetae‚

292 983 336 1030 in
367 983 512 1036 quibus
541 986 662 1020 etiam
678 982 899 1033 λογοθέτης
927 979 947 1019 ὃ
975 979 1154 1032 γενικὸςε
1185 983 1294 1023 unde
1320 991 1391 1022 aut
1417 984 1474 1022 sic
1500 983 1730 1037 legendum,

294 1044 364 1088 aut
391 1032 417 1089 ἢ
447 1037 660 1076 delendum
682 1051 766 1075 esse
785 1037 860 1075 hoc
882 1043 1019 1074 nostro
1048 1036 1135 1075 loco
1153 1038 1280 1077 videri
1298 1044 1418 1091 queat
1437 1039 1566 1090 prima
1585 1039 1731 1078 fronte.

294 1089 374 1131 Sed
404 1092 462 1130 nil
488 1093 732 1131 movendum
758 1099 909 1144 putem.
968 1091 1142 1141 Quando
1172 1095 1277 1132 enim
1297 1092 1519 1146 Logotheta
1547 1095 1603 1133 sic
1623 1091 1731 1132 nude

279 1147 521 1201 'appellatur
536 1176 546 1195 ‚
567 1147 789 1199 Logotheta
809 1147 950 1185 Dromi
985 1160 1055 1184 seu
1076 1148 1282 1187 rationalis
1298 1162 1436 1187 cursus
1462 1147 1713 1201 intelligitur.

280 1202 283 1205 ”
407 1203 452 1240 Β.
480 1216 514 1240 1.
536 1201 651 1255 [246‚
672 1203 730 1255 9.]
760 1197 932 1252 γενικός.
992 1201 1198 1240 Gener-alis
1239 1211 1340 1254 erat,
1374 1204 1443 1255 qui
1475 1202 1534 1257 τῷ
1559 1202 1728 1256 γενικῷ,

295 1257 474 1309 generali
489 1258 660 1304 aerario,
692 1264 913 1309 praeesset,
953 1263 1046 1307 aut,
1086 1263 1132 1295 ut
1159 1256 1224 1294 alii
1254 1260 1567 1310 interpretantur
1582 1287 1594 1308 ‚
1624 1257 1734 1296 aedi-

297 1312 389 1350 ficio
405 1342 415 1361 ,
444 1313 487 1350 in
519 1326 600 1364 quo
626 1311 801 1359 subditi,
832 1313 1097 1364 negotiatores
1114 1340 1126 1361 ‚
1162 1320 1329 1361 nautae,
1363 1312 1515 1351 tributa
1542 1319 1582 1351 et
1608 1313 1734 1351 vecti-

299 1366 404 1419 galia
430 1363 652 1405 solvebant.
710 1366 831 1418 Quod
860 1367 998 1405 eodem
1030 1366 1148 1404 redit.
1207 1367 1318 1406 Olim
1354 1367 1569 1407 audiebant
1604 1367 1735 1406 καθο-

300 1420 440 1471 λικοι’;
470 1422 578 1460 conf.
606 1421 741 1460 Vales.
771 1421 822 1459 ad
850 1421 985 1459 Amm.
1019 1421 1198 1460 Marcell.
1230 1437 1269 1474 p.
1289 1422 1357 1461 86.
1386 1424 1431 1461 Β.
1463 1429 1503 1460 et
1530 1422 1624 1461 313.
1647 1421 1730 1468 A.,

300 1475 373 1513 ubi
415 1472 637 1522 καθολικός
674 1476 744 1528 τῆς
777 1469 983 1528 Ἀφρικῆς
1018 1475 1149 1514 reddit
1175 1478 1380 1516 rationalis
1420 1476 1611 1529 Africae5
1638 1477 1735 1517 item

301 1530 370 1568 Du
404 1530 539 1584 Gange
568 1530 701 1569 Gloss.
733 1531 805 1569 Gr.
837 1538 877 1569 et
905 1530 1003 1570 CPli
1032 1530 1128 1572 Chr.
1516 1567 1519 1570 .

411 1586 459 1623 B.
482 1600 523 1639 9.
548 1584 661 1639 [246‚
689 1585 774 1638 16.]
805 1583 837 1623 δ’
865 1585 1003 1636 βῆλον.
1058 1585 1105 1623 Id
1133 1592 1217 1636 est,
1244 1585 1438 1638 τέταρτον
1463 1584 1603 1639 βῆλον.
1660 1584 1736 1625 Est

301 1640 464 1695 quidem
491 1643 532 1678 in
560 1640 733 1679 Membr.
765 1636 800 1678 δ’
827 1639 935 1691 βῆλα
953 1669 963 1687 ,
992 1650 1158 1694 quatuor
1189 1641 1307 1688 vela,
1346 1639 1411 1678 vel
1440 1648 1614 1693 quatuor
1639 1641 1736 1679 mis-

302 1711 369 1736 sus
396 1710 607 1748 procerum
624 1725 635 1746 ‚
667 1709 836 1747 corpora
864 1694 983 1733 simul
1012 1695 1285 1749 ingredientia.
1338 1695 1466 1734 Erant
1500 1694 1737 1748 plerumque

301 1758 454 1805 septem
473 1750 563 1790 vela
580 1764 812 1803 procerum,
835 1764 937 1802 quae
954 1749 1005 1788 ad
1025 1751 1127 1802 Imp.
1150 1749 1490 1799 admittebantur3
1520 1764 1561 1788 v.
1580 1764 1622 1802 p.
1642 1750 1734 1803 159.

283 1806 348 1855 ΠΒ.
380 1820 414 1844 1.
430 1812 470 1843 et
497 1805 592 1844 alibi
610 1820 622 1855 3
651 1805 853 1844 interdum
881 1806 1086 1857 pauciora,
1113 1819 1318 1857 nunquam
1338 1804 1454 1857 plura
1474 1818 1595 1857 quam
1612 1811 1704 1843 octo
1722 1818 1736 1854 3

300 1861 387 1900 vid.
417 1861 471 1899 D.
511 1860 665 1913 penult.
723 1860 843 1898 Recte
870 1867 1002 1898 tamen
1038 1859 1102 1898 hic
1134 1859 1212 1899 loci
1244 1858 1469 1898 emendasse
1496 1859 1548 1898 cl.
1581 1858 1739 1898 Leichi-

302 1929 375 1954 um
402 1922 511 1968 patet
540 1930 561 1954 e
590 1915 868 1969 sequentibus,
911 1914 981 1953 ubi
1009 1915 1194 1967 quintum
1211 1943 1224 1965 ,
1253 1921 1431 1966 sextum,
1456 1914 1669 1968 septimum
1696 1920 1738 1952 et

305 1979 494 2010 octavum
522 1970 659 2009 velum
687 1971 851 2009 seorsim
877 1977 1175 2008 enumerantur.

415 2026 462 2064 B.
483 2024 560 2064 ult.
583 2024 695 2079 [246,
717 2026 805 2076 2o.]
835 2016 1014 2073 ἇσπραν.
1067 2025 1127 2062 Μ.
1148 2015 1320 2073 ἇσπρον.
1379 2018 1573 2075 ‹Dm-&mv
1591 2037 1738 2076 nempe

304 2080 412 2119 idem
429 2087 488 2119 est
505 2087 623 2133 atque
640 2077 862 2133 φελώνιον,
886 2079 1111 2132 phenolium
1127 2108 1138 2126 ‚
1169 2077 1341 2131 paenula
1363 2092 1373 2127 3
1403 2077 1488 2117 vid.
1516 2079 1584 2118 Du
1602 2078 1736 2131 Cange

305 2135 440 2174 Gloss.
470 2136 540 2178 Gr,
568 2150 608 2174 v.
640 2130 842 2187 φαινόλης
870 2140 909 2171 et
935 2133 1038 2171 infra
1067 2133 1117 2171 ad
1144 2148 1187 2185 p.
1215 2131 1302 2183 154.
1322 2133 1375 2170 D.
1394 2148 1433 2172 2.
1494 2132 1736 2172 Phelonium

306 2190 468 2229 Graecis
503 2191 746 2229 existimatur
785 2189 889 2226 idem
929 2195 1047 2240 atque
1085 2186 1255 2240 paenula
1294 2188 1554 2238 Latinorum,
1591 2194 1630 2226 et
1663 2200 1738 2239 per

305 2246 651 2298 transpositionem
678 2243 901 2282 litterarum
929 2243 1019 2281 inde
1057 2243 1163 2281 dicta
1187 2256 1282 2281 esse.
1340 2244 1383 2282 Si
1413 2244 1470 2282 ita
1497 2242 1646 2291 habet,
1685 2241 1738 2280 de

307 2312 388 2350 quo
413 2314 492 2338 non
522 2299 662 2338 dubito
678 2328 689 2348 ‚
731 2298 845 2336 facile
883 2304 942 2336 est
969 2298 1138 2336 formam
1163 2299 1307 2337 veteris
1333 2298 1524 2351 paenulae
1557 2295 1739 2336 definire.

307 2353 505 2393 Convenit
531 2368 673 2407 nempe
702 2367 793 2391 eum
820 2367 933 2392 sacco
969 2352 1032 2391 vel
1060 2365 1277 2405 campana,
1307 2353 1438 2392 medio
1463 2364 1562 2391 aevo
1581 2350 1647 2389 ‘sic
1674 2350 1740 2389 di-

308 2413 370 2444 cta
390 2437 400 2456 ‚
442 2416 576 2462 estque
604 2409 669 2459 id,
710 2408 819 2460 quod
847 2409 887 2445 in
931 2408 1166 2460 imaginibus
1206 2409 1451 2446 Graecorum
1487 2405 1737 2444 sacerdotum

308 2462 490 2501 sacerdos
527 2465 765 2516 conspicitur
798 2463 974 2501 humeris
1004 2464 1085 2500 suis
1114 2462 1293 2501 attollere
1323 2462 1373 2500 ab
1403 2469 1572 2512 utraque
1599 2466 1730 2512 parte,

307 2515 434 2553 solida
461 2521 579 2556 vestis
597 2548 608 2567 ,
636 2518 800 2570 pallium
827 2525 956 2556 totum
983 2519 1238 2556 circumcirca
1266 2530 1411 2569 corpus
1439 2513 1647 2553 involvens
1665 2543 1677 2564 ,
1700 2515 1734 2553 si

309 2568 494 2609 deorsum
524 2573 680 2623 pendet.
737 2573 882 2626 Symeo
909 2572 1269 2611 Thessalonicensis
1306 2586 1345 2623 p.
1377 2569 1467 2619 148.
1497 2569 1551 2608 ita
1587 2569 1735 2609 descri-

307 2622 393 2661 bit:
424 2623 650 2676 φαινώλιον
679 2622 837 2677 ἔνδυμα
864 2622 1011 2665 λευκόν
1039 2626 1124 2665 ἐστι
1153 2625 1251 2676 δίχα
1277 2623 1480 2674 μανικίων
1493 2654 1514 2673 ,,
1539 2616 1634 2662 ὅλον
1662 2636 1735 2661 πε·-

308 2678 517 2727 ριστὲλλον
544 2677 588 2718 τὸ
609 2681 743 2729 σῶμα,
774 2678 938 2730 αἴρεται
965 2676 1046 2719 ὑπὸ
1076 2681 1158 2719 τῶν
1183 2679 1335 2730 χειρῶν
1364 2678 1409 2717 ἑκ
1423 2675 1597 2728 πλαγίου
1616 2676 1661 2716 ἐν
1675 2677 1734 2732 τῷ

309 2731 440 2787 καιρῷ
466 2734 548 2773 τῶν
575 2729 698 2787 ἱερῶν
718 2731 864 2787 ἔργων.
893 2735 967 2774 Est
995 2736 1114 2788 igitur
1143 2734 1258 2784 alba3
1287 2733 1355 2772 sed
1383 2731 1480 2771 olim
1510 2745 1591 2771 non
1619 2739 1731 2780 erat,
