1884 3132
177 150 254 191 An
294 147 590 191 CONSTANT.
633 146 828 188 ponpa.
857 148 928 196 ni:
966 145 1152 187 ceam.
1190 145 1290 184 Lm.
1319 146 1372 183 11.
1423 123 1531 199 7¹5

91 268 353 302 numerantur
381 249 541 304 &al-ostii
574 249 694 316 ofin’
725 258 887 298 Burdae
927 258 1145 296 Iemenicae
1162 288 1172 305 ‚
1216 271 1285 296 seu
1312 257 1354 295 in
1383 254 1535 294 Arabia

96 316 235 367 felice,
279 330 398 369 quam
419 315 572 354 Arabes
593 316 630 354 al
653 315 785 352 lemen
807 313 1030 366 appellant,
1058 320 1231 365 paratae.
1288 313 1535 351 Mentionem

91 385 231 410 earum
249 371 341 410 facit
356 370 566 409 Wansleb.
598 370 637 408 in
660 369 840 407 ltinerar.
860 369 1103 420 Aegyptiaco
1131 382 1170 420 p.
1190 366 1283 405 205.
1317 367 1398 405 Per
1424 366 1536 405 Sara·

91 439 211 465 cenos
237 440 331 479 ergo
351 455 361 472 ‚
402 425 452 464 de
489 424 635 478 quibus
674 423 749 462 hae
778 422 969 461 interulae
995 436 1138 461 nomen
1161 421 1413 468 habuerunt,
1452 435 1533 459 non

91 481 281 520 Saraceni
330 479 495 536 Hispani
537 486 631 518 sunt
670 476 940 530 intelligendi,
993 491 1164 530 quorum
1209 476 1378 514 lanificia
1418 475 1535 515 valde

92 531 259 588 quidem
298 548 397 574 aevo
439 533 570 572 medio
617 531 948 581 celebrabantur,
997 539 1035 570 et
1075 547 1115 570 1n
1154 531 1188 569 F
1191 533 1368 581 ranciam
1412 537 1533 583 atque

93 583 351 628 Germaniam
389 596 430 628 et
467 589 713 627 Britanniam
742 587 900 640 copiose
935 586 1232 625 evehebantur:
1265 600 1304 624 v.
1336 587 1531 624 Murator.
1576 610 1580 614 -

90 644 144 683 Τ.
165 645 220 683 11.
243 644 410 697 Antiqu.
440 641 529 682 Ital.
550 658 589 696 p.
614 642 734 694 408&
769 656 861 680 nam
890 655 980 680 cum
1009 640 1087 680 illis
1116 641 1317 694 negotium
1344 654 1425 679 non
1447 648 1532 680 erat

95 697 574 752 Constantinopolitanis:
617 697 683 736 sed
712 696 958 750 intelligendi
989 703 1082 735 sunt
1103 697 1290 735 Saraceni
1320 695 1495 734 Arabiae
1517 726 1528 742 ‚

92 753 246 807 Syriae,
279 753 451 807 Aegypti
480 760 519 791 et
550 753 708 802 Cretae,
738 752 830 790 item
858 751 1070 804 Bagdadiei
1100 759 1139 790 et
1176 751 1349 796 Persici,
1393 758 1534 804 utpote

89 811 297 862 propiores
327 815 366 847 et
386 807 661 846 familiariores
688 807 853 860 imperio
871 807 1050 845 CPtano.
1109 807 1226 846 Patet
1254 806 1363 854 hinc,
1394 805 1533 858 quales

87 863 237 902 fuerint
258 864 429 902 cortinae
443 863 657 911 Arabicae,
686 877 785 916 quae
806 862 979 916 pendent
1003 875 1119 915 super
1146 863 1304 900 chorum
1321 891 1331 908 ,
1377 874 1530 900 memo-

87 925 198 958 ratae
236 921 279 956 in
321 917 522 956 Chronico
551 918 775 956 Cassinensi
805 917 878 955 111.
901 916 967 970 57.
1026 916 1186 957 Scilicet
1220 924 1335 955 erant
1376 915 1531 956 burdae

91 965 329 1022 Iemenicae.
386 972 596 1011 Habebam
636 971 848 1025 aliquando
877 971 1008 1011 locum
1044 972 1151 1011 hunc
1188 972 1275 1010 vitii
1304 979 1530 1025 suspectum

89 1045 131 1079 et
156 1038 345 1078 Atabicae
383 1038 574 1091 putabam
602 1037 812 1091 legendum
844 1051 940 1076 esse.
1017 1037 1120 1076 Sane
1181 1028 1343 1071 mlx-'Ji
1390 1027 1530 1083 hel-„⁴522”

90 1107 207 1146 saepe
243 1101 462 1145 occurrunt
501 1093 542 1132 in
581 1091 693 1132 libris
732 1093 940 1142 Arabum,
986 1100 1031 1131 ut
1068 1091 1175 1146 apud
1209 1093 1371 1132 Latinos
1408 1101 1532 1132 vestes

90 1147 306 1198 Attalicae,
335 1148 405 1187 sed
433 1147 595 1201 vulgata
625 1156 731 1186 recte
760 1148 893 1199 habet.
949 1147 1141 1187 Solebant
1167 1148 1298 1186 medio
1324 1162 1450 1198 aevo,
1490 1154 1532 1187 et

93 1203 227 1247 adhuc
257 1202 376 1242 hodie
404 1202 595 1251 solemus,
623 1217 776 1255 pannos
805 1203 854 1241 tle
881 1203 1079 1255 gentibus,
1113 1203 1219 1256 apud
1248 1217 1347 1255 quas
1381 1203 1531 1242 confie-

90 1255 205 1306 bant,
221 1257 437 1310 appellare.
467 1257 551 1296 Iam
567 1258 765 1310 Euagrius
784 1258 859 1295 Vl.
875 1271 942 1296 21.
964 1256 1205 1310 ἆμφιθυρον
1222 1255 1421 1298 Ου’ννικὸν
1429 1272 1531 1309 χρυ-

91 1313 153 1366 σῷ
179 1310 498 1364 κεκοσμημένον,
521 1313 648 1351 velum
676 1312 917 1362 Ilunnicum,
936 1319 1147 1362 memorat3
1173 1327 1214 1350 v.
1244 1313 1311 1351 Du
1326 1313 1459 1366 Cange
1484 1327 1526 1351 v.

90 1366 330 1419 Ηιιηηιζςοαε.
390 1366 617 1405 Chronicon
647 1367 879 1406 cassinense
898 1368 1032 1421 pallia
1070 1367 1309 1406 Sarmatica.
1366 1367 1413 1405 In
1439 1369 1530 1406 scri·

90 1423 169 1474 ptis
195 1420 282 1460 aliis
309 1421 428 1459 medii
456 1423 543 1460 aevi
569 1421 790 1474 frequentia
817 1428 910 1461 sunt
936 1423 1032 1460 vela
1048 1421 1098 1461 de
1131 1421 1346 1475 Spam'sco‚
1376 1423 1530 1461 ιιιιιίεαε

93 1485 132 1515 et
157 1477 307 1525 itfidae
332 1476 383 1514 de
410 1476 642 1528 Pignolato‚
671 1477 809 1515 blattin
833 1476 1063 1526 Byzantea,
1101 1485 1230 1527 tyr-ea,
1263 1478 1426 1515 sericum
1455 1476 1530 1516 Pi-

114 1532 243 1569 azium
270 1539 308 1569 et
334 1530 668 1576 Alexandrimcm‚
695 1540 816 1569 vestes
842 1531 891 1569 de
920 1531 1077 1570 Arazzo
1090 1562 1102 1581 ,
1135 1531 1255 1570 hodie
1288 1532 1435 1580 Rasclz‚
1476 1532 1529 1570 de

86 1545 251 1637 {nagia
274 1585 336 1624 vel
354 1585 509 1632 Duaoe,
533 1586 582 1624 de
610 1585 808 1624 Damasto
830 1585 893 1624 vel
912 1586 1196 1636 Damascenae,
1225 1587 1275 1624 de
1301 1587 1428 1626 Rensa
1459 1586 1526 1625 vel

90 1636 317 1690 Remenses,
337 1640 514 1679 Scarleta
527 1641 576 1678 de
598 1640 807 1690 Camolvel
828 1641 1099 1691 cadomensis,
1132 1642 1296 1680 Toaleas
1321 1642 1419 1695 [non
1443 1643 1527 1680 ole-

90 1709 152 1747 as,
185 1702 231 1733 ut
260 1695 380 1748 vulgo
401 1694 553 1748 editur]
568 1695 810 1746 Masoricas,
838 1696 915 1734 hoc
946 1703 1004 1735 est
1030 1696 1246 1735 Maioricas
1281 1697 1451 1750 appellat
1475 1697 1527 1735 A·

88 1751 284 1789 nastasius
306 1750 411 1802 apud
440 1750 505 1788 Du
530 1751 724 1802 Cangium
758 1765 799 1789 v.
832 1750 948 1797 Olea,
977 1765 1079 1803 quae
1106 1753 1148 1790 in
1175 1751 1305 1791 insula
1335 1753 1527 1790 Maiorica

88 1812 219 1843 essent
245 1805 394 1852 factae,
453 1806 526 1843 nisi
554 1805 668 1843 malis
683 1805 927 1844 Mans-oram
955 1805 1107 1858 legere,
1137 1807 1188 1845 de
1214 1808 1403 1846 Mansoro
1432 1821 1527 1860 quo·

91 1858 186 1904 dam
211 1859 387 1911 principe
415 1859 613 1908 Arabico,
658 1867 727 1897 aut
758 1861 807 1899 de
835 1862 1036 1899 Mansoria
1061 1861 1231 1914 quadam
1261 1862 1361 1900 urbe
1389 1864 1526 1901 orien-

87 1912 159 1951 tali
198 1913 426 1966 appellatas.
486 1915 540 1952 Et
575 1913 716 1954 talium
755 1923 886 1968 posset
922 1930 1066 1968 magna
1108 1924 1266 1956 caterva
1295 1918 1398 1970 cogi.
1446 1917 1526 1955 Sed

87 1967 208 2006 redeo
235 1967 286 2005 ad
312 1969 561 2017 Saraeenicas
593 1977 744 2018 vestes,
775 1971 814 2008 in
844 1970 989 2023 quibus
1019 1979 1131 2010 erant
1159 1980 1316 2024 praeter
1340 1967 1415 2017 τὰς
1442 1973 1525 2017 ltu-7

91 2018 231 2074 ρωτάς
268 2024 386 2060 etiam
428 2022 527 2062 aliae
555 2033 661 2063 'cum
688 2026 844 2079 intextis
872 2025 1058 2064 arborum
1081 2020 1191 2066 'foliis
1217 2034 1257 2065 et
1295 2028 1414 2065 ramis
1465 2027 1525 2064 vi-

88 2079 269 2129 tiumque
295 2079 516 2129 pampinis;
546 2093 716 2130 quarum
743 2080 966 2132 exemplum
994 2095 1118 2134 quum
1142 2083 1345 2122 musivarii
1364 2095 1530 2134 quoque,

88 2132 170 2170 suis
206 2132 248 2176 in
289 2132 476 2184 operibus
511 2134 784 2184 imitarentur,
829 2135 975 2174 factum
1011 2150 1058 2175 ex
1087 2150 1134 2175 eo
1162 2144 1221 2175 est
1241 2165 1252 2185 ,
1295 2144 1340 2174 ut
1368 2137 1522 2175 musiva

89 2185 229 2224 foliata
253 2193 323 2224 aut
350 2189 604 2239 pampinata,
649 2196 695 2226 ut
722 2190 778 2227 ita
806 2189 934 2228 dicam
951 2219 962 2238 ,
1007 2191 1182 2229 Arabica
1210 2190 1520 2243 appellarentur.

87 2240 141 2279 In
167 2241 335 2278 Musivis
363 2243 573 2281 maioribus
588 2271 600 2290 ,
623 2244 679 2281 ait
696 2243 922 2297 Ciampinus
937 2245 984 2285 T.
1006 2246 1041 2283 I.
1056 2247 1239 2284 Monum.
1259 2246 1352 2284 Vet.
1374 2260 1414 2297 p.
1433 2245 1520 2295 82.‚

88 2296 262 2334 solebant
289 2304 435 2333 veteres
462 2310 540 2334 non
567 2298 767 2336 hominum
804 2300 1027 2338 aliorumve
1054 2301 1287 2338 animalium
1322 2301 1523 2351 imagines,

87 2350 343 2406 sedsblzatas
374 2359 522 2389 tantum
549 2352 722 2404 picturas
749 2354 903 2408 illisque
922 2355 1160 2408 persimiles,
1201 2368 1297 2408 quas
1328 2355 1525 2393 Arabicas

89 2406 336 2442 nominamus
350 2434 361 2453 ,
399 2414 703 2459 repraesentare.
757 2408 921 2446 Invenio
956 2422 1116 2460 quoque
1150 2407 1327 2446 mantilia
1354 2408 1526 2447 Sarace-

90 2460 180 2496 nica
208 2459 315 2512 apud
345 2459 434 2498 DC.
466 2473 507 2497 v.
545 2459 725 2512 Mantum
764 2469 803 2503 et
830 2462 1098 2501 Aumosmeres
1133 2477 1182 2501 οιι
1215 2463 1365 2501 hmo-ses
1397 2463 1523 2502 Sara-

90 2513 250 2551 zinoises
291 2514 396 2566 apud
425 2513 594 2552 eundem
634 2527 674 2552 v,
700 2515 976 2567 Eleemosyna.
1032 2517 1095 2554 De
1131 2530 1229 2555 voce
1263 2517 1522 2566 Almonaria,

89 2579 192 2618 quae
231 2569 383 2606 bursam
398 2598 409 2618 ,
440 2568 619 2619 fiendam
633 2598 643 2614 ‚
688 2583 863 2622 pungam
877 2600 887 2616 ‚
936 2572 1172 2624 marsupium
1215 2579 1343 2622 notat,
1382 2571 1531 2622 dubito·

90 2620 250 2671 adhuc,
276 2623 393 2672 sitne,
422 2630 467 2661 ut
493 2622 611 2675 vulgo
638 2631 801 2676 putant,
843 2631 1077 2677 corruptum
1115 2639 1161 2665 ex
1200 2626 1520 2678 eleemosynaria,

88 2695 141 2738 an
179 2688 308 2739 potius
338 2689 599 2742 repetendum
626 2690 678 2729 ab
711 2679 834 2738 &lb-⁶55
867 2691 1080 2742 alnumah,
1130 2692 1290 2743 victas,
1325 2705 1522 2743 commea·

87 2747 145 2779 aas
159 2769 171 2792 ,
200 2743 372 2795 provisio
385 2774 395 2793 ‚
427 2751 472 2784 ut
500 2745 549 2784 sit
586 2745 705 2785 veluti
726 2745 1079 2801 provisionarium..
1380 2742 1410 2747 “’

92 2790 100 2797 ι
133 2795 135 2797 .
