1884 3132
271 129 346 180 An
384 126 718 170 nemmem
757 128 855 168 mn.
895 129 930 167 1.
972 128 1044 168 DE
1084 124 1341 168 cmmon.
1434 104 1542 180 557

118 230 257 272 matam!
277 230 444 287 pendet5
475 243 550 286 quo
586 228 749 269 mundus
773 227 823 267 de
848 228 966 280 longa
994 225 1147 267 domini
1173 228 1235 266 sui
1260 234 1385 267 aetate
1421 227 1547 266 laeca-

121 285 164 327 n‘
184 295 223 326 et
258 287 397 326 bonam
420 299 527 339 spem
550 285 656 323 alere
672 285 847 338 incipiat.

119 342 265 380 Demta
306 348 347 380 et
377 341 419 378 in
461 353 623 378 censum
666 352 747 377 non
776 338 945 376 admissa
974 337 1194 391 hyperbole
1235 343 1295 376 est
1321 336 1480 392 elegans
1505 343 1547 376 et

117 396 254 437 nobile
280 395 535 450 epigramma.
589 394 654 432 En
681 394 876 446 specimen
904 395 1064 445 poeseos
1081 392 1350 431 orientalium.

229 452 276 490 B.
304 451 348 500 4.
376 447 490 503 [47ι,
518 447 599 502 in]
627 445 789 487 σακκιά.
847 447 1015 497 Vereor,
1043 455 1087 486 ut
1112 448 1204 486 satis
1233 455 1432 487 assecutus
1459 449 1547 487 sue-

119 507 198 545 rim
224 505 344 544 huius
370 503 447 543 loci
474 505 723 543 sententiam.
776 501 947 540 Videtur
974 502 1080 540 enim
1108 501 1210 540 velle
1241 502 1372 541 dicere
1399 517 1546 552 ὅπως,

118 562 190 614 qui
218 559 421 600 scholariis
446 559 488 596 in
519 557 757 610 stipendium
781 556 983 598 darentur.
1038 556 1161 595 Unde
1185 556 1413 607 concludas,
1442 558 1549 596 mili-

118 616 227 654 tibus
254 615 294 654 in
325 614 446 653 saccis
463 612 589 651 fuisse
614 619 704 651 tum
732 625 890 664 quoque
917 611 1092 650 solutum
1119 611 1357 664 stipendium
1379 642 1390 659 ‚
1421 620 1466 651 ut
1482 613 1547 651 ho-

121 671 187 709 die
212 668 320 723 apud
351 669 503 706 Turcas
550 667 594 706 fit
614 695 627 716 ,
656 666 724 720 qui
764 665 984 704 secundum
1026 666 1166 704 bursas
1196 674 1435 715 numerant,
1466 669 1549 706 sin-

118 724 222 778 gulis
246 723 377 764 bursis
391 723 557 761 eandem
582 729 730 760 certam
753 734 1008 759 nummorum
1033 734 1228 759 summam
1239 722 1549 761 continentibus.

119 779 311 833 Adeoque
335 777 453 816 debet
467 806 480 826 ,
524 774 672 816 σακκία
703 775 828 814 veluti
871 789 944 828 pro
975 776 1103 829 specie
1139 775 1311 828 quadam
1356 779 1551 830 pecuniae

120 834 251 883 sumi,
279 831 406 886 qualis
433 839 526 871 sunt
552 831 764 870 centenarii
794 837 868 870 etc.

229 888 277 927 B.
300 887 339 927 5.
371 885 488 941 [47¹⁹
515 884 599 939 15.]
644 889 784 938 φῖναν.
839 885 1020 938 Apparet
1046 897 1068 923 e
1093 883 1278 937 pluribus
1304 883 1401 924 loeis
1427 885 1549 925 huius

118 942 287 992 Tactici,
297 941 436 998 finam
462 955 545 980 esse
571 941 754 979 excubias
780 938 844 978 vel
870 941 1050 978 stationes
1084 949 1290 978 castrenses
1306 969 1318 987 ‚
1347 940 1411 979 vel
1438 942 1551 994 quod

120 1005 251 1037 essent
275 998 317 1035 in
345 998 525 1035 extremis
564 1002 783 1034 castrorum
813 994 955 1032 finibus
972 1023 984 1043 ,
1025 993 1089 1033 vel
1126 995 1234 1047 quod
1262 1003 1390 1033 essent
1419 995 1515 1035 fines
1532 1027 1547 1043 ‚

120 1046 238 1104 ὅρι’)ι,
265 1052 450 1101 termini,
479 1050 528 1089 ad
557 1064 656 1103 quos
687 1050 804 1099 finiti,
832 1049 1011 1099 definiti,
1040 1049 1235 1100 confiniti,
1267 1049 1474 1106 (confines,
1504 1059 1551 1091 ut

118 1107 264 1146 Franci
307 1105 482 1158 dicunt‚)
525 1105 566 1143 id
608 1112 667 1144 est
710 1105 877 1157 appositi
904 1111 1033 1142 essent
1059 1111 1099 1142 et
1134 1111 1238 1144 stare
1266 1106 1359 1144 iussi
1387 1106 1547 1145 milites.

124 1162 236 1200 Φῖνα
274 1162 316 1199 in
353 1174 495 1214 genere
534 1167 593 1199 est
633 1162 762 1199 omnis
805 1160 947 1207 limes,
989 1161 1200 1209 termium,
1242 1154 1340 1210 ὅρος
1361 1189 1374 1210 ,
1408 1160 1547 1212 ἕρμα,

121 1216 231 1270 quod
255 1216 342 1254 fluit
367 1229 451 1254 rem
477 1221 515 1253 et
540 1217 707 1253 secernit
734 1228 820 1253 eam
838 1227 862 1251 a
888 1214 1034 1252 vicina.
1090 1214 1195 1253 Hinc
1222 1213 1433 1268 intelligas,
1450 1217 1550 1268 quid

122 1273 206 1310 sint
229 1267 272 1310 αἱ
303 1269 498 1321 τέσσαρες
527 1271 646 1322 φΐναι
675 1271 715 1307 in
744 1268 904 1308 ecelesia
925 1297 935 1314 ,
982 1268 1168 1308 stationes
1198 1283 1341 1321 nempe
1376 1278 1551 1322 quatuor

121 1333 169 1364 et·
189 1325 349 1364 termini
375 1324 484 1363 velut
505 1352 517 1369 ‚
561 1337 661 1376 quos
696 1338 778 1362 non
815 1322 1069 1370 excederent,
1116 1323 1184 1376 qui
1212 1338 1235 1362 a
1271 1325 1554 1364 communione

121 1379 367 1432 reliquorum
408 1377 583 1417 fidelium
611 1378 775 1431 separati
808 1384 952 1415 essent.
1007 1378 1246 1430 Anonymus
1273 1379 1314 1416 in
1341 1378 1552 1431 descripti-

123 1448 201 1474 one
226 1435 270 1473 S.
298 1433 467 1486 Sophiae
495 1447 537 1484 p.
557 1432 652 1472 261.
683 1433 746 1471 ed.
775 1432 983 1470 combefis.
1011 1433 1053 1470 in
1084 1432 1318 1485 Originibus
1348 1433 1550 1474 CPtanis:

121 1487 198 1535 τὰς
221 1485 428 1540 τέσσαρας
455 1485 579 1540 φιίἀς
602 1486 676 1525 τοῦ
702 1486 804 1524 ναοῦ
832 1483 1021 1535 ὠνόμασε
1047 1482 1146 1532 τοὺς
1175 1484 1211 1524 δ’
1246 1484 1460 1535 ποταμοὺς
1484 1488 1551 1535 ἔξ-

123 1541 373 1594 ερχομένους
408 1542 454 1580 ἐκ
491 1543 566 1581 τοῦ
595 1539 872 1592 παραδείσου,
918 1539 989 1578 καί
1014 1536 1141 1578 ἔδωκε
1168 1536 1316 1590 νόμον,
1347 1541 1415 1580 ἵνα
1442 1539 1552 1582 κατὰ

120 1593 199 1643 τοὶς
242 1594 447 1648 ἁμαρτίας
484 1596 687 1635 ἵστασθαι
726 1595 796 1634 ἕνα
842 1594 1014 1634 ἕκαστον
1043 1593 1386 1647 ἀφοριζομένους.
1442 1597 1552 1651 Ergo

121 1658 236 1691 erant
261 1651 363 1690 finae
401 1651 491 1690 illae
528 1650 712 1689 ecclesiae
737 1650 847 1702 quasi
874 1656 1014 1698 metae,
1051 1649 1120 1688 ubi
1161 1650 1356 1700 confiniti,
1386 1648 1551 1705 ἀφωρι-

122 1704 294 1757 σμέναι,
336 1704 644 1758 κεχωρισμένοι,
674 1707 822 1743 starent
849 1718 873 1743 a
909 1703 1063 1756 reliquo
1090 1711 1204 1743 coetu
1230 1704 1479 1758 peccatore53
1510 1721 1552 1747 v.

121 1760 191 1800 Du
219 1760 351 1813 Cange
377 1760 420 1798 h.
450 1774 492 1798 v.
518 1762 560 1798 in
588 1759 719 1798 Gloss.
750 1760 840 1808 Gr.,
870 1773 895 1798 a
922 1773 1003 1812 quo
1034 1759 1192 1798 videtur
1219 1759 1281 1799 Cl.
1311 1761 1457 1800 Leiche
1484 1763 1551 1800 in-

123 1814 267 1854 ductus
292 1815 435 1862 fuisse,
468 1821 514 1853 ut
540 1815 646 1867 apud
675 1814 858 1852 Nostrum
884 1828 928 1866 p.
967 1812 1027 1863 ¹4·
1059 1814 1112 1852 D.
1156 1813 1551 1869 4.portic11m'red-

123 1869 251 1909 deret.
302 1870 378 1908 Est
403 1877 443 1908 et
470 1869 524 1907 ibi
553 1879 654 1908 meta
691 1869 821 1907 medio
853 1870 895 1907 in
921 1867 1096 1908 triclinio
1125 1875 1272 1908 statuta
1300 1880 1347 1908 ex
1374 1870 1520 1909 hedera
1536 1901 1552 1921 ‚

124 1929 258 1977 myrto
292 1930 332 1962 et
366 1924 583 1963 rosmarino
627 1925 681 1962 sie
709 1924 808 1962 sacta
828 1954 838 1969 ‚
878 1930 925 1962 ut
957 1937 979 1961 e
1003 1930 1147 1962 trunco
1183 1932 1292 1963 recto
1326 1925 1406 1963 duo
1439 1925 1552 1964 velut

124 1977 290 2017 brachia
317 1985 385 2016 aut
410 1985 512 2017 tecta
528 2008 540 2028 ,
566 1977 761 2017 umbellas
779 1978 981 2031 oblongas,
1002 1978 1226 2017 extenderet
1241 2009 1252 2029 ,
1279 1993 1406 2031 eoque
1433 1994 1551 2032 prae-

125 2039 248 2072 staret
274 2046 392 2071 usum
420 2034 619 2085 porticus,
660 2047 741 2072 non
776 2039 911 2071 tamen
951 2039 1135 2071 arcuatae
1172 2047 1302 2086 neque
1342 2033 1498 2073 clausae
1525 2048 1550 2073 a

123 2086 313 2127 lateribus
326 2116 336 2132 ‚
379 2088 447 2126 sed
487 2089 655 2139 patentis
685 2094 724 2126 et
751 2086 892 2140 planae
930 2087 981 2126 ad
1008 2087 1132 2126 instar
1158 2086 1312 2126 litterae
1339 2088 1375 2126 T
1400 2089 1552 2127 forma-

124 2148 205 2181 tae.
294 2141 341 2179 In
381 2148 517 2180 nostro
569 2149 774 2194 praesente
814 2141 904 2181 loco
956 2156 1029 2194 per
1065 2138 1140 2193 τὴν
1167 2139 1386 2193 βασιλικὴν
1424 2146 1550 2195 φῖιάν

126 2195 359 2249 intelligitur
386 2196 548 2234 interior
571 2197 747 2235 custodia
774 2197 879 2234 circa
904 2197 1123 2235 tentorium
1151 2195 1318 2248 Augusti
1347 2196 1410 2235 vel
1434 2211 1549 2249 prae-

125 2253 289 2290 torium.
343 2249 441 2288 Nam
476 2257 573 2288 eratx
598 2251 675 2289 alia
713 2264 872 2303 quoque
897 2252 1065 2289 exterior
1102 2263 1173 2302 per
1199 2250 1393 2290 ambitum
1420 2259 1548 2290 extre-

126 2315 239 2344 mum
266 2311 500 2350 castrorum,
529 2311 574 2342 ut
593 2312 700 2356 patet
726 2319 748 2343 e
774 2305 1029 2356 sequentibus
1055 2319 1098 2356 p.
1124 2317 1217 2358 277.
1245 2305 1335 2342 fine.
1404 2306 1451 2344 In
1468 2307 1549 2345 cir-

126 2372 176 2398 co
203 2373 362 2413 quoque
371 2359 469 2453 1χ’ῐηα
494 2366 579 2397 erat
598 2389 610 2409 ,
639 2358 717 2397 alio
745 2361 905 2397 nomine
930 2362 984 2397 πῖ
1004 2359 1132 2405 dicta,
1162 2360 1337 2410 porticus
1364 2367 1548 2401 constans

127 2427 151 2452 e
177 2414 332 2452 duobus
386 2413 599 2452 ateralibus
635 2420 675 2452 et
723 2426 804 2451 uno
831 2420 1058 2452 transverso
1100 2411 1329 2452 ambulacro
1344 2443 1354 2461 ‚
1404 2423 1547 2468 quarto

129 2470 326 2507 anteriore
353 2467 500 2518 latere,
528 2481 598 2520 per
636 2467 744 2520 quod
772 2469 943 2505 intratur
959 2497 971 2516 ,
997 2473 1155 2519 patente
1172 2496 1184 2516 ,
1212 2467 1263 2505 ad
1291 2467 1414 2507 instar
1440 2469 1546 2509 litte-

129 2535 197 2560 rae
225 2523 397 2562 Graecae
426 2523 482 2562 Pi
507 2523 660 2571 dietae,
687 2521 844 2574 qualem
870 2521 953 2559 vidi
977 2519 1267 2559 Amstelodami
1303 2533 1420 2575 snper
1445 2524 1546 2564 Am-

129 2575 250 2622 stela,
280 2584 318 2615 et
345 2584 468 2617 exstat
508 2576 638 2616 adhuc
666 2577 708 2614 in
734 2576 932 2614 Dalmatia
970 2575 1077 2628 apud
1103 2574 1287 2614 Salonam
1316 2591 1362 2615 ex
1389 2586 1546 2619 vetusto

130 2629 276 2682 palatio
301 2631 567 2680 Diocletiani,
600 2638 644 2670 ut
670 2637 777 2683 patet
816 2644 838 2669 e
878 2630 1012 2682 figuris
1050 2628 1156 2668 illius
1189 2631 1396 2683 imaginis,
1425 2648 1544 2687 quam

131 2684 239 2723 dedit
263 2685 431 2738 Sponius
456 2687 498 2726 in
527 2686 709 2725 itinerar.
739 2686 790 2724 T.
813 2685 846 2724 1.
877 2699 917 2738 p.
942 2697 1011 2724 20.
1041 2691 1081 2724 et
1106 2698 1150 2724 ex
1178 2698 1225 2724 eo
1252 2685 1428 2728 Bandur.
1456 2696 1539 2728 not.
