1884 3132
192 144 268 188 Λι)
315 141 614 188 οοΝετΑΝτ.
649 138 848 184 roam.
888 135 961 181 ΒΕ
998 137 1180 181 cmm.
1219 136 1318 178 Lus.
1346 137 1400 177 11.
1440 114 1553 172 663

115 246 297 302 Negelin.
313 247 364 287 de
390 245 580 301 diptycho
607 243 933 299 Norimbergensi
951 258 994 298 p.
1016 255 1085 283 υ.
1143 239 1248 281 Nolo
1274 240 1382 282 enim
1408 254 1433 280 a
1459 239 1558 279 viris

113 303 242 354 doctis
271 303 418 342 tradita
445 309 638 356 repetere.
667 301 747 340 Sed
772 314 846 354 pro
874 312 1033 352 mappa,
1062 311 1185 351 quam
1213 297 1440 335 Circensem
1466 294 1557 348 pla-

120 365 185 398 cet
212 359 310 398 viris
357 358 486 398 doctis
528 355 749 409 appellare,
793 355 888 408 quia
932 368 978 393 ea
1005 354 1125 392 missa
1148 351 1334 400 ‘consules
1359 363 1558 403 equorum

115 412 343 453 carceribus
370 412 677 451 emittendorum
715 411 873 463 siguum
907 409 1058 447 dabant
1079 435 1091 457 ‚
1120 408 1423 460 conspiciuntur
1450 419 1555 458 quo-

115 482 196 521 que
223 466 404 507 consules
419 467 620 506 interdum
633 467 675 504 in
693 463 893 518 diptychis
907 462 1095 502 volumen
1111 461 1372 501 convolutum
1400 474 1554 513 gerere.

117 524 349 576 Utrumque
361 524 612 561 retinuerunt
636 518 933 573 quodammodo
947 517 1089 556 Graeci
1114 523 1155 556 et
1183 518 1303 555 sacris
1321 515 1557 554 Christianis

117 578 495 628 accommodarunt,
542 582 581 615 et
622 575 739 628 nugis
776 580 981 627 praeterea
1007 574 1088 624 suis
1131 572 1481 618 contaminarunt,
1512 576 1560 608 ut

118 632 248 673 solent
277 646 340 672 res
364 645 502 671 omnes
518 659 530 680 ‚
559 645 659 683 quas
685 635 925 675 attrectant,
956 627 1165 679 antiquas,
1197 632 1446 665 vetustorum
1472 639 1561 664 mo-

121 702 212 727 rum
238 687 409 726 inscitia.
467 686 565 724 Tria
599 687 734 738 itaque
754 689 797 722 iu
825 683 900 722 bac
928 682 1197 735 disputatione
1227 680 1326 720 mihi
1357 694 1562 734 exponen-

119 745 173 782 da
200 755 340 789 sumo,
383 741 586 794 primum,
626 748 672 779 ut
716 745 941 778 commenta
971 739 1218 775 Graecorum
1256 736 1307 774 de
1333 737 1466 774 acacia
1494 734 1560 774 vel

121 797 343 837 anexicacia
364 797 628 849 perstringam
645 810 656 846 ;
676 793 912 843 secundum,
936 799 982 830 ut
1005 791 1212 844 utriusque
1230 789 1431 841 vocabuli,
1461 804 1558 828 ean-

120 853 213 892 dem
240 865 325 890 rem
343 850 613 904 significantis,
626 850 821 903 originem
832 856 872 887 et
888 847 1084 886 rationem
1102 846 1370 886 demonstrem
1387 860 1398 895 3
1421 846 1557 894 tertio,

120 914 169 946 ut
197 907 376 946 evincam
393 919 543 944 morem
558 919 680 944 manu
699 904 877 958 gestandi
901 910 984 942 tam
1001 915 1179 955 mappas,
1209 901 1359 949 oraria,
1389 899 1563 949 sudaria,

120 962 320 1016 tergendis
340 960 505 1000 naribus
521 967 560 999 et
586 962 669 1010 ori,
698 974 820 1013 quam
847 957 1017 1006 rotulos,
1045 958 1174 1010 pipas,
1202 955 1406 995 volumina
1434 969 1563 994 mem-

120 1017 316 1056 branacea
342 1015 589 1068 temporibus
617 1015 902 1067 antiquissimis
929 1013 1204 1052 Romanorum
1235 1013 1277 1049 in
1318 1024 1394 1049 usu
1424 1010 1561 1048 fuisse.

232 1071 424 1111 Perhibet
452 1069 628 1108 Codinus
656 1069 776 1109 Offic.
807 1069 884 1108 Vl.
921 1081 989 1122 27.
1006 1095 1019 1117 ‚
1047 1068 1223 1106 acaciam
1251 1079 1335 1105 esse
1362 1064 1566 1104 sacculum

121 1139 147 1165 e
173 1139 308 1179 panno
337 1139 536 1179 purpureo
554 1124 793 1172 confectum,
821 1124 946 1163 serico
973 1120 1110 1161 subtili
1139 1120 1295 1160 mantili
1321 1119 1564 1169 involutum,

124 1183 234 1220 intus
262 1181 453 1220 refertum
486 1187 591 1218 terra
623 1176 754 1230 (ἐντὸς
768 1175 857 1230 ἔχει
881 1176 1039 1228 χῶμα),
1063 1183 1109 1215 ut
1123 1176 1315 1230 significet
1342 1183 1382 1215 et
1408 1175 1568 1213 nomine

123 1242 165 1275 et
189 1242 297 1274 terra
327 1236 434 1274 intus
460 1242 672 1281 contenta,
707 1235 995 1287 lmperatorem
1022 1231 1168 1271 debere
1195 1230 1389 1270 humilem
1417 1237 1457 1269 et
1486 1236 1568 1268 ter-

125 1304 245 1330 renae
273 1303 366 1329 suae
395 1290 559 1342 originis
588 1303 804 1328 memorem
831 1302 930 1327 esse.
985 1286 1193 1326 Consentit
1219 1286 1365 1340 Symeo
1394 1286 1568 1323 Thessa-

128 1344 264 1394 lonic.‚
293 1358 467 1397 quorum
494 1344 702 1382 amborum
731 1343 839 1382 locos
867 1342 988 1380 habet
1014 1343 1082 1380 Du
1110 1341 1246 1393 Gange
1261 1355 1302 1380 v.
1329 1339 1499 1379 Ἀκακιά
1529 1345 1570 1378 et

124 1399 222 1438 diss.
247 1406 366 1438 antea
405 1398 581 1438 laudata.
634 1398 783 1437 Procul
810 1396 934 1436 dubio
962 1396 1057 1435 hinc
1084 1403 1224 1434 natum
1250 1401 1325 1446 est,
1354 1393 1464 1447 quod
1488 1393 1567 1432 Pe-

123 1461 214 1492 trus
248 1455 469 1492 Damianus
507 1453 639 1505 Epist.
668 1453 704 1491 Ι.
742 1466 804 1506 ¹7·
841 1458 1004 1500 narrat,
1048 1450 1118 1488 sed
1154 1449 1286 1496 solus,
1333 1449 1498 1487 Graecis
1524 1449 1567 1487 in

126 1522 240 1547 more
283 1508 403 1546 fuisse
446 1509 647 1560 positum,
678 1514 725 1545 ut
755 1507 899 1559 aliquis
937 1506 1172 1557 Imperatori
1209 1517 1347 1542 recens
1376 1510 1568 1542 coronato

123 1577 205 1602 una
228 1577 348 1602 manu
395 1562 596 1601 vasculum
625 1562 787 1616 plenum
821 1569 1059 1599 mortuorum
1100 1560 1244 1598 ossibus
1274 1566 1314 1597 et
1341 1558 1571 1612 pulveribus

125 1617 291 1670 ffmt,
329 1617 468 1671 [paulo
497 1624 587 1671 post
622 1618 768 1655 cineres
793 1614 936 1669 dicet‚]
966 1616 1009 1653 in
1039 1615 1124 1652 alia
1163 1627 1255 1653 vero
1285 1622 1466 1667 stuppam
1495 1613 1574 1651 lini

124 1673 315 1712 subtiliter·
333 1686 485 1738 pexam
525 1686 573 1710 ac
597 1673 695 1726 pilis
710 1671 925 1726 pensilibus
963 1670 1135 1708 molliter
1169 1669 1394 1707 demolitam
1410 1697 1420 1715 ‚
1454 1665 1571 1721 [ἤρε’-

126 1741 190 1778 μα
231 1726 291 1773 εἰς
327 1736 439 1776 υψος
490 1725 723 1780 ἐπῃρμένην
740 1756 753 1777 ,
806 1721 1254 1776 ὖποκεχαυι’ωμένην,]
1294 1723 1358 1761 cui
1391 1724 1573 1776 protinus

127 1781 229 1834 ignis
248 1781 479 1831 adhibetur,
510 1790 548 1819 et
572 1789 728 1834 repente
753 1782 795 1819 in
823 1781 901 1818 ictu
937 1779 1046 1817 oculi
1057 1777 1235 1833 flamma
1262 1777 1387 1816 subito
1408 1785 1572 1815 vorante

126 1837 379 1886 consumitur,
411 1845 453 1875 ut
483 1837 525 1874 in
562 1837 686 1874 altero
708 1835 953 1874 considerare
972 1833 1120 1882 debeat,
1153 1833 1259 1887 quod
1274 1841 1331 1870 est
1346 1862 1358 1880 ,
1387 1832 1429 1870 in
1447 1832 1572 1870 altero

127 1890 264 1930 videre
291 1891 442 1941 valeat,
467 1891 565 1945 quid
577 1891 702 1933 habet.
756 1890 810 1929 In
833 1889 1021 1927 cineribus
1043 1889 1232 1942 siquidem
1255 1902 1296 1925 se
1326 1887 1493 1925 cinerem
1508 1900 1572 1924 re·-

129 1946 345 1996 cognoscd,
378 1946 420 1983 in
450 1954 592 2000 stuppa
623 1959 719 1985 vero
748 1945 916 1996 colligit,
949 1945 991 1981 in
1030 1943 1096 1982 die
1133 1943 1277 1981 iudicii
1304 1955 1422 1995 quam
1446 1940 1572 1979 subito

130 1998 299 2037 mundus
326 1999 479 2038 ardebit
517 2007 593 2043 etc.
662 2000 725 2039 De
755 2007 896 2053 stuppa
926 1997 1131 2037 combusta
1158 1997 1276 2036 silent
1302 1996 1444 2034 Graeci
1473 1996 1572 2033 scri-

131 2060 283 2106 ptores.
340 2053 387 2092 ln
412 2055 595 2094 Romana
638 2061 772 2094 tamen
812 2055 924 2093 curia
950 2067 1039 2092 mos
1078 2060 1162 2092 erat
1199 2065 1332 2090 coram
1382 2057 1573 2088 coronato

132 2108 319 2161 pontifice
346 2107 488 2147 floccos
513 2117 681 2162 stuppae
708 2108 999 2158 comburendi,
1036 2107 1231 2147 clamante
1268 2118 1488 2158 praecone:
1518 2106 1574 2142 sic

133 2163 275 2202 transit
294 2163 426 2214 gloria
460 2165 612 2204 mundi.
666 2165 729 2202 De
755 2163 918 2203 vasculo
948 2170 1082 2201 autem
1105 2162 1174 2201 illo
1217 2160 1371 2199 ossibus
1399 2166 1439 2197 et
1464 2160 1574 2197 cine-

135 2217 248 2256 ribus
283 2217 402 2270 pleno
443 2218 551 2270 quod
579 2225 716 2257 narrat
733 2247 745 2268 ,
785 2219 945 2258 videtur
971 2217 1074 2256 male
1100 2217 1283 2256 auditum
1311 2221 1351 2253 et
1382 2212 1486 2252 male
1509 2227 1574 2252 re·-

135 2271 261 2311 latum
288 2285 372 2310 esse
398 2285 444 2310 ex
487 2274 619 2311 acacia
642 2302 653 2319 ,
695 2287 816 2325 quam
851 2273 971 2311 fuisse
1010 2286 1149 2311 revera
1176 2269 1378 2310 sacculum
1403 2270 1575 2308 sericum

135 2333 245 2365 terra
269 2324 432 2379 plenum
451 2355 462 2372 ‚
492 2326 544 2364 ab
572 2328 879 2379 Imperatoribus
907 2340 987 2365 non
1013 2327 1220 2379 postremis
1248 2331 1406 2363 tantum
1431 2322 1574 2362 Codini

138 2380 393 2432 aequalibus,
420 2380 489 2419 sed
506 2381 756 2424 Constantini
784 2381 1158 2434 Porphyrogenneti
1186 2380 1266 2417 iam
1294 2385 1437 2428 aetate,
1465 2383 1575 2430 patet

139 2449 162 2475 e
192 2435 324 2474 Nostri
352 2450 395 2487 p.
418 2434 513 2486 445.
538 2436 583 2474 Β.
604 2434 658 2484 8.,
694 2435 765 2474 ubi
795 2436 966 2474 dicitur:
991 2437 1253 2487 Imperatores
1278 2431 1323 2472 ἐν
1348 2436 1439 2478 ταῖς
1467 2431 1576 2480 δεξι-

140 2491 209 2535 αῖς
234 2493 379 2542 χερσίν
417 2487 560 2528 αὕτῶν
595 2486 642 2527 τὸ
672 2486 877 2541 νικητικὸν
918 2489 993 2528 τοῦ
1021 2487 1208 2539 σταυροῦ
1236 2483 1435 2537 τρόπαιον
1461 2483 1575 2525 κατέ·

139 2556 267 2595 χουσι
283 2573 296 2594 ,
323 2544 521 2594 (successit
549 2558 691 2596 nempe
714 2558 810 2582 crux
830 2573 843 2595 ,
884 2543 1200 2581 Christianorum
1229 2541 1407 2591 idolum,
1435 2541 1477 2580 in
1511 2541 1574 2580 vi·-

143 2610 229 2635 cem
273 2598 495 2650 scipionum
538 2598 806 2637 eburneorum
848 2604 1029 2637 veterum
1056 2596 1307 2648 consulum‚)
1338 2596 1384 2635 ἐν
1412 2594 1458 2635 δὲ
1483 2597 1576 2641 ταῖς

145 2649 376 2700 εὐωνύμοις
401 2651 475 2704 τήν
500 2649 775 2701 ἐξανάστασιν
801 2652 875 2704 τῆς
900 2652 1046 2703 χοϊκῆς
1071 2647 1190 2704 ἡμῶν
1218 2644 1366 2697 ου’σίας
1382 2679 1394 2700 ,
1412 2663 1456 2689 ιη
1476 2651 1576 2688 sini-1

143 2713 225 2746 stra
257 2720 350 2746 vero
378 2716 507 2749 tenent
535 2708 850 2748 resurrectcbnem
865 2735 878 2757 ,
915 2705 956 2747 id
985 2713 1044 2747 est
1068 2704 1294 2762 symbolum
1321 2707 1578 2746 resurrectio-
