1884 3132
431 487 537 536 10.
586 486 747 534 1Ac.
796 482 1182 532 REISKII

324 611 1278 677 COMMENTARII

785 769 844 794 An

216 879 758 928 APPENDICEM
818 879 1049 927 LIBRI
1107 873 1413 926 PRIML*

436 1133 520 1172 AD
563 1133 830 1173 PARTEM
875 1132 1022 1172 PRIO
1033 1132 1174 1172 REM.

87 1234 223 1322 Pag.
242 1268 335 1324 257.
358 1268 409 1308 A.
435 1283 470 1308 ῐ.
492 1268 608 1324 [444
639 1267 692 1322 1.]
730 1263 945 1315 ὑπόθεσις.
1001 1268 1111 1307 Sitne
1147 1269 1277 1321 prima
1303 1267 1401 1308 haec
1428 1283 1525 1323 par-

86 1323 239 1375 ticula,
267 1338 371 1377 quae
396 1324 446 1363 ad
470 1339 509 1377 p.
528 1324 622 1363 263.
646 1323 850 1370 decurrit,
895 1323 1070 1362 eiusdem
1099 1323 1378 1374 Constantini,
1408 1327 1522 1364 cuius

86 1386 269 1427 caetera,
307 1393 389 1417 non
418 1379 556 1431 liquet.
615 1378 755 1417 Saltim
782 1393 826 1417 ex
855 1392 902 1416 eo
929 1378 1096 1428 dubito,
1135 1379 1244 1432 quod
1287 1394 1327 1432 p.
1357 1380 1450 1418 260.
1471 1381 1518 1418 Β.

89 1434 120 1473 f.
167 1429 190 1471 ὅ
232 1430 349 1485 ἅγιος
383 1434 552 1485 Καῖσαρ
598 1433 678 1482 (εἰς
708 1434 814 1471 enim
857 1432 913 1472 ibi
942 1431 1052 1486 lego)
1079 1441 1337 1472 memoratur.
1396 1435 1521 1487 Atqui

89 1489 269 1527 Caesaris
307 1501 453 1526 nomen
492 1488 741 1526 Constantini
770 1487 1140 1540 Porphyrogenneti
1168 1495 1295 1527 aetate
1322 1490 1402 1526 iam
1430 1504 1522 1527 exo-

86 1541 239 1582 leverat
276 1549 316 1581 et
350 1543 537 1592 βασιλεῖς
568 1541 873 1595 appellabantur
909 1544 1187 1594 Imperatores.
1246 1542 1373 1581 Forte
1402 1543 1523 1598 igitur

87 1597 233 1637 saeculi
276 1598 408 1651 quarti
451 1604 521 1635 aut
560 1598 691 1650 quinti
720 1611 818 1650 opus
847 1603 930 1644 est,
963 1610 1043 1650 quo
1074 1597 1260 1636 Caesares
1288 1597 1419 1636 adhuc
1448 1612 1521 1637 an-

85 1652 248 1691 diebant
266 1682 278 1703 ,
319 1659 365 1690 ut
410 1665 433 1691 e
459 1654 641 1706 superius
667 1651 844 1704 allegatis
873 1650 1182 1690 allocutionibus
1210 1665 1410 1691 novorum
1438 1654 1521 1692 Iin-

84 1714 316 1761 peratorum
344 1707 396 1746 ad
423 1707 614 1746 Senatum
642 1707 916 1759 populumque
944 1714 983 1745 et
1010 1706 1130 1745 fortes
1157 1709 1350 1745 exercitus
1369 1737 1381 1757 ‚
1424 1709 1521 1747 item

84 1762 265 1801 eluliani
277 1763 536 1815 Misopogone
562 1777 603 1815 p.
629 1761 722 1812 546.
743 1761 806 1800 ed.
826 1760 1043 1814 Spanhem.
1067 1769 1235 1800 constat.
1266 1762 1520 1806 Vocabulum

83 1814 287 1863 ὑπόθεσις
307 1825 441 1856 autem
469 1818 534 1856 hic
562 1824 675 1855 notat
687 1826 955 1871 praeceptiva,
986 1818 1216 1865 suasionem,
1240 1819 1519 1871 praescriptio-

86 1885 179 1909 nem
207 1873 389 1921 rationis,
419 1872 639 1912 secundum
668 1886 788 1925 quam
818 1871 1041 1924 agendum3
1074 1867 1317 1910 ὑποτιθέναι
1340 1878 1399 1910 est
1425 1888 1519 1928 sup-

77 1926 261 1980 peditare
287 1927 445 1981 (nempe
477 1926 698 1978 consilium)
716 1958 726 1974 ‚
762 1928 949 1973 suadere,
992 1933 1038 1964 ut
1064 1940 1135 1964 nos
1162 1926 1329 1964 dicimus
1358 1929 1519 1976 jeman-

84 1981 174 2018 dem
198 1990 311 2019 witer
341 1981 416 2021 den
443 1983 542 2021 Fuss
559 1983 693 2034 geben.
751 1981 854 2019 Hinc
882 1981 1083 2019 interdum
1111 1995 1183 2033 pro
1204 1990 1416 2036 praecepto
1445 1997 1517 2034 po-

84 2036 211 2073 nitur.
267 2035 456 2089 Exempla
484 2037 553 2075 dat
576 2037 661 2075 DC.
690 2051 731 2075 v.
761 2032 998 2082 ‘Yn63501;.
1055 2036 1170 2074 Verti
1200 2037 1409 2090 expositio.
1455 2038 1517 2076 Eo

84 2103 199 2128 sensu
225 2085 472 2130 ὑποτιθέναι
499 2092 603 2130 idem
632 2092 738 2130 valet
764 2098 884 2144 atque
922 2086 1203 2144 ὑπογράφειν,
1231 2105 1364 2130 coram
1397 2092 1519 2131 oculis

83 2145 237 2184 lectoris
256 2158 404 2198 ponere
430 2143 493 2185 vel
515 2148 695 2185 scrihere.

194 2199 248 2238 A.
274 2197 440 2253 1.[441,
466 2199 514 2253 1.]
547 2199 778 2249 ταξειὸιὶον.
837 2201 936 2239 Novi
972 2201 1115 2239 Graeci
1142 2196 1260 2249 τάξιν
1287 2200 1513 2254 appellant,

240 2260 394 2293 veteres
434 2252 688 2304 παράταξιν,
719 2263 756 2294 et
783 2251 1014 2304 ταξιδεύειν
1053 2257 1093 2294 in
1123 2252 1353 2306 παρατάξει
1373 2285 1385 2305 ,
1415 2271 1518 2310 pro-

82 2310 233 2357 cinctu,
263 2309 405 2349 ordine
431 2307 597 2359 bellico,
625 2310 708 2348 acie
736 2317 775 2349 et
802 2311 922 2349 armis
962 2324 1067 2359 esse,
1109 2317 1239 2361 stare,
1284 2312 1515 2363 procedere-

163 2428 196 2474 *)
218 2427 312 2461 Hinc
344 2428 475 2472 incipit
506 2429 851 2463 Commentariorum
885 2440 967 2473 pars
999 2429 1146 2464 inedita.
1196 2432 1238 2464 In
1263 2431 1334 2466 fine
1357 2440 1511 2469 annota-

221 2475 363 2510 tionum
389 2474 435 2507 ad
461 2475 542 2507 libr.
572 2474 766 2508 secundum
792 2475 955 2508 Reiskius
982 2474 1070 2509 haec
1094 2476 1325 2521 subscripsit:
1362 2481 1513 2516 Absolve

221 2519 346 2555 rudem
377 2520 471 2553 hanc
498 2521 754 2555 Commentarii
777 2520 1056 2554 delineationem
1086 2523 1176 2557 bono
1213 2535 1289 2556 cum
1313 2525 1412 2567 Dio,
1449 2530 1511 2562 cui

221 2567 303 2600 laus
336 2575 369 2600 et
404 2568 526 2611 glor-ia
565 2570 611 2601 sit
641 2568 738 2606 soli,
774 2566 832 2600 die
874 2580 923 2604 ιο.
957 2569 1053 2601 ΙΙῙαίἰ
1093 2570 1186 2613 ¹752-
1235 2570 1358 2605 Postea
1382 2574 1509 2617 plura,

221 2612 402 2646 schedulis
430 2614 599 2655 insertis,
624 2613 784 2652 addidit,
815 2614 990 2646 nonnulla
1025 2615 1135 2648 etiam
1164 2620 1384 2652 retractavit:
1411 2632 1506 2665 qnae

221 2657 261 2734 {n
300 2658 460 2692 editione
508 2660 714 2701 Bonnensi,
758 2670 822 2693 suo
870 2659 1032 2706 quidque
1080 2661 1183 2704 loco,
1223 2664 1324 2698 uncis
1367 2667 1504 2702 inclusa

237 2710 399 2748 eguntur.
