1884 3132
219 115 295 156 An
338 113 645 157 CONSTANT.
685 113 884 156 PORPH
925 115 997 154 DE
1036 94 1593 155 cmm.1,11;.1.263

143 220 190 261 ἒν
214 218 267 274 τῇ
291 219 434 274 πρώτῃ
452 217 638 283 τραπέζῃ
660 221 791 258 κεῖται
814 213 923 258 τάδε.
966 218 1040 257 Est
1068 232 1229 272 quoque
1249 215 1432 270 τράπεζα
1456 217 1595 258 tabula

146 290 239 314 cum
263 277 525 329 inscliptioue
550 276 592 313 in
623 275 710 313 loco
744 274 959 326 conspicuo
985 288 1201 326 suspensa,
1235 282 1281 312 ut
1317 273 1369 312 ab
1408 273 1594 313 omnibus

144 329 222 384 legi
249 338 386 398 queat.
442 329 694 392 Nicephorus
728 328 882 368 Callist.
903 329 1019 368 XIV.
1046 342 1085 367 2.
1144 327 1190 367 ἐκ
1225 327 1393 390 χρυσοῦ
1431 342 1499 368 και
1531 327 1595 367 λί-

142 386 235 424 θων
260 383 411 435 τιμίων
443 380 687 434 θαυμάσιόν
718 397 759 423 τι
794 383 970 446 79thcau
982 377 1210 422 θεαμάτων
1239 378 1456 422 κάλλιπον
1480 380 1593 446 ὑπὲρ

143 441 220 490 τῆς
254 438 366 486 ἰδίας
402 438 634 490 παρθειίας
668 435 743 477 καί
776 437 848 489 τῆς
892 437 970 476 τοῦ
1002 437 1191 490 α’δελφοῦ
1220 432 1440 488 ἧγεμοιίας
1476 434 1595 489 ἱερὰν

146 492 323 534 ἀνέθετο
355 492 615 557 [Pulcheiia]
659 464 868 544 τράπεζαν
897 490 941 530 ἐν
963 492 1033 556 τῇ
1053 490 1249 556 ἐκκλησίᾳ
1280 493 1387 531 ΚΠ.
1418 507 1486 532 και
1525 491 1596 532 ἐπὶ

142 547 216 588 ’τοῦ
254 561 447 599 μετωπου
483 562 557 599 της
590 547 818 599 τραπέζης,
859 544 916 592 ὦς
952 541 1006 585 ἂν
1049 547 1177 586 πᾶσιν
1214 545 1366 599 ἔκδηλα
1397 541 1445 602 ᾗ,
1492 542 1595 586 τάδε

146 602 396 656 ἐπέγραψεν.
450 603 567 642 Esset
591 604 712 656 igitur
735 616 874 641 sensus
903 601 1023 640 huius
1060 601 1135 640 loci
1170 601 1277 640 hunc
1315 603 1366 640 ad
1393 590 1591 641 inodum:
1604 652 1610 656 .

142 657 313 722 hypatos
345 658 508 711 quidem
536 659 578 696 in
602 659 788 696 extremis
810 659 941 710 pontis
970 658 1051 696 oris
1075 664 1233 710 praeter
1253 657 1450 696 caucellos
1471 665 1594 707 stare,

140 715 328 766 patricios
357 721 492 752 autem
524 714 566 751 in
599 712 732 751 medio
760 713 921 766 pontis,
957 714 1013 751 sic
1050 720 1184 750 tamen
1203 743 1213 759 ‚
1247 719 1293 750 ut
1333 715 1510 765 geminas
1550 715 1593 751 in

140 767 280 822 longas
301 770 420 808 series
438 768 615 807 dextram
644 768 926 821 sinistramque
945 769 1118 821 porrecti
1145 767 1417 821 relinquerent
1436 769 1477 806 in
1509 782 1594 806 me-

141 822 210 862 dio
240 823 474 863 transeundi
507 825 698 876 spatium.

232 878 322 918 126.
333 879 379 917 C.
405 893 465 917 10.
488 876 725 932 [215,12.]
747 874 828 916 gni.
856 878 930 917 Est
957 877 1076 925 idem,
1104 877 1214 931 quod
1232 877 1361 928 μέχρι
1375 877 1450 916 τοῦ
1465 891 1594 917 κατα-

141 925 622 996 ssfwc‘ov.Catabasi1ui1
646 941 744 986 puto
763 933 868 972 idem
889 947 973 973 esse
997 941 1118 986 atque
1143 933 1252 986 quod
1267 933 1420 972 Latinis
1434 933 1513 971 Con
1534 944 1594 970 es·-

140 989 225 1036 sio,
265 987 366 1028 cella
388 1003 525 1036 saera,
562 989 613 1027 ad
642 1003 764 1042 quam
790 1003 860 1041 per
897 988 1045 1041 gradus
1077 988 1334 1027 descenditur
1363 1003 1386 1026 a
1418 989 1494 1041 piis
1522 988 1593 1026 de-

144 1043 350 1082 votionem
373 1046 606 1097 peracturis.
668 1044 803 1097 Neque
823 1051 965 1097 pontes
997 1043 1075 1082 illis
1105 1045 1277 1082 caruisse
1309 1050 1423 1096 puto.
1480 1044 1594 1093 Qua-

139 1097 188 1137 lis
205 1106 339 1138 autem
367 1114 468 1152 pons
494 1098 562 1138 ille
591 1099 737 1149 suerit,
767 1113 848 1138 non
884 1099 1076 1146 dixerim,
1108 1113 1234 1151 quum
1254 1098 1402 1138 fluvius
1423 1098 1559 1136 nullus
1579 1127 1593 1148 .,

140 1153 251 1205 quod
285 1154 433 1202 sciam,
479 1154 606 1193 CPlin
644 1162 715 1193 aut
762 1154 957 1207 palatium
991 1153 1197 1220 perluerit.
1256 1150 1311 1193 Τὸ
1360 1153 1489 1205 μέρος
1531 1160 1592 1192 est

140 1209 285 1248 Nostro
316 1208 471 1248 solenni
491 1208 663 1248 formula
697 1209 802 1248 idem
819 1210 961 1262 ‚quod
990 1223 1048 1255 ως
1077 1205 1125 1247 τὸ
1153 1209 1302 1261 μέρος,
1331 1223 1464 1247 versus
1489 1223 1592 1262 par-

139 1273 230 1302 tem.
287 1264 391 1303 Vult
431 1265 566 1317 itaque
599 1265 732 1304 dicere
758 1279 769 1303 :
817 1241 990 1304 'Paniai
1029 1273 1264 1303 εοηιιεαηιιιι·
1294 1263 1513 1316 Augustam
1549 1265 1591 1302 in

139 1319 319 1373 obseqmo
348 1335 465 1374 usque
489 1319 548 1358 ad
587 1321 872 1371 Coqfesszonem
903 1329 1166 1375 pontzS‚q11a
1198 1321 1279 1358 itm·
1310 1319 1367 1357 ad
1397 1318 1589 1356 Οιαῐιιηι.

141 1374 323 1412 Ovatum
349 1382 484 1413 autem
502 1374 714 1441 palatium,
743 1375 880 1427 quod
870 1390 913 1413 m
936 1388 1096 1414 summo
1120 1373 1276 1426 fastigio
1298 1380 1449 1412 tectum
1469 1373 1590 1411 babet

141 1428 258 1467 avale
283 1429 532 1479 rotundum,
558 1426 731 1478 ωωτὸν,
761 1425 983 1479 θολωτὸν,
1027 1436 1220 1482 putatque
1254 1430 1323 1467 Du
1368 1429 1504 1479 Cange
1538 1427 1590 1465 ad

139 1483 471 1536 Silentiariump.
496 1483 590 1537 547.
607 1513 619 1533 ‚
650 1484 756 1522 idem
782 1485 901 1522 fuisse
927 1484 1006 1522 hoc
1042 1483 1266 1521 aedificium
1306 1496 1399 1521 cum
1441 1482 1590 1520 celebri

141 1537 212 1576 illo
231 1538 290 1577 Tr
291 1538 398 1589 ullo,
421 1540 463 1577 in
487 1552 568 1591 quo
587 1546 695 1577 sexta
722 1539 900 1591 synodus
934 1553 980 1577 ex
1001 1553 1049 1577 eo
1075 1538 1181 1576 dicta
1210 1537 1411 1576 celebrata
1430 1536 1520 1575 fuit.

251 1593 305 1632 D.
333 1608 374 1631 2.
398 1592 511 1648 [2¹5‚
547 1593 623 1646 16.]
651 1592 880 1646 συννθεια,
913 1591 1091 1632 αιῖλοῦσι
1116 1600 1189 1634 etc.
1248 1593 1313 1631 Sic
1337 1590 1590 1655 distinguunt

141 1655 181 1687 et
204 1648 394 1688 exhibent
417 1649 700 1687 memlnanae:
730 1625 947 1700 συνήθεια.
977 1645 1185 1687 αὐλοῦσιν
1218 1661 1285 1685 και
1312 1661 1363 1686 τα
1402 1660 1590 1698 οργανα,

140 1717 209 1742 και
238 1716 309 1742 ors.
336 1701 514 1753 μεσάσει
543 1701 567 1755 ἦ
594 1697 823 1753 Αυγουστα
851 1702 910 1748 εἰς
936 1699 981 1742 τό
1017 1701 1363 1753 ἀναδενδράδων.

226 1771 317 1812 127.
337 1758 392 1797 A.
411 1773 451 1796 2.
472 1758 594 1812 [216,
621 1757 675 1811 2.]
715 1756 1076 1810 παρακαθίστρια.
1133 1739 1306 1797 Videtur
1338 1757 1484 1795 femina
1523 1756 1589 1795 fu-

139 1813 241 1860 isse,
271 1812 402 1866 qualis
426 1814 728 1867 paranymphus
761 1814 806 1852 in
839 1813 968 1864 viris,
1002 1826 1172 1866 sponsae
1203 1813 1384 1882 proxime
1414 1812 1591 1851 assidens

139 1874 180 1906 et
214 1882 361 1907 comes.

247 1924 301 1962 A.
329 1922 370 1962 8.
405 1923 532 1978 [216‚
578 1922 634 1977 7.]
663 1925 748 1970 τοῖς
779 1919 1017 1969 δεσπόταις.
1074 1923 1134 1962 Μ.
1169 1918 1270 1969 τούς
1298 1916 1524 1971 δεσπότας,
1546 1928 1587 1962 et

138 1977 196 2016 sic
226 1992 387 2030 quoque
414 1979 467 2020 ,C.
498 1994 537 2032 7.

247 2034 295 2071 B.
321 2047 356 2071 ι.
386 2032 513 2087 [ibid]
537 2030 641 2085 καλή
671 2031 823 2085 ἡμέρα.
883 2034 1059 2082 „Graeci
1089 2028 1219 2078 καλάς
1246 2028 1407 2083 ἡμέρας
1449 2031 1585 2083 appel-

139 2085 226 2125 lant
258 2087 344 2126 dies
377 2087 529 2135 festos,
557 2096 603 2127 ut
634 2089 765 2127 Latini
797 2089 914 2127 bonos
949 2089 1048 2126 dies.
1110 2089 1210 2125 Nam
1248 2087 1378 2124 honus
1414 2085 1497 2124 ἀίω
1526 2093 1586 2125 est

138 2155 215 2194 pro
239 2142 338 2181 festo
362 2149 439 2181 etc.
443 2141 463 2157 ”
518 2143 655 2182 Verba
672 2151 765 2182 sunt
790 2143 972 2182 Salmasii
1009 2143 1059 2181 ad
1079 2144 1130 2182 T.
1161 2143 1215 2180 ΙΙ.
1243 2142 1329 2180 Ser.
1352 2141 1454 2179 Hist.
1472 2141 1581 2204 Aug.

138 2210 181 2249 p.
210 2196 305 2245 415.
330 2197 378 2235 Β.
433 2198 601 2237 Memini
628 2213 692 2237 me
728 2198 860 2237 adhuc
886 2213 1055 2251 puerum
1081 2199 1237 2250 saepius
1258 2196 1455 2234 audivisse
1478 2197 1583 2234 inter

138 2251 350 2306 populares
392 2266 503 2291 meos
537 2252 815 2292 salutationem
856 2255 1095 2292 matutinam
1128 2260 1167 2290 et
1213 2252 1423 2290 diurnam:
1475 2250 1584 2289 Boas

137 2306 247 2354 dias,
284 2314 473 2360 corrupta
497 2321 596 2346 voce
626 2322 699 2360 pro
722 2309 840 2348 bonus
865 2310 979 2355 dees,
1008 2307 1157 2347 scilicet
1190 2314 1248 2345 est
1272 2306 1311 2344 id
1326 2333 1338 2354 ,
1370 2304 1479 2357 quod
1507 2305 1581 2343 tihi

139 2359 206 2399 vel
226 2363 342 2401 vobis
364 2376 588 2414 apprecor3
621 2362 864 2414 καλημέςιας
896 2338 979 2428 vid}
1003 2363 1055 2401 ad
1078 2378 1116 2415 p.
1148 2361 1240 2403 218
1275 2375 1309 2399 c.
1329 2360 1400 2397 fin.

250 2416 659 2470 D-antepen.[217‚
689 2417 770 2470 ¹4]
806 2414 911 2463 Θεὸς
941 2413 1070 2468 ἄξιος.
1128 2418 1182 2455 Μ.
1210 2411 1317 2460 Θεὸς
1341 2410 1362 2452 ὃ
1394 2407 1524 2464 αγιος.
1555 2445 1558 2448 Δ

228 2471 318 2510 128.
329 2472 380 2510 A.
391 2486 484 2525 pen.
503 2470 619 2525 [218‚
658 2471 718 2524 3.]
750 2471 823 2522 τῆς
853 2471 1015 2521 α’ραίας.
1074 2471 1228 2510 Areae
1265 2469 1305 2508 id
1320 2475 1404 2519 est,
1429 2481 1579 2507 vacuae

170 2524 348 2574 lanifici,
379 2541 481 2580 quae
522 2541 659 2565 coram
692 2527 802 2564 XlX.
843 2526 1034 2565 accubitis
1075 2533 1146 2565 est.
1202 2526 1289 2563 Vox
1325 2530 1383 2563 est
1417 2524 1577 2561 Latina.

158 2578 423 2631 Υποσχέσεως
454 2580 697 2633 γενομένης,
737 2581 898 2633 quando
926 2581 1144 2632 lmpeiatoi
1147 2594 1186 2618 es
1218 2580 1396 2633 petitioni
1410 2579 1579 2620 Senatus

145 2640 186 2672 et
209 2637 454 2675 exercituum
485 2636 712 2675 indulturos
747 2649 788 2674 se
814 2649 897 2674 esse
917 2637 1186 2687 promiseiint.
1243 2634 1444 2673 Volebant
1470 2634 1578 2672 enim

149 2688 188 2727 id
209 2691 338 2742 rogari
354 2720 367 2742 ‚
403 2691 512 2744 quod
541 2692 615 2744 ipsi
646 2690 882 2744 plerumque
898 2691 1113 2743 cupiebant
1136 2697 1176 2729 et
1198 2689 1425 2729 studebant.
