1884 3132
266 104 381 172 264
577 123 649 164 10.
691 123 796 165 1Ac.
835 125 1035 164 RsslsKu
1067 123 1454 172 COMMENTARH

373 226 513 266 A.ult.
534 226 632 282 [218
648 256 659 277 ‚
685 227 747 281 4.]
775 227 975 277 βασιλεῖς.
1035 230 1094 272 Μ.
1127 243 1210 268 non
1236 237 1327 283 post
1352 230 1398 270 h.
1424 245 1468 271 v.
1488 260 1501 282 ‚
1526 231 1596 272 sed
1627 240 1720 287 post

263 275 416 333 τρόπον
438 282 648 335 distinguit
664 313 677 334 ‚
705 291 751 322 ut
775 285 910 336 itaque
927 284 1003 323 sit:
1027 299 1103 323 uno
1129 285 1340 341 eodemque
1369 286 1485 326 modo
1514 287 1628 326 ambo
1653 289 1723 327 vel

260 337 401 390 plures
415 367 426 384 ‚
463 339 496 376 si
527 345 645 389 sunt,
661 337 949 394 Imperatores,
980 347 1051 378 aut
1072 347 1107 379 et
1140 340 1433 395 Imperatorem
1445 350 1560 397 atque
1581 342 1717 398 Impe-

265 392 451 430 ratr-icem
472 393 653 433 laudant.
1632 410 1635 413 ·

379 446 421 489 C.
440 461 479 486 2.
498 448 595 502 [218
611 478 621 495 ‚
652 446 730 502 15.]
755 443 1078 500 συναιρούντων.
1137 451 1195 488 Μ.
1211 446 1547 502 συναινοῦντων,
1587 453 1719 492 011ιηί-

265 501 333 540 bus
362 505 706 553 consentientibus,
743 511 786 542 ut
815 519 855 557 p.
884 504 978 555 248.
1008 503 1127 543 D.'8.

381 558 430 596 C.
444 572 539 610 pen.
563 558 664 613 [218
678 589 690 610 ⁷
720 558 807 613 24.]
831 560 1008 612 φιβλῶν.
1037 560 1225 599 Fibulam
1248 561 1436 615 intelligit
1453 591 1465 613 ‚
1485 576 1589 615 quae
1606 562 1719 602 chla-

268 611 430 664 mydem
451 628 676 654 caesaream
695 616 736 653 in
761 615 901 654 dextro
930 615 1099 654 humero
1115 617 1430 670 constringebat.
1476 613 1538 656 Ta
1569 631 1722 657 καισα-

268 665 385 718 ρι’κια
415 677 529 708 erant
554 684 727 710 coronae
769 670 835 709 vel
880 670 1029 710 insulae
1065 671 1304 710 Caesaribus
1339 674 1546 725 propriae,
1577 673 1631 711 ab
1656 675 1720 712 in-

266 721 365 761 sulis
403 723 697 777 Imperatorum
741 726 954 776 diversae;
1004 721 1211 778 στεφάνια
1261 727 1504 779 καισαρίκια
1547 727 1723 781 appellat

270 778 458 831 Theoph.
483 794 522 832 p.
541 781 633 831 574.
657 781 737 831 A.‚
781 781 851 819 ubi
892 782 1128 820 cerimonias
1166 782 1358 834 quasdam
1389 784 1512 821 creati
1541 783 1722 823 Caesaris

270 833 402 872 affert.
459 835 724 889 Landulphus
751 837 878 890 Sagax
900 851 994 875 eum
1019 837 1152 875 locum
1183 838 1447 890 interpretans
1465 837 1598 877 reddit
1623 839 1724 878 Cae-

270 891 436 928 saricias
458 892 608 943 galeas.
665 893 819 930 Locum
856 891 986 931 habeo
1022 907 1067 931 ex
1105 891 1277 931 Seldeno
1310 893 1363 932 de
1405 893 1532 932 Titul.
1569 894 1724 933 Honor.

269 942 320 983 P.
345 946 401 983 11.
427 960 467 998 p.
491 947 554 985 13.
609 946 726 1001 *[Les
756 948 996 1002 Emperew·s
1039 947 1230 987 d’Orienc
1261 949 1511 988 aecor-darent
1542 949 1724 988 ordinai-

270 1009 421 1039 rement
456 1002 498 1039 la
544 1016 739 1041 couronne
766 1018 852 1041 alt-x
889 1002 1025 1041 Cessars
1050 1012 1087 1041 ec
1110 1018 1197 1042 aux
1221 1005 1435 1057 premietes
1467 1004 1647 1056 digniteis-
1674 1005 1726 1043 de

269 1055 301 1093 ἰ,
316 1055 498 1110 Ειη])ι”ι·ε.
531 1057 667 1096 Verba
691 1066 785 1096 sunt
806 1058 861 1096 du
888 1058 1040 1096 Frcsne
1059 1058 1110 1096 ad
1130 1058 1315 1097 Ioinville
1341 1074 1383 1112 p.
1402 1061 1495 1098 301.
1531 1055 1597 1098 Tc}
1631 1073 1726 1098 και-

270 1109 444 1160 σαρίκια
485 1108 811 1163 περικεφάλαια,
857 1113 1072 1152 Caesarum
1107 1122 1369 1164 ornamenta,
1413 1115 1577 1153 Nicetas
1595 1143 1607 1165 ‚
1651 1115 1723 1168 qui

274 1163 553 1205 Nobilissimus
581 1167 708 1206 factus
727 1164 802 1218 τὴν
829 1168 994 1220 χρυσῆν
1021 1170 1200 1219 χλαῖναν
1232 1165 1306 1207 καί
1331 1164 1405 1207 τὸν
1431 1169 1640 1222 στέφανον
1658 1184 1726 1208 ac-

275 1221 391 1272 cepit.
451 1221 563 1260 Idem
601 1222 698 1261 ibid.
733 1223 1000 1275 Despotarum
1021 1253 1032 1271 ‚
1067 1225 1314 1274 Caesarum,
1351 1223 1724 1264 Sebastocratorum

275 1289 446 1314 coronas
471 1277 616 1315 Matth.
646 1279 870 1317 Monachus
887 1279 935 1317 de
955 1279 1097 1331 dignit.
1126 1278 1290 1330 palatin.
1312 1277 1575 1333 descripsit-T*
1604 1280 1726 1319 Erat-

277 1344 330 1369 ne
363 1331 508 1370 Caesar
538 1332 614 1370 sub
650 1333 881 1387 Byzantinis
899 1341 1091 1387 tanquam
1124 1332 1144 1374 ὃ
1171 1332 1518 1386 μονοστράτηγος,
1546 1349 1727 1375 summus

274 1385 445 1429 militiae
474 1389 688 1440 magister?
743 1390 917 1428 Videtur
940 1403 983 1427 ex
1012 1390 1274 1429 Constantino
1300 1389 1351 1428 de
1376 1389 1565 1430 Themat.
1594 1404 1634 1443 p.
1663 1389 1727 1442 14.

277 1440 327 1479 C.
357 1455 392 1481 ι.
452 1441 562 1480 Sane
597 1442 820 1495 falluntur,
859 1445 927 1497 qui
969 1445 1180 1484 Caesarem
1218 1445 1537 1497 praesumtivum
1569 1447 1728 1499 imperii

275 1494 467 1536 heredem
492 1497 567 1535 sub
593 1498 823 1551 Byzantinis
847 1507 993 1553 putant
1022 1499 1157 1539 fuisse.
1212 1500 1318 1539 Nam
1345 1500 1611 1554 Imperatores
1639 1500 1727 1554 ple-

276 1565 450 1605 rumque
475 1552 577 1591 filios
606 1568 702 1593 suos
736 1554 908 1607 collegas
954 1556 1111 1608 imperii
1150 1556 1406 1595 assumebant
1427 1585 1439 1607 ‚
1475 1555 1586 1610 quod
1619 1556 1728 1596 idem

278 1614 337 1645 est
360 1615 481 1661 atque
515 1616 655 1647 nostro
682 1610 813 1664 stylo:
847 1611 1014 1650 heredes
1043 1612 1198 1664 imperii
1229 1610 1499 1654 declarabant.
1555 1611 1730 1651 Videtur

277 1663 342 1701 isti
366 1664 571 1716 opinioni,
599 1665 789 1705 Caesares
819 1665 938 1705 fuisse
962 1681 1139 1705 summos
1157 1668 1402 1706 exercituum
1427 1666 1565 1718 duces,
1594 1666 1733 1707 favere

279 1717 421 1757 titulus
455 1719 550 1771 ipsis
583 1719 700 1759 datus
737 1719 1065 1772 εὐτυχέστατος,
1107 1729 1146 1760 et
1186 1722 1388 1761 interdum
1428 1735 1618 1775 quoque,⁴
1658 1722 1729 1762 sed

279 1776 427 1823 rarius,
449 1772 638 1826 ἀνίκητος
653 1806 663 1822 ‚
682 1778 752 1829 qui
776 1779 896 1816 etiam
913 1779 954 1815 in
978 1776 1133 1816 Italiam
1153 1784 1194 1816 et
1211 1792 1381 1830 regnum
1397 1778 1580 1815 Romano
1596 1797 1609 1806 ·
1625 1777 1728 1816 Ger-

281 1831 485 1868 manicum
508 1828 693 1884 deinceps
709 1833 918 1871 traductus
935 1839 1009 1871 est.
1039 1831 1147 1886 *[De
1169 1832 1287 1870 titulo
1313 1826 1506 1884 ἀνικήτου
1527 1831 1730 1884 καίσαρος

281 1885 523 1938 Berengario
544 1885 638 1924 dato
661 1894 700 1926 et
723 1887 810 1927 aliis
837 1887 1032 1927 similibus
1055 1902 1098 1926 v.
1117 1887 1300 1927 Valesius
1329 1887 1379 1925 ad
1405 1887 1613 1941 Anonymi
1639 1901 1730 1926 car-

284 1954 378 1979 men
406 1941 456 1979 T.
487 1941 542 1982 11.
566 1943 764 1981 Murator.
785 1958 827 1996 p.
844 1942 982 1997 387.]*
1041 1943 1100 1981 Ita
1130 1956 1212 1981 non
1240 1944 1325 1981 sine
1346 1956 1465 1981 causa
1490 1945 1622 1981 minor
1645 1942 1728 1982 fra-

282 2002 345 2034 ter
375 2003 414 2035 et
438 1995 588 2049 collega
603 2027 613 2044 ‚
646 1998 714 2036 sed
737 1999 901 2037 inferior
922 1999 1067 2036 Leonis
1094 1998 1288 2049 Sapientis
1303 2027 1314 2047 ‚
1360 1995 1590 2036 Alexander
1623 1997 1730 2037 infra

283 2053 326 2090 in
352 2050 619 2104 Clctorologio
641 2052 788 2106 p.452.
807 2053 916 2092 D.6.
948 2050 970 2091 ὁ
1000 2049 1180 2104 εὐτυχὴς
1196 2051 1470 2104 Ἀλέξανδρος
1498 2046 1730 2104 αὔγουστος

286 2106 535 2159 appellatur,
560 2108 750 2161 quoniam
773 2109 968 2162 respectui
986 2109 1130 2147 Leonis
1154 2122 1236 2148 non
1255 2116 1338 2147 tam
1359 2104 1585 2160 βασιλεῦς,
1605 2115 1728 2164 quam

287 2162 436 2201 Caesar
455 2170 554 2202 erat.

378 2231 467 2272 129.
489 2217 542 2257 A.
564 2231 597 2256 1.
620 2218 749 2273 [219‚
777 2217 853 2272 to.]
886 2214 970 2256 α’πὸ
1000 2214 1262 2271 ὃιβητησίων.
1319 2218 1366 2257 In
1406 2217 1600 2257 dibetesio
1631 2230 1729 2270 pro-

287 2271 454 2311 ductum
482 2287 643 2326 quoque
668 2275 788 2313 fuisse
815 2273 1006 2313 Basilium
1037 2273 1298 2312 Macedonem
1315 2303 1326 2323 ‚
1369 2287 1494 2326 quum
1523 2279 1612 2325 post
1635 2286 1730 2325 pro-

289 2334 468 2366 curatam
509 2329 560 2367 ab
591 2330 676 2382 ipso
720 2330 880 2368 caedem
925 2329 1104 2368 Caesaris
1127 2329 1281 2367 Bardae
1316 2330 1358 2367 in
1388 2327 1560 2367 submoti
1593 2326 1728 2366 locum

291 2380 438 2421 Cacsar
467 2391 566 2423 esset
593 2385 813 2435 creandus,
843 2384 1037 2438 significat
1064 2386 1146 2423 Leo
1175 2385 1494 2433 Grammaticus,
1523 2383 1635 2421 cuius
1667 2381 1729 2421 lo-

291 2448 384 2473 cum
403 2463 414 2485 ‚
449 2439 544 2489 quia
574 2442 675 2479 ritus
695 2441 964 2479 coronationis
991 2439 1098 2478 illius
1120 2439 1310 2479 describit
1327 2468 1339 2488 ‚
1370 2438 1449 2476 huc
1488 2436 1727 2477 transferam

290 2503 312 2527 e
346 2504 385 2542 p.
416 2490 509 2541 466.
542 2495 619 2533 fine
637 2525 648 2544 ‚
679 2501 725 2535 ut
754 2510 845 2534 cum
875 2496 1023 2534 Nostro
1051 2495 1222 2534 conferri
1252 2493 1405 2547 possit:
1460 2488 1666 2537 Δεδωκαὶς
1703 2490 1729 2530 o‘

289 2542 489 2594 βασιλεύς
523 2549 674 2603 Φωτίῳ
701 2551 758 2605 τῷ
782 2547 1026 2604 πατριάρχῃ
1055 2546 1102 2589 τὸ
1136 2550 1302 2599 στέμμα
1339 2541 1447 2597 ἄρας
1474 2545 1519 2584 ἐκ
1547 2547 1620 2598 τῆς
1641 2546 1727 2585 ἀὖ-

290 2599 367 2636 τοῦ
395 2603 579 2653 κεφαλῆς
600 2635 611 2653 ‚
653 2602 700 2651 ὃς
735 2602 969 2656 εἰσαγαγών
1005 2606 1049 2644 ἐν
1087 2605 1137 2659 τῇ
1165 2600 1260 2656 ἁγίᾳ
1299 2600 1481 2654 τραπέζῃ
1535 2600 1728 2653 ἐποίησεν

289 2649 422 2704 εὕχῆν
450 2654 513 2693 ἐπ’
542 2651 656 2713 αὐτῷ
669 2691 681 2709 ,
714 2660 788 2699 καί
814 2656 851 2698 οἱ
875 2655 1143 2710 πραιπόσιτοι
1167 2658 1404 2707 ἐνέγκαντες
1433 2654 1630 2705 δίβίτισιν
1656 2656 1730 2696 καὶ

289 2705 462 2759 ΐζαῗῖία
490 2709 691 2753 ἐνέδυσαν
721 2712 958 2754 Βασίλειον.
989 2710 1100 2760 ὅστις
1126 2709 1270 2764 βαλῶ-ν
1300 2707 1374 2762 τήν
1402 2707 1607 2762 χλαμύδα
1635 2705 1731 2751 ἔπε-
