1884 3132
320 171 430 238 348
613 188 684 231 10.
725 189 833 232 iAc.
878 192 1073 232 ausim
1121 159 1494 236 commixtum

319 349 568 402 Vid.Sigon.
603 351 725 403 Regu.
749 350 838 390 Ital.
879 366 966 405 pag.
998 366 1065 406 99.
1098 366 1130 390 ι.
1167 352 1315 391 Charta
1334 360 1448 392 vetus
1476 355 1583 408 apud
1611 356 1750 395 Mura-

319 411 397 442 tor.
439 405 489 442 T.
527 405 582 443 II.
614 404 783 460 Antiqu.
826 407 917 445 Ital.
941 421 1033 460 pag.
1079 407 1198 447 126.:
1230 408 1458 463 Imperance
1493 410 1651 449 domino
1679 412 1749 464 pi-

317 460 447 498 issimo
467 469 656 515 perpetuo
685 461 861 514 Augusto
889 462 1151 514 Bererzgarz'zas
1182 463 1260 513 (sic)
1287 478 1313 501 α
1339 463 1412 502 deo
1432 474 1614 504 coronato
1635 467 1751 520 paci-

299 514 390 569 fico
407 529 548 567 magno
568 516 824 570 Imperatore.
884 517 1061 570 Apparet
1089 518 1350 557 occidentales
1368 518 1528 558 titulum
1549 519 1752 559 orientalis

317 571 474 623 imperii
503 572 677 610 imitatos
708 571 840 610 fuisse.
896 572 1048 611 Ibidem
1077 588 1119 626 p.
1143 573 1236 627 789.
1259 573 1337 612 alia
1372 573 1534 614 charta:
1561 574 1653 614 dum
1687 589 1753 614 co-

317 639 405 664 ram
427 628 652 680 praesentia
690 627 842 666 domini
875 630 1000 666 nostri
1033 629 1259 667 Guaimarii
1285 630 1519 668 serenissimi
1557 639 1596 669 ec
1626 645 1654 668 a
1679 630 1752 669 deo

317 683 538 720 conservati
585 681 681 736 [hoc
710 689 768 721 cst
805 697 851 721 ex
891 697 1001 722 more
1039 684 1191 722 Graeco
1231 691 1269 722 et
1297 683 1473 723 Arabico
1500 699 1572 738 pro
1599 699 1752 724 conset·-

316 735 460 790 varzdi]
477 738 672 792 principis
698 747 736 776 et
752 738 873 776 ducis.
917 739 1086 791 Insignis
1114 746 1152 777 et
1180 739 1497 779 consideratione
1523 741 1668 794 dignus
1695 747 1754 779 est

318 791 429 831 locus
458 792 619 831 chartae
647 795 792 831 veteris
821 793 929 846 apud
957 794 1025 831 Du
1056 795 1189 848 Gange
1214 809 1256 833 v.
1292 795 1418 833 Thau.
1479 796 1594 834 ΤΙιαιι
1623 796 1754 834 ebore-

319 862 383 885 um
406 847 503 901 [hoe
533 855 590 886 est
619 847 809 887 baculum
836 863 926 888 cum
954 849 1126 902 praefixa
1157 864 1297 898 cruce,
1317 864 1420 902 quae
1447 851 1660 904 imaginem
1688 865 1756 902 ge-

320 904 420 940 mini
448 903 484 940 T
514 910 596 941 tam
616 902 916 942 horizontaliter
929 935 940 953 ‚
977 919 1097 958 quam
1116 904 1497 957 perpendiculariter
1523 906 1597 944 sibi
1619 905 1756 959 agglu-

314 957 433 996 tinati
459 958 599 1012 refert]
628 960 735 1013 quod
752 960 877 997 Falco
907 974 982 997 rex
1008 959 1270 1007 Hierusalem,
1296 974 1433 1008 comes,
1465 959 1752 1014 [Andegaven-

318 1015 371 1052 sis
398 1012 555 1066 nempe]
585 1014 711 1052 dictae
742 1014 922 1052 ecclesiae
943 1014 1053 1053 dedic
1067 1045 1078 1063 ,
1109 1015 1216 1069 quod
1255 1015 1388 1053 habuit
1415 1030 1442 1053 a
1469 1014 1645 1055 Soldano
1668 1017 1755 1054 Ba-

314 1069 497 1119 byloniae
518 1099 527 1115 ,
559 1069 718 1123 quando
743 1069 913 1107 Clu-istas
934 1071 975 1108 in
1004 1084 1131 1122 regem
1167 1069 1419 1108 Hierusalem
1447 1071 1572 1125 ipsum
1608 1072 1752 1110 Falco-

318 1139 405 1163 nem
440 1125 678 1163 sublimavit.
733 1125 936 1163 Discimus
965 1139 1010 1163 ex
1038 1124 1117 1163 hoe
1135 1154 1145 1174 ,
1193 1124 1294 1163 forte
1322 1124 1430 1174 solo,
1474 1125 1563 1165 loco
1584 1157 1595 1175 ,
1641 1140 1753 1180 reges

319 1179 707 1232 Hierosolymitanos
757 1178 1010 1219 Francorum
1039 1179 1211 1218 vasallos
1252 1179 1538 1219 Solthanorum
1581 1181 1756 1235 Aegypti

316 1234 459 1283 fuisse,
503 1248 749 1287 regnumque
789 1249 905 1273 suum
946 1235 997 1273 ab
1033 1234 1095 1273 his
1131 1242 1177 1273 ut
1204 1235 1368 1274 feudum
1395 1237 1583 1289 gessisse,
1614 1243 1653 1275 et
1679 1250 1753 1290 pro

317 1290 428 1342 signo
457 1290 716 1328 investiturae
743 1289 931 1328 baculum
965 1290 1187 1328 eburneum
1215 1290 1266 1329 ad
1298 1293 1425 1329 crucis
1454 1291 1578 1329 instar
1604 1292 1753 1331 forma·

316 1352 403 1384 tum
432 1346 654 1397 accepisse3
683 1345 1021 1398 quemadmodum
1048 1344 1230 1384 Francici
1258 1347 1457 1399 principes
1485 1345 1748 1395 Antiochiae,

315 1408 496 1453 respectu
527 1401 588 1438 sui
618 1400 885 1453 principatus,
927 1400 1070 1440 vasalli
1098 1408 1211 1439 erant
1239 1402 1532 1454 Imperatorum
1565 1402 1751 1441 CPtano-

316 1470 424 1495 rum.
483 1456 584 1494 Rem
611 1456 713 1494 tanti
740 1456 960 1506 momenti,
998 1456 1286 1509 omnibusque,
1325 1456 1434 1510 quod
1457 1457 1582 1495 sciam
1611 1463 1651 1496 et
1678 1459 1752 1497 mi-

315 1525 408 1561 ror,
438 1511 712 1563 passagiorum
740 1511 999 1564 scriptoribus
1025 1511 1219 1550 indictam
1236 1541 1247 1560 ,
1279 1514 1372 1551 satis
1400 1511 1610 1551 confirmat
1626 1512 1751 1552 histo-

316 1568 376 1605 ria
408 1565 605 1615 Arabica,
636 1580 739 1619 quae
766 1574 891 1605 totam
919 1565 1186 1605 Palaestinam
1223 1566 1460 1621 Syriamque
1498 1567 1549 1606 ad
1578 1567 1753 1608 Chalifas

317 1621 491 1675 Aegypti
520 1622 756 1674 pertInuisse
784 1621 904 1675 paulo
933 1629 1025 1660 ante
1052 1622 1302 1660 Francorum
1331 1623 1548 1661 adventum
1574 1622 1684 1661 dicit.

424 1678 478 1716 D.
501 1691 540 1730 7.
564 1678 676 1731 [373,
707 1675 759 1730 1.]
777 1672 1139 1727 κοσμοσυστάτων.
1175 1677 1223 1716 Id
1253 1685 1311 1716 est
1332 1673 1404 1723 οὓς
1431 1674 1454 1716 ὅ
1480 1672 1633 1728 κόσμος
1651 1691 1750 1719 συν-

312 1732 450 1784 ίστησι
466 1763 476 1779 ,
506 1746 600 1786 qnos
626 1741 816 1770 ter-raram
845 1732 948 1771 orbis
971 1732 1229 1772 commendat.

402 1802 497 1841 217.
518 1787 561 1827 C.
581 1802 620 1825 2.
644 1787 754 1841 [373‚
781 1785 862 1840 15.]
891 1787 1106 1840 τρυγητοῧ.
1166 1788 1460 1826 Describuntur
1500 1787 1577 1825 hoc
1621 1788 1750 1840 capite

314 1844 415 1882 ritus
443 1843 634 1881 feriarum
660 1842 960 1881 vindemialium
977 1872 988 1892 ,
1018 1857 1120 1895 quae
1148 1843 1199 1882 ab
1228 1844 1355 1896 Impp.
1373 1842 1544 1881 CPtanis
1565 1842 1605 1880 in
1636 1841 1750 1895 pala-

314 1900 370 1938 tio
401 1898 560 1937 Hieriae
578 1930 589 1947 ,
620 1912 664 1936 ex
698 1898 867 1936 adverso
895 1897 1011 1936 CPlis
1039 1899 1080 1935 in
1116 1899 1342 1937 continente
1371 1898 1547 1935 Asiatica
1572 1911 1662 1946 ora,
1689 1912 1750 1936 se-

313 1969 426 1993 cessu
455 1953 551 1992 illuc
580 1953 700 2004 facto,
733 1953 924 1992 celebrari
947 1952 1142 1992 solebant.
1199 1954 1254 1992 Et
1283 1952 1377 1991 illuc
1404 1966 1576 1991 secessus
1613 1952 1751 2006 appel·

314 2009 476 2048 labatur
502 2010 700 2061 processio
733 2008 906 2047 Hieriae.
966 2007 1200 2046 Incidebant
1227 2007 1318 2046 illae
1346 2007 1464 2045 seriae
1480 2009 1522 2045 in
1542 2008 1662 2046 finem
1685 2006 1750 2046 vel

314 2067 449 2119 potius
481 2064 657 2102 medium
687 2065 832 2102 mensis
860 2062 1128 2115 Septembris,
1157 2069 1203 2100 ut
1230 2069 1339 2116 patet
1367 2076 1413 2100 ex
1440 2062 1570 2100 indice
1597 2076 1748 2101 sermo-

313 2135 414 2159 num
442 2119 780 2159 catecheticorum
798 2118 1002 2156 Theodori
1029 2118 1208 2156 Studitae
1227 2147 1238 2167 ,
1267 2131 1387 2170 quem
1415 2117 1525 2156 dedit
1538 2117 1746 2156 Fabricius

316 2178 357 2214 in
389 2175 493 2214 Bibl.
528 2175 703 2212 Graecae
733 2175 784 2211 T.
807 2173 904 2211 XII.
927 2187 969 2224 p.
988 2172 1082 2211 283.
1103 2203 1113 2219 ,
1145 2173 1215 2211 ubi
1243 2174 1347 2211 inter
1373 2171 1577 2211 homiliam
1607 2171 1749 2210 Calen-

317 2231 378 2270 dis
405 2229 702 2284 Septembribus
731 2229 773 2266 in
803 2229 896 2266 anni
925 2229 1067 2266 Graeci
1096 2228 1252 2266 initium
1271 2258 1280 2274 ‚
1315 2235 1354 2266 et
1382 2227 1522 2278 aliam,
1544 2229 1586 2265 in
1602 2225 1748 2265 exalta-

314 2287 466 2325 tionem
494 2284 742 2324 venerandae
772 2285 900 2321 crucis
918 2314 928 2329 ,
960 2282 1024 2321 die
1045 2283 1152 2336 Sept.
1176 2283 1291 2321 XIV.
1321 2283 1467 2321 dictam
1483 2311 1495 2332 ,
1525 2281 1655 2320 media
1679 2295 1748 2320 oc-

315 2343 441 2380 currit
469 2340 545 2378 hoc
573 2339 723 2379 titulo:
754 2337 851 2390 περὶ
877 2337 951 2376 τοῦ
978 2333 1035 2390 μή
1070 2338 1278 2390 εἰσφέρειν
1318 2334 1506 2382 ἀκάνθας
1547 2335 1620 2374 καί
1656 2349 1749 2388 τρια

311 2390 463 2446 βόλους
491 2394 661 2444 παθῶν,
691 2391 795 2432 ἀλλὰ
824 2396 1106 2445 καρποφορεῖν
1133 2391 1231 2437 τούς
1269 2392 1342 2444 τῆς
1369 2390 1519 2444 α’ρετῆς
1546 2385 1745 2441 βότρυας.

313 2448 415 2501 μηνί
439 2450 495 2505 τῷ
524 2447 638 2503 αὖτῷ
666 2451 820 2501 (nempe
831 2448 1066 2500 Septembri)
1093 2445 1150 2494 εἷς
1178 2443 1250 2486 τὸν
1278 2441 1494 2497 τρυγητόν.
1551 2444 1749 2484 Homiliae

316 2504 407 2543 illae
436 2505 654 2544 secundum
683 2503 967 2542 Calendarium
997 2503 1198 2541 Graccum
1219 2502 1429 2554 dispositae
1463 2505 1587 2537 sunu
1627 2498 1750 2538 Unde

316 2559 483 2598 efficitur
514 2560 670 2606 initium
690 2559 880 2597 feriarum
898 2557 1196 2596 vindemialium
1217 2557 1322 2595 diem
1351 2554 1594 2593 exaltationis
1619 2556 1746 2593 crucis

313 2627 383 2651 seu
417 2615 531 2653 XIV.
569 2614 812 2666 Septembris
850 2614 1114 2651 antecessisse.
1170 2609 1266 2650 Fuit
1295 2623 1387 2662 ergo
1427 2610 1500 2670 ista
1522 2608 1747 2670 ⁴Theodori

311 2667 475 2707 homilia
505 2669 639 2708 similis
660 2669 765 2718 illis,
810 2682 908 2720 quas
939 2668 1062 2706 nostri
1093 2674 1272 2718 pastores
1301 2664 1491 2702 rusticam
1521 2678 1560 2700 m
1603 2677 1744 2702 encae-

314 2723 390 2761 niis
420 2723 670 2762 ecclesiarum
711 2738 874 2761 suarum
913 2737 1046 2761 mense
1076 2720 1291 2760 Novembri
1330 2719 1588 2770 pronuntiare
1618 2717 1746 2756 solent

315 2778 355 2816 in
391 2778 639 2830 evangelium
669 2779 717 2816 de
745 2778 924 2816 Zachaco
951 2776 1176 2829 publicano.
1236 2774 1459 2812 Traductus
1484 2773 1547 2811 hic
1580 2786 1666 2812 mos
1687 2772 1744 2811 fe-
