1884 3132
318 139 392 184 AD
430 135 766 182 Arrmmcm
800 139 897 179 Lm.
937 139 972 178 1.
1028 137 1101 178 DE
1140 135 1399 180 emmon.
1483 116 1599 194 559

163 239 327 295 ὕπτιον,
354 238 377 283 ὃ
393 243 581 282 καλεῖται
607 238 796 295 στορεὺς,
824 240 1004 295 θάτερον
1017 240 1064 280 δὲ
1078 236 1371 295 παραπλήσιον
1384 237 1598 297 τρυπάνῳ,

168 294 271 352 ὅπερ
298 297 577 350 ἐπιτρίβοντες
603 298 662 352 τῷ
697 301 840 349 mopsi
861 295 1128 350 στρέφουσιν.
1160 295 1301 335 Multis
1318 295 1427 336 hunc
1445 310 1598 337 morem

162 354 297 406 ignem
324 351 544 402 excitandi,
572 353 760 401 Graecis,
790 352 943 390 Latinis
969 358 1010 390 et
1038 351 1240 390 Arabibus
1268 358 1516 403 usurpatum
1525 351 1599 391 de-

162 407 369 448 clararunt
398 407 542 446 Petrus
579 406 798 445 Scriverius
826 407 868 445 in
902 405 1007 445 Hist.
1054 406 1258 444 Comitum
1286 405 1525 446 Hollandiae
1552 422 1596 461 p.

161 475 222 502 m.
250 463 276 503 5
311 475 348 502 1.
376 459 702 501 etSchultensius
727 462 769 499 in
797 461 955 513 Origin.
986 460 1038 499 T.
1057 460 1089 498 I.
1121 475 1161 514 p.
1188 460 1259 499 63.

271 476 319 556 ἓ.
335 530 374 571 7.
388 515 500 571 [472‚
518 529 532 555 1
543 514 572 569 .]
590 511 751 562 λάκκος.
778 515 868 554 Hoc
878 514 1020 554 vocab.
1045 516 1207 554 Graecis
1224 529 1367 554 cavum
1384 515 1598 570 quodcun-

162 585 244 625 que
251 569 544 624 receptaculum
554 577 679 618 notat,
700 571 783 609 sive
798 583 985 620 vacuum,
1015 570 1099 609 sive
1112 570 1275 622 plenum
1285 571 1405 610 rebus
1421 571 1598 611 humidis

161 633 235 666 aut
261 626 387 666 siccis.
452 625 514 664 Ita
538 639 698 678 quoque
735 625 868 664 Latini
906 625 1014 663 lacus
1040 625 1253 676 dicebant,
1298 639 1383 679 quo
1408 640 1526 666 sensu
1553 629 1598 667 in

161 681 316 721 Latinis
340 681 469 735 posui.
522 680 656 719 Latini
682 681 882 732 sequiores
909 680 1056 719 vitreas
1085 678 1257 730 ollulas,
1285 681 1328 719 in
1355 681 1502 734 quibus
1530 679 1597 734 ly-

159 735 287 776 chnos
321 749 393 789 per
434 741 592 774 noctem
636 734 818 774 ardentes
859 734 1112 788 deponebant
1163 741 1273 774 metu
1329 734 1596 775 scintillarum

159 789 455 840 decidentium,
489 803 541 829 ne
567 789 845 844 circumposita
888 789 1164 840 incenderent,
1191 789 1447 842 appellabant
1469 792 1597 829 cruci-

158 843 267 886 bula.
316 845 372 884 V.
401 845 470 884 Du
510 845 645 898 Gange
671 843 716 883 h.
744 858 787 883 v.
815 844 1069 883 Vocabulum
1110 845 1152 883 id
1180 858 1205 883 a
1233 845 1469 884 Germanica
1496 859 1596 885 voce

278 928 292 949 ,
321 901 462 939 cmcha
482 929 495 947 ,
521 901 657 939 cmc-he
674 928 686 949 ,
712 898 754 938 id
780 906 840 939 est
873 901 955 938 olla
971 929 983 947 ‚
1013 913 1126 938 urceo
1154 899 1373 939 derivanda
1399 907 1459 939 est
1475 929 1488 951 ‚
1516 914 1597 939 un·-

158 953 210 993 de
236 955 386 994 iactum
411 954 701 994 deminutivum
715 954 940 1003 cmvidm,
970 955 1204 1009 interposito
1229 969 1293 1007 m,
1321 956 1593 1007 maimolmn,

264 1023 287 1048 e
313 1011 357 1049 in
382 1009 407 1048 b
434 1016 587 1049 mutato
601 1040 612 1057 ‚
641 1010 892 1049 cnaeiholum.

154 1115 199 1156 di
265 1064 313 1104 C.
340 1078 403 1104 10.
434 1063 550 1119 [472⁹
572 1062 632 1119 3.]
659 1060 764 1117 πρὸς
793 1063 850 1106 ἓν.
902 1063 1001 1104 vid.
1041 1059 1144 1118 quae
1181 1063 1234 1104 ad
1259 1079 1303 1119 p.
1335 1064 1501 1106 281.A.
1524 1077 1590 1105 ιο.

198 1131 302 1158 cam·

265 1173 316 1213 C.
342 1187 405 1214 ιο.
435 1172 552 1229 [ai-¹⁷2,
570 1171 627 1226 4.]
670 1169 881 1227 κηροῦλια.
944 1174 1037 1213 Dixi
1065 1174 1104 1213 in
1132 1173 1301 1224 Latinis,
1328 1173 1427 1227 quid
1455 1174 1519 1223 sit,
1545 1187 1594 1214 ex

154 1241 246 1268 mea
269 1228 431 1282 quidem
459 1230 668 1268 sententia.
726 1229 804 1268 Nos
830 1228 1078 1282 appellamus
1098 1231 1161 1269 ein
1203 1228 1452 1268 W'aclaestok.
1485 1229 1594 1269 For-

153 1289 196 1323 te
221 1283 328 1323 idem
356 1283 431 1322 suit
455 1284 605 1322 crinale
626 1312 638 1332 ‚
667 1282 718 1322 de
739 1297 819 1336 quo
853 1298 894 1322 v.
930 1285 996 1322 Du
1025 1285 1221 1338 Cyangium
1250 1284 1294 1323 h.
1323 1298 1365 1322 v.

264 1338 313 1377 C.
341 1351 404 1377 10.
434 1336 551 1392 [472,
571 1337 632 1391 4.]
662 1333 867 1390 φανάρια.
921 1338 1115 1378 Perhibet
1140 1339 1207 1377 Du
1234 1339 1367 1392 Gange
1396 1336 1464 1376 Gl.
1494 1338 1589 1378 Lat.

157 1391 464 1447 Cereophalum‚
492 1406 517 1430 a
543 1392 738 1434 Cinnamo
766 1393 1036 1432 inventionem
1062 1393 1306 1433 latemarum
1332 1394 1592 1432 castrensium

153 1445 335 1486 Manueli
362 1447 600 1500 Imperatori
636 1447 775 1485 tribui.
835 1447 923 1486 Non
959 1449 1121 1487 memini
1148 1462 1213 1486 me
1249 1447 1291 1485 id
1319 1448 1360 1486 in
1390 1447 1589 1487 Cinnamo

153 1499 308 1554 legisse.
362 1502 481 1541 Certe
508 1500 672 1540 fallitur.
729 1500 985 1554 Antiquior&
1022 1503 1129 1541 enim
1160 1502 1229 1541 illo
1257 1516 1323 1541 eas
1352 1515 1454 1552 esse,
1490 1515 1591 1540 con-

152 1562 232 1595 stat
262 1571 309 1596 ex
328 1555 406 1595 hoc
434 1555 538 1596 loco.
563 1555 682 1596 Tales
691 1555 866 1595 laternas
898 1556 1151 1611 appellabant
1167 1557 1301 1596 Latini
1322 1556 1527 1595 absconsas
1549 1563 1592 1596 et

151 1623 306 1650 sconsas
332 1611 460 1664 (quod
488 1610 675 1650 candelae
710 1611 893 1650 ardentes
934 1615 976 1651 in
1004 1613 1053 1650 iis
1081 1613 1295 1651 absconsae
1322 1611 1519 1662 laterent),
1545 1625 1589 1651 v.

151 1664 221 1704 Du
247 1666 382 1719 Cange
411 1664 480 1705 Gl.
521 1666 570 1704 L.
602 1665 646 1705 h.
675 1679 716 1705 v.
761 1666 956 1706 Bernard.
985 1666 1176 1706 Monach.
1202 1668 1245 1706 in
1275 1665 1459 1705 Consult.
1491 1664 1594 1705 Clu-

150 1721 256 1759 niae.
277 1735 290 1760 :
314 1722 431 1775 prior
464 1722 606 1775 acc1pit
643 1734 815 1760 sconsam
835 1750 847 1771 ‚
888 1735 1006 1776 quam
1053 1736 1102 1760 ea
1150 1723 1250 1760 hora
1289 1721 1454 1759 candela
1487 1721 1590 1759 intus

150 1788 313 1814 accensa
328 1776 437 1815 omni
458 1785 565 1814 nocte
586 1785 710 1830 parat
734 1777 800 1814 illi
821 1776 1144 1815 hebdomadarius
1174 1777 1233 1815 ad
1248 1775 1487 1828 jaciendum
1510 1777 1590 1813 cit·-

151 1843 238 1868 cam
254 1859 268 1879 ‚
311 1829 354 1868 id
380 1837 440 1868 est
481 1830 767 1869 cii-citationem
782 1859 795 1881 ‚
840 1830 1118 1870 lustrationem
1139 1861 1152 1883 ‚
1181 1845 1284 1885 quae
1311 1830 1500 1883 obeundo
1526 1829 1586 1869 fit.

150 1882 188 1922 E
217 1884 340 1923 variis
366 1884 605 1924 materiebus
631 1885 831 1925 faciebant
860 1884 960 1926 tales
988 1885 1195 1925 absconsas
1214 1916 1225 1933 ‚
1274 1888 1380 1925 vitro
1415 1892 1455 1923 et
1480 1886 1590 1923 corio

148 1939 323 1976 tenuiter
348 1953 462 1989 raso,
499 1940 739 1979 membranis
767 1940 957 1980 tenuibus
972 1970 984 1991 ‚
1024 1948 1063 1980 et
1089 1955 1216 1980 cornu
1233 1969 1244 1991 ‚
1274 1940 1326 1979 ad
1354 1938 1512 1978 tabulas
1535 1938 1589 1977 li-

149 2005 269 2044 gneas
297 2007 486 2033 aeneasve
512 1993 650 2037 affixis.
706 1994 879 2049 Elegans
921 2003 982 2035 est
1017 1995 1128 2035 locus
1155 1995 1262 2050 apud
1287 1996 1332 2034 S.
1364 1994 1587 2034 Altelmum

147 2046 200 2086 de
218 2047 357 2087 Laude
382 2049 594 2102 Virginum
608 2063 622 2088 ι

311 2112 396 2152 Nec
426 2113 578 2153 laterna
605 2114 679 2153 tibi
713 2115 875 2155 vilescat
905 2117 1054 2163 vitrea,
1085 2116 1200 2168 virgo
1228 2145 1239 2163 ‚

316 2167 484 2220 Ter-gom
514 2169 581 2206 vel
604 2183 692 2208 raso
717 2179 757 2208 et
783 2171 900 2223 lignis
931 2179 1131 2224 compacta
1153 2170 1339 2223 salignis,

308 2222 386 2261 Seu
415 2223 727 2263 membranarum
758 2227 863 2263 tenui
899 2225 1092 2263 velamine
1110 2225 1252 2276 facea,

312 2277 533 2331 Quamlibet
545 2287 683 2317 aerata
706 2280 923 2332 praecellat
940 2281 1057 2331 sorte
1085 2279 1254 2317 laterna.

258 2343 306 2382 C.
343 2356 404 2386 11.
433 2341 545 2396 [472,
567 2341 627 2396 4.]
667 2338 907 2396 ὡρολόγιον.
972 2344 1145 2383 Videtur
1178 2336 1278 2382 m'ihi
1305 2342 1383 2381 hoc
1418 2356 1465 2381 ex
1490 2341 1580 2382 loco

144 2398 240 2436 satis
266 2404 354 2436 tuto
383 2397 524 2436 confici
563 2410 676 2450 posse
692 2426 706 2448 ‚
752 2398 832 2436 iam
867 2412 967 2438 aevo
1003 2399 1158 2437 decimo
1184 2396 1391 2451 horologia
1418 2400 1581 2450 gestati-

147 2451 202 2490 lia
216 2482 228 2502 ‚
258 2466 361 2505 quae
388 2452 485 2491 rotis
513 2452 643 2491 aeneis
663 2481 676 2500 ,
720 2450 932 2492 elaterihus
951 2482 964 2503 ‚
1006 2452 1171 2491 funibus
1198 2459 1239 2491 et
1266 2465 1451 2505 appensm
1475 2466 1580 2504 pon·-

145 2505 308 2546 deribus
346 2513 542 2560 aguntur,
585 2504 719 2560 qualia
754 2513 891 2546 nostra
931 2514 1049 2558 sunt,
1093 2508 1137 2546 in
1166 2521 1240 2546 usu
1282 2506 1414 2547 fuisse.
1475 2507 1577 2547 Nam

146 2560 255 2612 quod
307 2575 479 2616 par-vum
516 2570 738 2613 argenteam
779 2562 1022 2614 horologium
1066 2561 1126 2600 ad
1167 2561 1329 2614 vigilias
1369 2570 1576 2601 nodat-nas

146 2614 313 2664 dieitur,
342 2616 518 2668 profecto
538 2629 619 2654 non
648 2615 778 2669 potuit
803 2614 1011 2670 clepsydra
1027 2614 1161 2656 fuisse.
1188 2616 1272 2655 Pro
1295 2617 1419 2655 totius
1449 2616 1572 2668 enim,

146 2669 373 2720 praesertim
415 2669 607 2715 hibernae
622 2699 635 2719 ‚
667 2671 795 2709 noctis
819 2674 947 2723 spatio
974 2684 1161 2722 magnum
1188 2685 1259 2710 vas
1285 2670 1577 2724 requirebatur.

148 2721 280 2763 Multo
309 2725 440 2765 minus
466 2725 597 2780 potuit
617 2738 791 2781 gnomon
818 2725 949 2769 fuisse.
1004 2724 1111 2767 Nihil
1138 2726 1258 2781 igitur
1271 2724 1470 2781 reliquum
1497 2724 1571 2766 ali-
