1826 3126
245 139 318 198 38
515 158 587 199 10.
631 157 736 198 1Αο.
774 158 970 197 amsxu
1017 155 1395 199 COMMENTARH

244 275 286 316 p.
311 259 405 316 750.
436 261 491 299 D.
512 259 554 311 4.
609 253 850 313 Ἀναφοριὶν
881 252 1052 311 γράψας
1080 257 1154 297 καί
1187 257 1247 314 τῷ
1274 257 1348 312 τῆς
1374 252 1530 307 πόλεως
1561 255 1694 314 ἐπάρ-

244 330 309 372 χῳ
348 311 448 362 ‹50:34-
475 308 715 366 ἀναγνῶναι
740 312 786 353 ἐν
806 314 864 368 τῷ
887 313 965 352 τοῦ
995 308 1177 365 μεγάλου
1221 311 1549 354 Κωνοταντίνου·
1569 309 1692 370 φόρῳ

246 374 334 418 τοῖς
363 366 552 416 πολίταις
576 367 803 408 ἐκέλευσεν.
862 367 1023 408 Titulus
1054 375 1140 408 erat
1163 370 1384 424 praefecti&
1414 377 1455 408 et
1480 378 1600 425 pater
1627 384 1695 412 ut*-

243 425 317 469 Ιιιζς.
375 415 622 479 *[Ἐπαρχος
645 422 720 463 καί
747 420 886 477 πατήρ
922 421 1082 471 πόλεως
1114 432 1172 464 est
1199 423 1307 478 apud
1339 424 1485 478 Script.
1505 424 1693 478 Theoph.

242 496 285 538 p.
309 480 403 534 287.
427 485 467 518 et
494 479 711 533 Agathiam
739 479 780 517 in
795 480 1091 532 Epigrammate
1120 480 1227 533 apud
1252 479 1431 519 Bandur.
1451 479 1553 519 Ant.
1583 480 1693 535 Imp.

247 535 405 574 orient.
442 549 484 588 p.
525 533 662 588 ι48.]”ι
718 534 892 574 Videtur
924 533 1066 574 titulus
1097 535 1235 575 Patr-125
1282 534 1399 574 Urbis
1443 549 1536 574 cum
1574 533 1697 574 titulo

243 591 446 643 Praefecti
482 589 598 629 Urbis
628 603 782 643 semper
808 592 968 629 iunctus
1002 590 1135 630 fuisse.
1192 590 1290 630 Vid.
1314 590 1366 629 ad
1391 605 1434 644 p.
1454 591 1552 640 504.
1574 591 1630 629 D.
1652 588 1696 641 4.

244 645 431 685 dicenda.
487 645 544 686 Et
572 659 698 699 quum
728 647 922 700 patricius
957 645 1063 686 idem
1092 645 1244 686 valeret
1278 652 1398 700 atque
1426 655 1547 701 patet·
1578 647 1698 696 (nam

238 702 407 759 patricii
436 714 574 740 omnes
606 700 829 755 imperiales
857 702 1010 754 primae
1044 701 1305 741 institutionis
1329 708 1510 754 tempore
1539 714 1701 755 quoque

237 765 376 814 patres
405 755 664 811 Imperatoris
689 755 1018 810 appellabantur)
1034 764 1157 810 >patet
1178 771 1224 796 cx
1257 771 1303 796 co
1322 756 1421 810 quid
1438 756 1513 795 sibi
1531 755 1632 795 velit
1647 755 1700 794 ti-

244 811 357 850 tulus
388 812 587 851 Patrz'cius
620 811 726 851 urbis
747 813 949 852 Romanae
963 841 974 863 ‚
1005 826 1127 865 quem
1149 812 1364 852 Pontifices
1386 811 1558 851 Romani
1575 811 1699 864 Imp&

244 866 446 908 tatoribus
457 867 585 920 gentis
605 867 825 906 Francicae
837 874 877 907 et
892 867 979 906 aliis
1001 867 1251 907 tribuebant.
1280 867 1400 906 Notat
1421 867 1528 907 enim
1542 875 1699 921 patrem

246 922 353 960 urbis
380 923 543 962 Romae.
601 921 829 977 *[Alberic.
860 922 913 963 ad
941 937 1038 962 ann.
1062 922 1180 974 1084.
1240 922 1438 963 Henricus
1462 922 1549 962 Rex
1575 921 1702 975 patri-

246 977 332 1017 cius
363 977 639 1016 Romanorum
671 970 954 1028 constituitur,
986 985 1026 1017 et
1053 993 1077 1018 a
1095 978 1300 1017 Clemente
1315 978 1427 1031 Papa
1453 977 1494 1016 in
1524 977 1702 1030 Impera-

244 1039 374 1071 torem
391 1032 656 1072 benedicitur.
673 1047 715 1087 p.
741 1032 878 1087 188.]*
936 1034 1039 1073 Nota
1063 1048 1127 1073 res
1145 1034 1195 1073 de
1223 1031 1368 1073 Carolo
1388 1034 1449 1072 M.
1469 1031 1703 1072 Praefectus

245 1087 358 1127 urbis
376 1102 496 1141 porro
513 1088 715 1128 iudicabat
731 1103 814 1127 una
830 1103 923 1128 cum
938 1090 1130 1143 Magistro
1147 1103 1354 1128 sacrorum
1369 1087 1593 1128 officiorum
1608 1100 1699 1127 cau—

245 1157 308 1182 sas
335 1143 601 1197 patriarchae.
658 1144 755 1183 Vid.
782 1143 1022 1198 Theophan.
1039 1159 1082 1197 p.
1106 1145 1199 1185 155.
1219 1145 1267 1195 B,
1287 1144 1363 1184 nisi
1394 1157 1508 1183 casus
1533 1142 1599 1182 ille
1626 1156 1697 1196 pe-

246 1198 407 1237 culiaris
438 1198 574 1238 fue-rit.
632 1199 905 1239 Praecedebat
930 1199 1124 1253 populum
1157 1200 1198 1239 in
1221 1200 1342 1239 sacris
1365 1197 1701 1252 processionibus,

246 1253 395 1307 quibus
413 1254 633 1308 Imperator
653 1255 843 1295 intererat
859 1285 870 1306 ,
903 1263 1014 1294 metu
1032 1255 1235 1294 seditionis
1248 1254 1404 1294 subitae
1420 1269 1432 1306 3
1469 1261 1515 1293 ut
1532 1268 1555 1293 e
1572 1252 1704 1293 Theo-

246 1308 380 1364 phane
411 1324 453 1362 p.
481 1311 571 1350 128.
601 1311 648 1349 B.
675 1324 738 1349 12.
773 1317 813 1350 et
831 1309 919 1350 loco
937 1310 1142 1350 Theodori
1164 1309 1322 1350 lectoris
1341 1325 1365 1349 a
1383 1311 1517 1349 Goaro
1538 1309 1579 1348 in
1597 1308 1703 1348 notis

249 1364 301 1402 ad
327 1363 441 1402 illum
459 1363 592 1404 locum
619 1365 740 1405 citato
768 1373 937 1406 constat.
994 1366 1126 1405 Erant
1151 1365 1284 1404 adhuc
1301 1365 1368 1404 alii
1386 1363 1562 1418 Eparchi
1577 1394 1588 1416 ,
1625 1363 1703 1402 sci-

247 1417 342 1458 licet
356 1420 601 1473 integrarum
617 1421 910 1474 Eparchiarum
925 1421 1139 1475 praefecti;
1170 1421 1266 1461 item
1285 1416 1463 1475 ἔπαρχοι
1484 1419 1562 1460 τοῦ
1578 1432 1703 1473 στρα-

247 1472 424 1517 τοπέδου
443 1504 455 1526 ,
486 1485 705 1530 quaestores
717 1506 730 1527 ‚
763 1477 813 1516 de
830 1477 978 1530 quibus
993 1475 1090 1517 alibi
1109 1476 1217 1516 dico.

361 1529 410 1568 C.
437 1545 477 1585 7.
515 1529 578 1584 [6,
602 1530 690 1585 16.]
735 1529 957 1586 μυρῥίνης.
1013 1533 1112 1586 Leg.
1131 1531 1412 1572 emembranis
1455 1527 1530 1570 καί
1552 1526 1626 1582 τῆς
1657 1525 1705 1568 ἐκ

248 1582 397 1625 κισσοῦ
406 1615 420 1634 ,
466 1583 540 1625 καί
580 1581 768 1640 δάφνης,
816 1582 1028 1641 μυρῥίινης
1068 1600 1112 1626 τε
1155 1583 1229 1627 καί
1264 1583 1582 1640 ὃενδρολιβὰνου
1622 1590 1702 1624 etc.

247 1637 578 1690 Δενδρολιζθανος
613 1648 672 1681 est
700 1644 941 1682 roma-imas
957 1672 968 1694 ,
1006 1642 1163 1695 frutex,
1197 1641 1394 1697 siquidem
1421 1638 1607 1694 vulgares
1635 1653 1704 1679 ex-

249 1694 463 1749 positiones
482 1696 873 1750 Lexicographorum
891 1699 1096 1752 sequimur
1112 1728 1124 1750 ,
1159 1698 1270 1752 quod
1294 1697 1438 1752 passim
1455 1696 1530 1735 feci
1542 1724 1554 1746 ,
1587 1694 1706 1733 bota-

249 1749 358 1788 nices
391 1764 534 1802 parum
570 1767 733 1805 gnarus.
794 1753 921 1807 Atqui
960 1749 1278 1804 δενδρολιζθανον
1310 1753 1351 1791 in
1379 1750 1526 1791 Glossis
1549 1750 1705 1788 latricis

249 1804 357 1857 apud
375 1805 443 1844 Du
462 1806 594 1861 Gange
613 1806 744 1848 Gloss.
764 1809 838 1848 Gr.
858 1823 900 1862 p.
919 1808 1014 1849 362.
1046 1808 1126 1847 fine
1155 1807 1339 1848 redditur
1369 1802 1548 1847 Ἐκκίλελ,
1575 1803 1703 1856 μέλεκ

251 1869 310 1924 [l.
348 1863 483 1912 Ἐκλίλ
512 1872 710 1930 ἐλμέλεκ]
748 1865 874 1911 &ms
909 1865 1028 1920 ὸ-ᾼΚῖ
1061 1888 1208 1914 corona
1234 1875 1350 1927 reglis.
1411 1872 1472 1910 Ita
1505 1869 1708 1927 appellant

251 1925 409 1965 Arabes
439 1928 670 1971 melilotum.
726 1930 894 1971 Teixera
919 1931 969 1969 L.
986 1930 1021 1968 Ι.
1042 1930 1092 1969 de
1117 1928 1157 1969 la
1177 1928 1377 1968 Relacion
1406 1927 1457 1966 de
1485 1925 1545 1966 los
1579 1926 1708 1980 Reyes

251 1979 301 2019 de
327 1981 464 2021 Persia
490 1997 532 2037 p.
559 1985 650 2039 193,
707 1984 840 2024 M‘elek
868 1986 960 2025 vale
993 1986 1096 2037 Rey,
1118 2008 1138 2017 -
1155 1999 1220 2036 -y
1246 1998 1328 2039 por·
1358 1991 1434 2022 este
1459 1981 1619 2022 nombre
1645 1995 1707 2020 me

251 2049 406 2075 occorre
443 2037 486 2077 la
521 2041 756 2093 etymologia
791 2040 842 2080 de
878 2041 920 2079 la
951 2054 1086 2091 yet-va
1097 2069 1110 2090 ,
1156 2054 1230 2096 que
1260 2040 1318 2080 los
1354 2037 1523 2077 medicos
1554 2037 1709 2075 llaman

252 2089 455 2141 Melil0t0‚
495 2108 532 2146 y
555 2109 624 2134 nos
645 2097 913 2149 vulgat-mente
933 2095 1088 2135 Corona
1114 2095 1164 2134 de
1190 2095 1276 2146 Rey
1288 2123 1301 2146 ,
1335 2107 1481 2149 parece
1511 2091 1710 2131 deduzido

252 2145 321 2185 del
349 2146 548 2201 Ambigo,
593 2165 667 2206 ‘7¹oe
698 2151 741 2189 la
765 2150 852 2190 dice
881 2151 1092 2207 Equelilal
1115 2150 1276 2200 Malelc,
1321 2163 1396 2204 que
1423 2163 1463 2187 es
1489 2147 1528 2187 lo
1551 2148 1706 2186 mismo.

253 2200 373 2241 Conf.
403 2201 458 2241 D.
481 2204 583 2245 C.v.
619 2199 775 2246 Ἐλίλεκ
799 2201 949 2258 μόλικ,
993 2203 1238 2259 μελήλοτον.
1293 2203 1372 2243 Sed
1403 2201 1537 2254 ἐλίλεγ
1562 2208 1604 2241 et
1627 2215 1711 2253 χα-
1787 2237 1790 2240 .
1824 2187 1826 2189 ¹

251 2262 367 2319 217⁵&
411 2311 420 2319 ,
459 2305 479 2313 ..
530 2262 540 2303 5
575 2271 686 2325 quod
718 2271 857 2313 eodem
883 2270 1022 2312 retulit
1047 2272 1116 2310 Du
1143 2271 1306 2324 Gange,
1339 2268 1434 2310 illuc
1467 2280 1551 2308 non
1634 2265 1710 2305 rti-

253 2329 337 2362 net.
429 2325 508 2365 'elil
540 2327 711 2368 almalek
723 2356 737 2377 ‚
788 2342 934 2367 eor-ona
966 2329 1091 2380 regiS,
1147 2333 1207 2366 est
1250 2323 1456 2365 Arabibus
1491 2320 1584 2363 meli
1601 2329 1708 2361 otus.

253 2385 417 2447 Akme}
445 2404 515 2436 aut
545 2386 709 2452 Ehcik}
740 2407 780 2439 et
795 2399 1041 2452 corruptiore
1059 2397 1391 2451 pronunciatione
1421 2380 1590 2447 Halile}
1615 2399 1711 2433 sunt

255 2449 535 2502 myrobalani,
570 2453 918 2506 phoenicobalani.
976 2454 1044 2492 Du
1061 2453 1194 2507 Gange
1210 2467 1254 2493 v.
1282 2449 1442 2492 Λεκλίλ
1469 2463 1574 2504 quae
1602 2455 1712 2488 recte

254 2513 403 2565 habet,
437 2523 477 2554 et
495 2525 552 2556 est
580 2518 775 2562 Ἀλεκλὶλ,
803 2507 949 2566 Μίῖςῖ
979 2520 1140 2573 exponit
1175 2519 1393 2558 Libanotis.
1423 2511 1561 2555 λεκλίλ,
1588 2509 1617 2567 ἢ
1646 2515 1712 2554 λι-

255 2569 484 2621 βανωτίὸα.
542 2573 724 2615 Dubium
743 2592 824 2619 non
841 2583 898 2616 est
933 2576 1145 2617 Libanotin
1177 2582 1217 2614 et
1247 2572 1577 2613 dendrolibanmn
1602 2570 1710 2608 idem

257 2637 355 2665 esse.
413 2625 623 2667 Caeterum
656 2631 705 2671 de
742 2647 852 2673 more
885 2632 970 2671 vias
983 2660 994 2680 ,
1035 2645 1106 2684 per
1134 2644 1232 2684 quas
1268 2642 1414 2682 pompa
1449 2625 1708 2680 procederet,

256 2676 426 2740 flpribus
449 2684 658 2736 spargendi
693 2695 733 2725 et
759 2701 877 2743 opere
907 2686 1077 2739 topiario
1097 2683 1383 2738 praetendendi
1410 2682 1531 2724 credo
1547 2695 1569 2720 e
1593 2694 1710 2734 supe-

257 2733 433 2779 rioribus,
462 2745 644 2781 constare
666 2755 802 2798 posse,
836 2750 876 2786 ct
905 2739 1033 2785 eloco
1059 2740 1176 2784 Pauli
1204 2737 1441 2782 Rhamnusii
1470 2737 1519 2778 L.
1552 2736 1629 2776 111.
1659 2735 1712 2776 de
