1884 3132
236 110 351 181 246
523 128 601 172 10.
643 127 750 174 1Ac.
788 129 988 174 amsxn
1032 129 1435 187 COMMENTAml-3

236 231 459 273 Macedone
494 231 565 272 illo
603 239 787 286 ternpore
821 232 967 282 fuisse,
999 233 1111 288 quod
1149 233 1450 275 Assumtionem
1479 233 1626 276 Christi
1657 243 1699 289 et

237 288 503 330 Pentecosten
534 288 762 328 intercedit.
821 289 927 328 Sane
945 289 1092 342 Symeo
1112 291 1305 344 Magister
1337 305 1380 344 p.
1405 289 1503 343 456.
1525 293 1697 345 inaugu-

237 350 369 382 ratam
401 343 522 383 suisse
555 343 741 396 perhibet
773 343 886 383 illam
917 345 1058 384 aedem
1086 344 1273 385 Calendis
1307 347 1426 386 Maiis
1457 348 1554 386 anni
1578 347 1695 387 XIV.

237 398 392 450 Basilii,
418 400 489 452 qui
524 399 740 452 respondet
759 413 867 439 anno
891 399 1042 439 Christi
1074 400 1169 441 880.
1228 401 1327 441 Vid.
1357 402 1409 441 de
1435 401 1506 442 illa
1533 401 1699 442 ecclesia

238 453 307 493 Du
335 454 471 508 Gange
492 453 842 508 Constantinopoli
871 454 1022 494 Christ.
1061 456 1110 495 L.
1145 457 1220 496 IV.
1245 470 1282 495 c.
1302 457 1342 496 3.
1363 471 1486 512 p.97.

349 509 397 548 C.
420 524 456 549 1.
476 508 596 564 [189,
616 508 701 564 rof]
733 507 864 562 ἁγίων
903 506 1086 550 πάντων.
1142 511 1385 551 Sanctorum
1418 513 1603 552 omnium
1641 513 1700 553 fe-

238 572 348 606 stum
375 565 580 604 incidebat
608 566 650 605 in
679 567 938 605 Dominicam
972 568 1145 619 primam
1176 575 1267 621 post
1300 568 1566 608 Pentecosten
1587 597 1599 619 ‚
1628 582 1700 608 seu

238 621 282 661 in
307 621 455 660 festum
480 621 597 660 nobis
618 621 830 661 Trinitatis
856 622 1038 672 dictum3
1067 622 1166 672 (vid.
1188 624 1256 662 Du
1275 623 1410 678 Gange
1429 637 1472 665 v.
1503 637 1702 677 πεντηκο-
1733 659 1739 663 ⁷

238 671 455 729 στάριονς)
487 676 634 716 festum
656 685 888 717 sanctorum
913 677 1204 730 Apostolorum
1243 681 1286 718 in
1319 679 1427 719 diem
1470 693 1538 733 29.
1566 679 1701 731 lunii,

237 731 355 772 Eliae
397 732 439 771 in
474 731 519 771 d.
554 732 647 771 Iulii
681 746 786 783 2o.;
826 733 1190 786 transfigurationis
1222 733 1373 774 Christi
1400 736 1442 775 in
1472 735 1579 774 diem
1608 734 1700 773 Au-

239 788 344 841 gusti
369 786 441 838 6.;
487 787 741 828 dormitionis
767 802 838 828 seu
857 789 991 828 obitus
1015 790 1062 828 B.
1085 789 1263 844 Virginis
1286 791 1328 829 in
1354 790 1397 829 d.
1426 788 1488 830 15.
1507 790 1699 844 Augusti,

241 844 465 890 nativitatis
488 844 668 884 eiusdem
698 845 742 883 in
763 844 805 883 d.
825 843 866 883 8.
885 844 1156 897 Septembris,
1188 844 1452 884 Exaltationis
1482 844 1623 884 Crucis
1656 846 1699 884 in
1756 861 1767 867 ·

239 897 284 937 d.
309 897 373 950 14.
398 898 676 953 Septembris3
720 899 763 939 S.
784 901 980 939 Demetrii
1009 900 1050 939 in
1074 900 1117 939 d.
1151 901 1214 940 15.
1249 900 1516 951 Novembris,
1549 900 1703 940 Archi-

239 953 431 1007 strategi,
453 969 524 994 seu
559 955 768 994 Michaelis
791 955 1066 1009 Archangeli,
1109 957 1152 995 in
1189 956 1296 995 diem
1328 956 1504 1010 aliquem
1544 955 1701 995 decimo

241 1010 387 1063 quinto
413 1010 651 1050 Novembris
673 1012 937 1063 posteriorem
966 1018 1007 1050 et
1039 1010 1140 1051 festo
1170 1011 1404 1051 Nativitatis
1431 1011 1583 1051 Christi
1615 1012 1702 1067 pri-

241 1078 382 1115 orem,
410 1066 505 1118 quia
537 1080 561 1105 a
594 1066 739 1105 Nostro
765 1067 922 1106 medius
953 1069 1061 1107 inter
1099 1074 1318 1122 utrumque
1353 1066 1605 1118 collocatur3
1645 1067 1705 1106 fe-

241 1127 351 1160 stum
383 1120 517 1160 Basilii
557 1122 601 1161 in
646 1121 735 1161 Cal.
773 1122 935 1161 Ianuar.
976 1122 1059 1174 (sed
1094 1135 1136 1161 v.
1161 1137 1265 1176 quae
1296 1123 1348 1163 ad
1386 1121 1703 1177 Cletorologium,

242 1175 449 1227 dicemus).
510 1177 687 1228 Quando
723 1177 775 1216 sit
820 1178 966 1217 festum
996 1177 1256 1231 Hypapantes
1280 1193 1350 1217 seu
1376 1191 1589 1228 occursus,
1626 1192 1702 1216 no-

241 1230 305 1272 bis
337 1231 638 1271 Purificationis
677 1233 834 1272 Mariae
853 1263 865 1283 ,
908 1240 1054 1272 notum
1084 1240 1159 1272 est.
1225 1234 1393 1273 Festum
1428 1233 1704 1272 Orthodoxiae

241 1286 446 1326 incidebat
470 1288 512 1326 in
534 1288 708 1341 primam
734 1287 979 1328 dominicam
1000 1288 1367 1342 Quadragesimalis
1395 1289 1552 1338 ieiunii,
1585 1287 1704 1327 nobis

242 1341 600 1396 Quadragesimae.
660 1344 829 1384 Festum
851 1344 1174 1383 annunciationis
1203 1345 1371 1398 virginis
1408 1343 1594 1383 instabile
1613 1350 1700 1393 est,

242 1397 314 1442 sed
355 1412 515 1451 semper
549 1398 694 1438 incidit
723 1399 765 1438 in
806 1399 1166 1453 Quadragesimale
1207 1406 1382 1453 tempus.
1441 1399 1552 1438 Haec
1589 1398 1703 1438 volui

242 1452 365 1492 simul
390 1455 576 1508 persequi
612 1454 665 1494 ad
697 1453 867 1494 ductum
894 1455 1061 1506 Nostri,
1091 1456 1162 1509 qui
1194 1469 1333 1495 omnes
1360 1454 1437 1494 hos
1469 1454 1590 1493 festos
1616 1454 1703 1493 dies

243 1507 296 1546 ad
326 1510 470 1548 seriem
496 1511 690 1563 temporis
718 1512 935 1564 recensuit,
959 1511 1075 1551 initio
1102 1525 1126 1550 a
1143 1510 1355 1560 Paschate‚
1380 1516 1427 1550 ut
1448 1509 1550 1550 festo
1570 1510 1703 1549 omni-

242 1575 314 1603 um
344 1565 547 1613 maximo,
571 1565 695 1606 facto.

353 1620 456 1660 C.6.
481 1619 600 1675 [189,
621 1618 710 1675 14]
739 1616 808 1661 τοὶ.
863 1621 1039 1661 Membr.
1069 1635 1152 1661 non
1170 1620 1338 1660 habent.

63 1662 237 1717 Εᾶϊῖὃ
354 1675 455 1730 C.9.
475 1676 588 1730 [189,
617 1675 704 1731 16.]
735 1673 863 1717 λευκοὶ
880 1708 894 1728 ,
922 1676 1006 1718 καί.
1036 1677 1097 1716 Μ.
1121 1673 1249 1716 λευκὰ
1269 1670 1516 1730 διβητὴσια,
1534 1674 1622 1716 καί.

354 1730 402 1770 C.
428 1745 491 1771 10.
536 1732 623 1786 189,
652 1746 714 1787 17.
761 1745 817 1773 τε.
874 1731 1050 1772 Membr.
1076 1731 1138 1772 δὲ.

354 1786 403 1825 C.
426 1800 488 1826 11.
536 1787 626 1842 189,
656 1787 717 1827 18.
771 1783 1017 1841 κοιμήσεως.
1072 1787 1274 1843 *[Callisti
1293 1785 1553 1827 Patriarchae
1573 1786 1705 1826 CPta-

243 1840 287 1878 ni
327 1841 369 1880 in
413 1841 754 1882 obdormitionem
788 1857 860 1883 seu
903 1843 1189 1883 assumtionem
1222 1844 1267 1882 B.
1300 1842 1480 1895 Virginis
1505 1843 1705 1896 Deiparae

243 1897 373 1948 oratIo
393 1897 588 1938 hactenus
612 1899 764 1939 inedita
784 1899 827 1937 in
843 1898 933 1939 cod.
967 1899 1072 1938 CXI.
1092 1899 1283 1938 Lambec.
1304 1898 1355 1936 L.
1377 1898 1455 1936 ΠΙ.
1478 1895 1565 1951 6.]*

334 1953 488 1993 112.A.
515 1953 708 2010 13.[19o,
730 1953 816 2008 16.]
858 1953 934 1994 τοῦ
963 1948 1083 2006 ἅγιόυ
1106 1951 1353 1994 Βασιλείου.
1408 1953 1468 1991 Μ.
1505 1952 1623 1993 claris
1652 1952 1705 1992 li-

245 2007 342 2047 teris
375 2007 454 2047 τοῦ
479 2005 609 2060 βότου
625 2040 645 2060 ,
666 2009 735 2049 die
763 2011 850 2050 voti
860 2039 874 2058 ,
917 2023 1000 2063 quo
1030 2016 1172 2049 votum
1202 2007 1495 2063 peragebatur,
1535 2022 1606 2048 seu
1629 2022 1703 2049 vo-

246 2068 383 2102 torum
398 2092 410 2114 ,
459 2064 609 2105 scilicet
653 2079 727 2119 pro
769 2066 897 2106 salute
937 2065 1255 2118 Imperatorum,
1303 2064 1552 2118 nuncupatio
1573 2079 1586 2117 3
1630 2064 1703 2118 qui

245 2117 369 2157 festus
399 2118 484 2158 dies
525 2120 569 2159 in
602 2122 767 2161 tertium
808 2122 948 2161 Nonas
987 2121 1196 2159 Ianuarias
1231 2119 1461 2171 incidebat,
1507 2127 1548 2159 et
1596 2118 1702 2158 ludis

246 2173 493 2214 circensibus
515 2175 796 2216 decorabatur.
855 2177 1076 2230 Propterea
1101 2176 1146 2215 fit
1171 2188 1333 2230 quoque
1352 2175 1418 2213 hic
1446 2174 1526 2214 loci
1551 2174 1701 2213 mentio

245 2227 532 2282 hippodromi,
560 2232 625 2271 cui
654 2240 747 2271 cum
771 2232 870 2272 festo
896 2232 940 2271 S.
961 2231 1120 2282 Basilii,
1147 2231 1258 2285 quod
1285 2231 1329 2269 in
1355 2229 1553 2269 Calendas
1580 2230 1702 2268 Ianu-

247 2286 351 2324 arias
379 2285 605 2336 incidebat,
641 2301 852 2327 commune
871 2287 973 2327 nihil
1005 2293 1105 2326 erat.
1164 2286 1261 2326 Vid.
1277 2299 1399 2340 supra
1424 2300 1512 2339 cap.
1541 2284 1697 2324 XXIV.

247 2345 287 2377 et
320 2340 390 2378 Du
434 2341 568 2397 Gange
604 2341 734 2384 Gloss.
765 2351 952 2399 utroque.
1010 2343 1170 2382 Mireris
1200 2348 1354 2382 tantam
1392 2339 1701 2394 discrepantiam

247 2391 488 2436 lectionum.

358 2449 406 2488 B.
425 2453 597 2506 2.[19o,
619 2453 700 2510 ¹9.]
736 2450 919 2501 ἱππικοῖς
945 2451 1074 2493 πᾶσιν
1102 2450 1410 2506 ἶπποδρομιόις.
1465 2449 1703 2490 Absurdum

247 2508 288 2541 et
336 2503 552 2547 ridiculum
584 2511 712 2551 videri
743 2517 890 2563 queat,
929 2516 969 2549 et
1005 2516 1064 2548 est
1096 2509 1287 2558 omnino,
1329 2502 1476 2546 ἱππικὰ
1503 2500 1702 2558 ἱπποδρό-

246 2570 327 2607 μια
357 2558 492 2599 dicere
513 2592 523 2612 ,
555 2565 587 2603 si
610 2565 662 2604 ad
698 2568 914 2619 puritatem
942 2572 1127 2604 veterum
1162 2571 1201 2604 et
1227 2562 1404 2603 indolem
1431 2560 1591 2614 linguae
1610 2574 1702 2600 exe-

246 2612 366 2665 geris.
427 2615 505 2655 Sed
533 2619 587 2657 sic
622 2619 867 2674 loquebatur
894 2621 1144 2660 Constantini
1173 2618 1394 2665 saeculum,
1441 2611 1702 2668 ἶπποδρόμια

245 2667 453 2723 appellans
491 2675 627 2713 omnia
673 2677 925 2729 spectacula,
967 2688 1230 2730 quaecunque
1268 2671 1313 2712 ἑν
1344 2673 1402 2726 τῷ
1427 2667 1698 2726 ἱπποδρόμῳ,

246 2735 316 2765 ιω
340 2725 463 2779 circo,
488 2727 787 2786 exhiberentur,
817 2733 970 2773 etiamsi
991 2731 1190 2787 equestria
1210 2742 1292 2770 non
1310 2734 1464 2781 essent,
1491 2733 1540 2768 ut
1561 2740 1701 2768 curso·-
