1884 3132
211 174 286 213 AD
331 169 632 212 consrm.
656 168 854 211 Polum.
883 169 956 211 DE
983 168 1165 211 cmm.
1192 168 1293 210 Lm.
1306 171 1358 210 11.
1454 149 1568 225 889

119 274 247 324 τιζέιν
261 279 344 323 ‚fet
371 273 516 313 festum
541 273 789 328 Epiphanias
817 288 886 313 seu
913 275 1102 328 baptismi
1133 273 1281 313 Christi
1317 269 1367 313 τὰ
1398 271 1536 327 ’φαΐτα
1550 303 1562 320 ,

122 337 163 369 et
189 337 276 368 erat
297 330 521 368 inecclesia
538 328 683 382 aliquis
703 322 847 381 ἄρχων
873 329 957 368 τῶν
985 324 1164 382 φώτων,
1195 330 1399 382 inspector
1426 341 1564 367 recens

121 384 447 438 baptizatorum,
502 381 525 422 ὁ
563 378 707 436 ἅρχων
745 383 828 422 τῶν
865 382 1179 436 νεοφωτάῐτωνς
1216 384 1301 422 vid.
1331 384 1399 421 Du
1429 383 1566 436 Gange

119 453 164 478 v.
183 440 303 492 φῶτα
331 446 372 478 et
398 437 609 490 φωτίζειν.
665 438 858 478 Solebant
886 446 1021 478 autem
1048 440 1090 476 in
1110 446 1244 478 vetere
1271 437 1436 477 ecelesia
1462 452 1563 490 pue-

120 509 188 533 ros
218 508 299 533 non
327 495 461 532 statim
480 507 504 532 a
524 494 732 532 nativitate
749 494 951 546 baptizare
969 523 981 545 ‚
1011 493 1083 532 sed
1099 493 1379 547 exspectabant
1394 523 1405 541 ,
1436 493 1564 532 donec

120 547 415 602 aliquantulum
466 548 731 587 adolevissent
778 556 818 587 et
880 563 1093 587 numerum
1141 548 1367 602 aequalium
1415 549 1560 594 simul,

120 605 352 657 praesertim
382 617 528 655 magno
555 603 749 653 sabbato,
791 603 1046 656 baptizabant
1066 633 1079 653 ‚
1117 606 1187 657 qui
1215 611 1299 643 tota
1341 604 1562 656 septimana

118 658 295 711 paschali
325 660 368 696 in
408 657 509 697 albis
556 665 596 697 et
637 673 729 697 cum
767 660 890 697 cereis
918 658 1206 712 procedebant3
1236 658 1320 698 vid.
1350 658 1402 698 ad
1429 673 1473 712 p.
1490 658 1556 710 54.

118 714 174 752 A.
205 713 266 766 4.,
294 713 364 752 ubi
394 712 510 765 plura
539 712 614 752 hac
642 713 691 751 de
720 727 762 752 re
790 713 883 752 dixi.

227 768 276 807 C.
297 776 482 821 antepen.
505 766 621 821 [77⁰2
647 767 732 821 1o.]
780 762 1112 822 ὃρφανοτρόφου.
1166 767 1328 821 Ergone
1354 768 1559 823 orphano-

117 822 288 876 trophus
317 823 423 861 idem
453 822 527 861 suit
553 837 646 861 cum
673 823 730 877 τῷ
758 815 930 874 ἄρχοντι
953 823 1035 861 τῶν
1063 819 1243 875 φώτωνῖ)

228 879 277 918 C.
297 877 372 916 ult.
404 877 532 932 [77⁰³
572 876 658 931 12.]
700 880 862 929 χρυσῆς
886 876 1103 930 τραπέζης,
1157 879 1298 918 Mensa
1334 877 1464 932 lignea
1493 879 1558 918 vel

119 931 282 973 alterius
307 934 461 986 generis
488 938 573 970 erat
591 961 604 980 ,
635 946 757 971 aurea
784 932 931 971 lamina
956 933 1191 972 incrustata.
1249 933 1363 974 ldem
1391 934 1442 973 de
1469 948 1559 974 ωε-

118 988 215 1027 teris
254 1001 414 1041 quoque
454 986 602 1025 talibus
639 987 874 1028 tenendum.
929 987 1078 1040 Ecquis
1105 989 1214 1026 enim
1241 996 1366 1027 totam
1393 1003 1558 1028 auream

118 1047 319 1089 mensam,
357 1049 488 1081 totum
527 1055 694 1081 aureum
739 1056 933 1095 organum
981 1041 1177 1081 soliumve
1204 1051 1403 1094 tractare,
1442 1044 1557 1083 baiu-

117 1097 204 1142 lare
257 1097 381 1136 ossit?
1557 1103 1561 1107 ”

202 1111 300 1203 426.
321 1152 368 1191 Β.
386 1150 427 1190 5.
447 1150 565 1206 [77¹,
592 1150 674 1202 ι4]
709 1147 904 1202 ἀριθμὸν.
944 1150 1043 1192 Post
1069 1151 1175 1191 hanc
1203 1165 1343 1191 vocem
1361 1160 1447 1192 erat
1465 1168 1557 1208 spa-

117 1205 260 1246 tiolum
286 1220 460 1246 vacuum
490 1208 531 1244 in
562 1206 818 1244 membranis.

226 1261 276 1300 B.
298 1275 359 1304 ιι.
378 1261 491 1315 [77¹⁷
518 1261 602 1312 18.]
645 1256 750 1309 μετὰ
787 1260 871 1298 τῶν
909 1259 1248 1312 ἒκΒουλγαριάς
1267 1257 1426 1312 δώρων.
1482 1263 1556 1302 Vi-

118 1315 265 1356 dentur
290 1315 390 1355 mihi
417 1319 470 1366 (et
496 1316 539 1353 ni
568 1315 759 1353 memoria
783 1314 908 1365 fallit,
938 1315 1015 1368 legi
1042 1315 1202 1365 alicubi)
1231 1319 1445 1369 quotannis
1464 1332 1556 1356 mu-

117 1369 195 1410 tari
239 1369 345 1410 soliti
387 1370 506 1408 fuisse
541 1370 808 1422 Bulgarorum
855 1371 895 1408 in
937 1371 1037 1408 urbe
1070 1371 1179 1422 regia
1205 1371 1422 1411 residentes
1449 1373 1554 1412 circa

117 1432 275 1478 tempus
310 1424 529 1466 Paschatis.
587 1423 799 1462 Habebant
837 1426 944 1463 enim
982 1424 1146 1477 Bulgari
1189 1433 1378 1478 perpetuo
1403 1425 1553 1480 legatos

118 1479 250 1531 CPli,
286 1486 328 1518 et
363 1479 539 1519 vicissim
574 1478 729 1518 CPtani
776 1479 902 1531 lmpp.
942 1478 1144 1517 habebant
1180 1487 1373 1533 perpetuo
1401 1480 1553 1534 legatos

117 1534 226 1587 apud
238 1533 448 1587 Bfflgaros,
465 1548 565 1586 quos
584 1535 703 1572 etiam
719 1535 933 1586 quotannis
951 1533 1004 1572 ad
1023 1547 1187 1572 coenam
1201 1535 1414 1574 vocabant.
1444 1537 1478 1575 N
1484 1538 1561 1575 ovi'

117 1603 212 1643 ergo
227 1591 334 1627 circa
349 1587 503 1627 Pascha
527 1588 742 1627 identidem
757 1590 958 1627 venientes
972 1602 1138 1627 munera
1157 1591 1318 1628 nomine
1335 1591 1436 1642 regis
1454 1590 1551 1633 Bul-

115 1647 201 1697 gari
218 1643 481 1697 apportabant
501 1672 513 1692 ,
546 1656 648 1696 quae
677 1642 742 1681 hic
771 1643 960 1681 dicuntur
986 1643 1083 1681 feria
1112 1650 1219 1682 sexta
1246 1644 1441 1697 paschalis
1477 1646 1549 1685 he-

114 1697 325 1738 bdomadis
343 1727 354 1747 ‚
372 1700 548 1752 primum
573 1698 624 1736 ad
655 1697 939 1750 Imperatorem
966 1698 1126 1737 admissi
1143 1728 1154 1745 ,
1183 1698 1387 1738 obtulisse.

200 1752 293 1807 447.
330 1754 385 1791 D.
431 1767 489 1792 10.
526 1752 654 1806 [774,
690 1752 747 1805 7.]
784 1748 991 1804 μεσούσης
1021 1752 1094 1804 τῆς
1124 1749 1267 1805 ἑορτῆς
1292 1754 1367 1792 τοῦ
1393 1751 1552 1805 πάσχα.

115 1805 277 1861 Ergone
304 1806 459 1846 Pascha
486 1814 526 1846 et
567 1809 710 1845 festum
754 1807 959 1845 Paschatis
985 1807 1262 1859 appellabatur
1287 1809 1417 1847 tofum
1449 1816 1550 1848 tem-

116 1876 195 1915 pus
219 1862 507 1915 quinquaginta
534 1860 688 1900 dierum
704 1892 716 1911 ‚
748 1863 818 1914 qui
845 1862 1084 1900 dominicam
1113 1863 1318 1902 Paschatis
1346 1871 1386 1902 et
1405 1865 1549 1903 Pente-

116 1924 244 1956 costes
291 1916 621 1956 intercedebant?
675 1917 908 1954 Dixerintne
961 1917 1101 1955 Graeci
1148 1919 1245 1957 novi
1296 1922 1438 1968 μεσεῑν
1472 1934 1548 1971 pro

114 1969 327 2023 μεσάζειν,
358 1985 440 2009 non
467 1971 569 2009 bene
597 1972 774 2009 memini.
808 1971 941 2009 Erunt
965 1979 1073 2010 certe
1098 1974 1165 2025 qui
1192 1968 1453 2024 μεσαζούσης
1480 1974 1548 2013 hic

115 2039 312 2079 reponere
326 2026 483 2065 malint.
516 2025 677 2064 Nullum
697 2025 821 2063 alium
838 2025 963 2076 diem,
980 2041 1099 2079 quam
1117 2028 1291 2065 medium
1311 2028 1415 2065 inter
1428 2027 1547 2067 ambo

116 2080 219 2120 festa
254 2095 324 2119 seu
353 2082 587 2134 vigesimum
619 2083 803 2133 quintum
827 2094 851 2118 a
871 2080 970 2119 festo
998 2081 1204 2120 Paschatis
1232 2082 1322 2120 inde
1349 2081 1548 2136 designari

116 2134 243 2188 liquet
269 2150 313 2174 ex
334 2150 398 2186 eo,
416 2135 523 2188 quod
542 2136 669 2174 medio
681 2136 791 2186 fisco
807 2135 1011 2175 Paschatis
1030 2135 1094 2174 hic
1110 2135 1186 2175 loci
1204 2136 1352 2175 dicitur
1369 2137 1547 2190 Impera-

115 2197 181 2228 tor
201 2190 412 2244 procedere
428 2191 486 2228 ad
501 2190 546 2228 S.
575 2191 761 2229 Mocztcm.
791 2190 915 2242 Atqui
935 2205 976 2243 p.
1001 2191 1070 2244 59.
1093 2205 1162 2229 seu
1178 2192 1227 2231 L.
1250 2191 1284 2234 l.
1311 2205 1398 2243 cap.
1424 2207 1483 2246 ¹7·
1504 2197 1547 2232 in

115 2246 201 2297 ipso
229 2244 344 2284 titulo
371 2245 518 2283 dicitur
536 2245 756 2298 Imperator
781 2244 876 2286 illuc
896 2245 1040 2283 vadere
1058 2244 1109 2299 τῇ
1134 2243 1300 2296 τετράδι
1325 2247 1397 2296 τῆς
1421 2261 1547 2295 μεσο-

116 2299 392 2350 πεντηκοστῆς
412 2329 424 2348 ,
453 2314 521 2338 seu
530 2301 647 2350 jeria
670 2309 810 2356 quarta
841 2301 1075 2353 septimanae
1100 2309 1261 2355 quartae
1279 2310 1370 2354 post
1378 2304 1543 2354 pascha.

200 2352 295 2404 448.
317 2353 371 2391 A.
389 2353 428 2392 8.
451 2353 561 2408 [774.
591 2355 669 2406 15.]
697 2355 778 2393 τῶν
803 2351 920 2396 κατὰ.
975 2355 1097 2392 Forte
1126 2369 1197 2407 pro
1224 2355 1306 2393 τῶν
1332 2354 1546 2408 legendum

115 2414 176 2448 est
202 2404 387 2454 πάντων,
418 2410 493 2447 nisi
521 2410 653 2460 potius
680 2423 841 2462 prorsus
868 2408 1079 2448 delendum
1109 2412 1173 2448 sit.

225 2462 275 2500 D.
293 2462 330 2500 3.
354 2461 464 2516 [ys-5,
492 2462 573 2516 ¹9·]
603 2460 648 2501 τὸ
695 2461 898 2512 στέψιμον
934 2462 1007 2502 τοῦ
1045 2461 1258 2503 δεσπότου.
1313 2463 1370 2502 At
1405 2467 1547 2504 cuius?

117 2514 263 2554 Leonis
291 2517 471 2568 profecto
498 2517 716 2570 Sapientis,
749 2517 824 2555 sub
852 2532 933 2570 quo
962 2516 1273 2571 Cletorologium
1300 2517 1378 2557 boc
1406 2521 1545 2559 condi-

114 2577 202 2610 tum
231 2571 374 2620 fuisse,
406 2571 539 2609 multis
578 2579 618 2610 et
658 2572 888 2611 indubitatis
924 2574 1166 2624 argumentis
1196 2580 1363 2612 constat.
1418 2575 1546 2628 Atqui

117 2632 330 2664 coronatus
358 2626 425 2664 ille
452 2640 475 2663 a
503 2634 616 2677 patre
643 2626 786 2665 Basilio
815 2627 890 2665 suit
917 2627 982 2665 die
998 2627 1096 2665 sesto
1121 2627 1367 2679 Epiphanias
1383 2628 1435 2671 A.
1453 2629 1545 2683 870.

117 2679 224 2728 (Vid.
244 2680 310 2718 Du
341 2681 473 2732 Cange
502 2680 645 2719 Famil.
680 2681 841 2734 Byzant.
877 2696 915 2734 p.
944 2680 1045 2732 141.)
1102 2682 1266 2720 Etiamsi
1307 2683 1404 2722 velis
1446 2685 1546 2724 forte

117 2733 325 2784 coniicere,
358 2736 532 2775 Deonem
562 2736 626 2775 die
654 2743 740 2789 post
752 2738 1007 2777 Pentecosten
1035 2738 1212 2789 proximo
1231 2738 1440 2792 imperium
1461 2740 1547 2779 adi-
