1884 3132
161 132 235 199 An
283 156 581 199 cons-rm.
621 155 817 197 ponpa.
857 156 930 195 DE
968 154 1149 196 cmm.
1191 155 1288 193 Lm.
1314 155 1365 194 11.
1411 134 1518 210 763

89 274 175 300 ram
201 274 244 313 p.
284 273 373 313 ¹⁰9·
399 266 439 299 et
459 258 545 299 AB.
573 260 614 297 in
643 259 692 301 T.
723 257 756 297 I.
794 259 899 311 Imp.
929 258 1088 297 Orient.
1127 257 1178 296 L.
1210 256 1304 295 Vll.
1346 271 1389 310 p.
1419 270 1521 320 ''29'’

118 316 159 354 ui
188 315 308 354 etiam
338 314 391 353 ad
418 314 530 353 illum
559 313 690 352 locum
719 315 759 351 in
788 316 892 352 notis
922 313 985 363 (Τ.
1022 314 1073 352 ll.
1100 326 1140 365 p.
1173 310 1281 363 8¹0.)
1317 311 1526 351 historiam

94 371 104 379 ’
126 369 253 408 larum
278 377 523 422 repertarum
550 367 811 422 reliquiarum
839 369 1028 408 narravit.
1082 367 1222 406 Posset
1250 367 1410 421 quidem
1442 374 1527 406 tota

92 424 163 464 illa
202 438 266 464 τω
295 437 370 477 pro
405 430 631 462 commento
675 422 829 462 levibus
873 430 913 462 et
955 423 1234 476 superstitiosis
1276 429 1315 461 et
1356 421 1529 461 credulis

92 478 299 519 Graeculis
325 478 445 532 digno
472 478 637 529 haberi,
677 485 717 516 ct
759 492 830 531 ego
860 477 1020 531 quidem
1048 491 1257 531 persuasus
1285 491 1396 527 sum,
1445 491 1531 515 mc-

95 549 183 573 ram
209 534 371 573 subesse
397 534 658 587 imposturam
687 533 976 571 monachalem.
1054 533 1110 571 At
1148 534 1309 586 gravius
1336 540 1375 571 et
1403 533 1533 585 impe-

95 589 217 628 ditius
243 588 320 628 hoc
349 595 422 627 est.
495 589 654 627 Dicitur
692 587 812 627 huius
845 587 979 627 Basilii
1019 587 1188 634 πάππος
1228 602 1312 626 esse
1342 587 1527 626 Basilius.

21 688 25 691 ,
94 645 220 697 Atqui
247 657 388 683 vocem
415 640 582 688 πάππος
608 645 640 682 si
669 642 823 695 vulgari
853 657 970 681 seusu
1000 643 1169 696 accipias
1199 655 1273 696 pro
1310 649 1424 695 patre
1460 656 1536 695 pa-

95 699 194 749 tris,
222 698 299 737 fuit
326 697 459 737 Basilii
489 697 773 751 Bulgaroctoni
801 712 899 737 avus
928 712 1010 736 non
1031 697 1215 747 Basilum,
1245 698 1314 736 sed
1336 698 1534 736 Constan-

98 756 226 794 tinus.
290 751 444 803 Quodsi
481 766 579 792 vero
615 753 763 806 fingas,
803 752 942 792 latiore
978 767 1096 792 sensu
1133 753 1407 805 accipiendum
1450 766 1535 791 esse

98 806 338 847 vocabulum
367 804 532 854 πάππος
561 815 601 847 et
628 808 847 861 significare
874 809 939 847 hic
967 807 1042 846 loci
1073 807 1136 846 avi
1166 821 1312 858 avum,
1342 807 1422 846 fuit
1446 808 1536 861 qui-

99 863 192 902 dem
220 862 473 901 Constantini
501 863 566 902 avi
598 877 696 902 avus
725 863 891 902 Basilius
912 862 1093 910 Macedo,
1124 870 1164 902 et
1184 862 1371 902 nolumus
1391 877 1538 917 negare

100 917 343 958 vocabulum
371 931 419 956 eo
446 931 562 957 sensu
594 931 765 970 usquam
793 919 915 971 poni,
943 917 1126 971 quamvis
1153 918 1331 972 exempla
1352 918 1467 957 nobis
1484 918 1537 957 ad

99 986 267 1012 manum
294 985 375 1011 non
405 972 508 1011 sint:
553 980 729 1011 assumta
766 980 899 1012 tamen
935 980 974 1012 et
1002 973 1173 1012 admissa
1212 987 1259 1012 ea
1298 973 1536 1027 hypothesi,

102 1027 168 1068 vel
195 1027 251 1067 sic
279 1027 410 1066 obstat
440 1041 486 1067 ea
514 1027 751 1073 difficultas,
785 1028 894 1081 quod
921 1028 1054 1067 Basilii
1084 1027 1312 1067 Macedonis
1340 1028 1444 1068 filius
1471 1028 1537 1066 hic

100 1082 251 1122 dicitur
277 1082 453 1131 Bardas;
493 1081 544 1121 de
580 1097 661 1136 quo
698 1085 787 1137 quis
813 1082 933 1122 fando
963 1097 1139 1136 unquam
1180 1083 1408 1123 inaudivit?
1449 1083 1538 1136 Ego

101 1137 291 1191 quidem,
331 1143 379 1176 ut
407 1136 538 1176 dicam
563 1137 670 1191 quod
707 1138 855 1188 sentio,
905 1139 943 1176 in
985 1139 1115 1192 primo
1152 1137 1390 1191 exemplari,
1430 1138 1540 1177 unde

106 1200 147 1233 et
173 1192 239 1231 hic
278 1191 478 1245 catalogus
518 1199 558 1232 et
592 1193 679 1231 DC.
724 1201 844 1246 atque
884 1193 970 1231 AB.
1024 1194 1190 1232 derivati
1243 1194 1428 1242 suerunt,
1460 1208 1540 1232 rna-

102 1247 284 1288 culatum
322 1255 419 1300 puto
457 1247 565 1286 hunc
610 1247 744 1287 locum
788 1255 828 1287 et
866 1246 995 1288 lituris
1033 1247 1287 1288 obscuratum
1305 1256 1425 1302 atque
1443 1262 1540 1287 con-

106 1303 239 1342 fusum
268 1301 415 1347 fuisse,
445 1302 553 1341 unde
580 1310 793 1341 manarunt
821 1310 859 1341 et
887 1317 1039 1342 errores
1067 1311 1188 1356 atque
1215 1303 1383 1342 lacunae
1414 1305 1540 1342 nostri

101 1357 254 1396 codicis
282 1362 322 1394 et
349 1355 527 1396 confusio
555 1358 660 1409 apud
682 1359 767 1396 DC.
796 1365 914 1411 atque
931 1358 1015 1397 AB.
1046 1359 1208 1397 Bar-dae
1241 1372 1383 1397 nomen
1414 1360 1455 1397 in
1478 1359 1538 1396 fa-

106 1411 217 1450 milia
230 1408 362 1449 Basilii
386 1410 541 1449 nullum
567 1412 655 1461 suit,
673 1413 822 1450 Basilii
833 1420 970 1451 contra
983 1427 1127 1451 nomen
1143 1409 1543 1453 familiaePhocarum

108 1468 151 1505 in
180 1479 256 1504 usu
283 1479 365 1503 non
393 1466 482 1504 fuit.
539 1466 647 1518 Ergo
676 1467 862 1506 exciderit
890 1467 1040 1520 aliquid
1069 1467 1119 1506 de
1147 1468 1375 1520 Nicephoro
1405 1468 1543 1506 Phoca

109 1522 379 1573 Imperatore,
409 1522 478 1572 qui
506 1521 674 1559 Bai-dam
704 1522 830 1559 filium
860 1530 898 1561 et
928 1522 1097 1561 Bardam
1125 1529 1278 1574 patrem
1307 1530 1346 1562 et
1373 1523 1543 1561 Bardam

106 1590 157 1615 ex
182 1575 306 1614 fratre
333 1582 517 1628 nepotem
546 1575 710 1625 habuit,
754 1591 913 1616 necesse
941 1584 1012 1615 est.
1072 1577 1322 1616 Confirmant
1354 1577 1394 1616 id
1432 1584 1544 1616 cata-

107 1631 192 1683 logi
227 1629 375 1679 ambo,
418 1633 487 1683 qui
522 1644 655 1670 arcam
688 1631 903 1684 Nicephori
950 1639 1188 1670 memorant.
1257 1633 1380 1671 Forte
1420 1633 1545 1685 igitur

111 1685 256 1726 lacuna
283 1691 374 1737 post
389 1682 793 1738 Πορφυρογεννήτου
822 1689 877 1726 sic
896 1694 998 1725 esset
1024 1686 1267 1740 supplenda:
1298 1683 1417 1740 ἑτέρα
1441 1685 1544 1726 λαό-

110 1740 209 1790 ναξ,
240 1738 286 1778 ἐν
312 1732 340 1792 ᾗ
369 1735 582 1778 α’πόκειται
602 1737 844 1792 Νικηφόρος
874 1739 894 1779 ὁ
916 1740 1064 1787 Φωκεῖς
1090 1738 1164 1779 καί
1198 1739 1372 1793 Βάρὸας
1401 1739 1423 1779 ὄ
1452 1724 1546 1787 υἷος

110 1793 190 1834 τοῦ
217 1793 422 1844 βασιλέως
449 1793 526 1833 τοῦ
548 1789 679 1833 αὐτοῦ
692 1824 703 1844 ,
733 1803 803 1834 aut
821 1796 893 1835 καί
909 1794 1084 1846 Βάρδας
1102 1793 1124 1833 ὅ
1150 1792 1241 1842 υἱὸς
1260 1796 1442 1842 Λέοντος
1469 1795 1546 1835 τοῦ

118 1847 310 1900 ἀδελφοῦ
338 1845 483 1886 αὐτοῦ’.
538 1849 686 1888 Bardas
714 1865 855 1903 nempe
883 1851 1063 1900 phocas,
1106 1864 1273 1903 magnus
1310 1851 1547 1890 domesticus

110 1909 155 1942 et
181 1916 415 1954 magnarum
453 1917 587 1942 rerum
626 1903 701 1943 sub
743 1906 887 1945 Basilio
928 1905 1217 1958 Bulgaroctono
1255 1914 1420 1955 auctor,
1462 1914 1548 1945 erat

114 1956 330 2009 Nicephori
351 1957 510 1996 Phocae
528 1958 780 2011 Imperatoris
808 1975 852 1999 ex
872 1961 992 1998 tratre
1012 1961 1144 1998 Leone
1174 1975 1313 2012 nepos.
1376 1962 1546 1999 Verum-

114 2019 250 2051 tamen
277 2011 484 2063 probablle
510 2027 590 2052 non
621 2021 703 2063 est,
729 2022 797 2053 aut
827 2015 1012 2065 Bardam,
1041 2015 1167 2053 filium
1186 2015 1401 2068 Nicephori
1424 2016 1544 2069 Imp.‚

115 2065 160 2105 in
187 2065 362 2104 tumulos
391 2067 612 2119 imperiales
635 2067 791 2108 illatum
822 2070 965 2117 fuisse,
1006 2071 1076 2122 qui
1107 2069 1207 2108 obiit
1235 2078 1347 2122 patre
1385 2071 1548 2124 imperi-

118 2134 190 2159 um
218 2120 398 2159 nondum
426 2122 593 2174 adepto;
629 2131 699 2162 aut
727 2124 880 2163 Bai-dae
906 2123 1091 2174 Phocae‚
1123 2124 1265 2163 Leonis
1301 2125 1406 2172 filio,
1447 2139 1548 2164 eun—

112 2175 212 2214 dem
249 2174 443 2215 honorem
481 2176 662 2216 habitum
698 2178 840 2223 fuisse,
884 2179 952 2232 qui
994 2178 1185 2218 adversus
1216 2180 1403 2219 Basilium
1442 2181 1547 2233 Imp.

118 2230 331 2268 insurrexit
370 2245 559 2283 prospera
596 2233 755 2272 fortuna
797 2234 950 2283 elatus,
995 2240 1034 2272 et
1074 2234 1283 2286 imperium
1320 2234 1545 2280 affectavit,

114 2291 361 2337 quapropter
394 2298 418 2323 a
445 2286 587 2324 Basilio
625 2290 834 2327 commisso
862 2287 1013 2341 proelio
1042 2290 1171 2327 victus
1199 2297 1238 2327 et
1275 2303 1431 2338 caesus,
1479 2297 1550 2328 aut

121 2352 289 2384 venene,
319 2346 365 2378 ut
392 2339 457 2377 alii
486 2340 708 2391 perhibent,
739 2343 916 2382 sublatus
945 2343 1035 2381 suit.
1101 2345 1278 2382 Mentem
1314 2345 1434 2382 subiit
1471 2344 1549 2383 alia

115 2394 363 2433 coniectura.
419 2394 641 2434 Videbatur
667 2411 810 2449 nempe
840 2405 978 2436 auctor
1013 2396 1193 2436 dedisse:
1223 2397 1298 2436 καί
1322 2393 1495 2449 Βάρδας
1528 2396 1553 2436 ὅ

121 2447 294 2498 Καῖσαρ
332 2445 357 2485 o‘
398 2441 635 2500 ἀναιρεθείς
675 2448 755 2488 ὑπὸ
794 2452 1020 2490 Βασιλειόυ
1059 2450 1135 2490 τοῦ
1181 2448 1351 2490 πάππου
1390 2450 1548 2502 αὐτοῦ,

121 2509 164 2540 et
187 2501 347 2540 Bas-das
376 2501 523 2541 Caesar
549 2504 786 2555 [avunculus
813 2506 1017 2544 Michaelis
1039 2504 1214 2559 Ebriosi]
1245 2509 1393 2545 occisus
1418 2522 1445 2546 a
1466 2508 1552 2546 Ba-

120 2556 209 2593 silio
257 2570 334 2594 avo
384 2558 463 2596 eius
506 2558 666 2611 [nempe
706 2560 954 2599 Constantini
982 2560 1387 2614 Porphyrogennetij.
1438 2561 1553 2601 Adeo

125 2607 305 2660 placebat
336 2610 436 2650 mihi
471 2612 568 2651 haec
595 2615 819 2652 coniectura
845 2617 1088 2667 (praesertim
1115 2630 1237 2668 quum
1266 2615 1384 2655 huius
1401 2616 1553 2657 Bai-dne

128 2661 306 2702 Caesaris
324 2664 406 2704 filia
431 2667 474 2705 in
503 2667 565 2706 his
581 2668 746 2706 tumulis
765 2677 1006 2708 memoretur
1035 2670 1137 2708 infra
1157 2685 1197 2723 p.
1220 2670 1313 2723 374.
1336 2671 1382 2709 C.
1402 2671 1478 2722 6.)‚
1507 2680 1554 2710 ut

122 2728 214 2761 mm
238 2717 367 2759 saltim
401 2721 443 2761 in
469 2722 621 2762 Latinis
646 2724 918 2779 exproesissem
929 2755 942 2776 ,
980 2724 1054 2764 nisi
1082 2739 1146 2765 me
1174 2726 1420 2779 repressisset
1454 2726 1555 2766 alt-:r
