1884 3132
226 138 314 190 ‚An
351 137 648 183 comm.
694 139 891 182 ponpa.
934 142 1008 182 DE
1045 141 1227 185 cmm.
1260 143 1363 186 Lm.
1402 147 1437 187 1.
1482 127 1595 185 383

159 239 339 296 denique
366 243 510 284 Gothis
534 242 652 283 rediit
678 258 798 284 omne
825 245 869 284 in
896 243 1051 285 Italiam
1069 247 1132 286 ius
1156 276 1169 296 ‚
1196 247 1388 289 violentia
1411 257 1450 290 et
1475 265 1595 292 usur-

160 297 323 350 patione
350 299 519 338 Gothica
548 299 782 349 delibatum,
819 300 872 338 ad
911 300 1039 353 lmpp.
1077 302 1279 353 CPtanos,
1306 306 1375 357 qui
1403 307 1523 346 etiam
1550 309 1594 348 id

194 350 284 392 lena
309 367 403 392 cum
429 356 663 394 auctoritate
690 362 950 393 exercuerunt
977 356 1029 394 ad
1056 370 1103 395 ea
1133 371 1259 411 usque
1284 366 1477 413 tempora,
1503 365 1595 415 qui-

161 364 240 446 gns
265 406 575 448 dominationem
602 409 820 449 ambientes
848 410 1017 449 Romani
1044 413 1248 463 pontifices
1274 428 1449 467 excussa,
1473 432 1594 470 quam

165 459 354 515 legitimis
379 464 624 517 principibus
664 463 878 511 debebant,
909 465 1133 504 obedientia
1168 467 1255 507 aliis
1282 483 1495 522 coronam,
1525 474 1595 512 sed

159 515 300 570 iugum
322 520 454 571 potius
474 520 763 572 imposuerunt,
795 519 905 572 quod
931 526 992 559 tot
1017 521 1265 560 saeculorum
1295 524 1501 579 decursus,
1529 536 1590 567 tot

162 570 330 612 violenti
354 573 464 613 nisus
490 574 869 613 animosissimorum
897 574 1135 614 Germaniae
1161 591 1299 630 regum
1326 593 1511 634 rumpere
1524 585 1591 623 vix

160 624 392 667 valuerunt.
446 627 525 667 Sed
551 643 633 682 quo
658 627 855 669 delabor?
907 629 972 668 De
998 629 1183 671 laureatis
1207 635 1456 674 institueram
1483 637 1591 677 dice-

162 693 225 720 re.
278 680 376 720 mae
411 683 532 736 igitur
558 685 591 723 si
638 698 759 736 quam
787 685 829 722 in
860 684 1002 723 urbem
1028 685 1299 739 inferrentur,
1327 691 1360 728 si
1387 690 1488 730 nihil
1514 693 1589 732 ob-

158 742 307 786 staret,
333 749 359 775 a
383 737 542 790 populis
578 738 877 792 excipiebantur
903 739 1123 779 candidatis
1139 770 1152 791 ,
1181 756 1314 782 cereos
1343 747 1590 797 gestantibus

157 789 344 830 ardentes
359 821 371 839 ‚
400 791 507 831 clero
530 793 723 846 psallente
749 802 966 847 praeeunte
994 802 1035 834 et
1060 810 1151 834 cum
1181 797 1422 850 thuribulis3
1450 802 1588 842 oscula

157 844 408 886 iactabantur
445 849 683 902 imaginibus
722 850 846 888 cereis
900 863 970 888 seu
1017 853 1210 903 protomis
1247 855 1381 905 potius
1395 883 1407 904 ‚
1436 857 1477 894 in
1504 857 1585 896 alto

156 907 279 940 conto
311 901 517 954 praelatis,
548 918 640 942 cum
667 903 856 944 subiectis
882 907 1004 943 armis
1036 913 1075 944 et
1101 907 1221 960 signis
1246 909 1333 947 aliis
1356 910 1582 964 triumpha-

155 952 277 995 libus.
333 957 550 997 Gestabant
577 957 666 997 illos
694 967 834 999 contos
879 961 958 999 viri
985 960 1138 1000 munde
1166 965 1295 1002 vestiti
1323 979 1500 1019 auroque
1519 981 1586 1006 or-

157 1010 264 1059 nati,
290 1012 616 1062 praecedentibus
654 1013 762 1054 tubis
791 1022 833 1054 et
878 1014 1085 1054 militibus.
1141 1016 1288 1070 Populi
1327 1018 1464 1060 laudes
1492 1022 1585 1075 ipsis

158 1063 460 1117 acclamabant,
501 1068 722 1107 adorabant
773 1076 814 1108 et
841 1071 883 1108 in
914 1069 1181 1110 celeberrimis
1208 1072 1303 1112 locis
1326 1074 1581 1117 dedicabant.

155 1117 197 1157 Δ
240 1118 472 1160 Constantio
521 1123 644 1162 ferme
683 1138 810 1176 usque
848 1125 901 1163 ad
940 1125 1169 1165 Heraclium
1210 1130 1338 1167 tenuit
1378 1129 1445 1170 hic
1470 1146 1578 1182 mos,

155 1173 271 1212 euius
294 1176 472 1230 exemplo
498 1178 691 1230 quaedam
721 1179 788 1217 Du
830 1180 965 1232 Cange
992 1180 1020 1220 l.
1047 1197 1082 1221 c.
1103 1181 1251 1222 attulit.
1304 1185 1392 1237 Ego
1416 1185 1483 1226 hic
1508 1188 1583 1227 ali-

148 1241 235 1280 qua
258 1235 414 1270 tamum
442 1245 465 1270 e
489 1233 649 1272 Zosimo
672 1241 847 1287 repetam
874 1234 933 1273 illi
953 1239 1241 1287 praetermissa.
1269 1239 1315 1278 L.
1334 1240 1405 1279 lV.
1426 1256 1469 1294 p.
1486 1243 1581 1282 251.

153 1283 206 1322 de
231 1283 456 1325 Theodosio
491 1289 708 1327 Maximum
749 1289 992 1329 adsciscente
1027 1293 1083 1330 sic
1106 1301 1265 1346 narrat:
1298 1293 1526 1345 Θεοδόσιος
1556 1295 1582 1336 ὅ

150 1336 350 1387 βασιλεὺς
371 1337 538 1392 ἐδέχετό
565 1356 608 1381 τε
636 1338 836 1393 ΙΙΙάξιμον
861 1345 1039 1394 βασιλέα
1081 1347 1187 1385 εἰναι
1214 1349 1287 1388 καί
1311 1347 1476 1390 εἰκόνων
1502 1351 1575 1391 ου’-

150 1390 209 1444 τῷ
232 1398 440 1434 κοινωνεῖν
458 1424 472 1442 ,
502 1395 575 1434 καί
596 1397 802 1446 βασιλέως
828 1398 1104 1451 προσηγορίας
1142 1399 1255 1453 ἠξίου
1287 1427 1310 1434 -
1334 1426 1357 1433 -
1385 1406 1458 1444 καί
1483 1408 1579 1446 Κυ-

154 1445 281 1501 νηγίῳ
307 1446 365 1501 τῷ
401 1449 474 1500 τῆς
500 1449 632 1501 αιῖλῆς
670 1447 845 1506 ὖπάρχῳ
890 1454 1135 1509 πεμπομένῳ
1181 1453 1283 1496 κατὰ
1323 1454 1400 1509 τήν
1438 1458 1579 1511 Αἴγυ-

149 1511 252 1539 πτον
279 1523 301 1530 -
326 1524 348 1531 -
372 1498 660 1554 τῆνῙΡΙαξίμου
686 1504 825 1545 εἰκόνα
850 1505 984 1554 δεῖξαι
1011 1514 1095 1556 τοῖς
1118 1509 1456 1563 Ἀλεξανδρεῦσιν
1481 1514 1577 1555 ἐπέ-

149 1553 297 1606 ταξεν,
327 1554 550 1597 ἀναθεῖναί
570 1571 615 1597 τε
642 1558 843 1615 δημοσίᾳ,
870 1560 943 1600 καὶ
970 1556 1035 1601 ὅτι
1054 1564 1403 1613 συμβασιλεύσειν
1427 1564 1577 1620 ἔλαχεν

150 1606 270 1662 αὕτῷ
294 1615 592 1665 προσφωνῆσαι
618 1614 673 1667 τῷ
701 1612 831 1670 δήμῳ.
890 1617 1007 1656 Conf.
1034 1632 1075 1670 p.
1104 1617 1215 1671 278„
1240 1619 1311 1658 ubi
1331 1631 1577 1663 memoratur

149 1662 203 1701 ad
235 1664 503 1705 Theodosium
535 1665 648 1719 παρὰ
678 1668 879 1721 Εὕγενὼυ
924 1671 1140 1723 πρεσβεία,
1182 1675 1475 1729 πυνθανομένη
1498 1678 1576 1717 τοῦ

148 1716 353 1767 βασιλέως
383 1719 625 1771 Θεοδοσίου,
654 1719 829 1775 πότερον
856 1723 1015 1764 riflum
1042 1727 1099 1780 τῷ
1124 1726 1363 1777 βασιλεύειν
1390 1729 1519 1772 αὕτὸν
1544 1727 1574 1786 ἢ

146 1769 393 1812 ἀποτίθεται
434 1772 511 1827 τὴν
536 1774 781 1829 α’νάῤῥησιν.
835 1779 857 1802 *
872 1779 940 1834 [ln
966 1781 1168 1820 basilicam
1194 1782 1336 1822 Iuliam
1363 1785 1495 1825 Caroli
1512 1789 1574 1826 M.

144 1826 404 1868 simulacrum
426 1829 582 1869 illatum
610 1833 685 1870 suit
701 1862 713 1882 ‚
741 1847 851 1872 more
885 1837 1105 1883 maiorum,
1136 1851 1261 1890 eaque
1294 1838 1457 1889 basilica
1483 1841 1573 1880 lau-

145 1881 264 1921 roetis
274 1882 484 1923 Caesarum
503 1887 756 1939 imaginibus,
778 1903 883 1941 quae
906 1891 1108 1943 quondam
1130 1893 1391 1932 mittebantur
1418 1896 1460 1933 in
1476 1910 1573 1948 pro-

144 1934 314 1987 vincias,
345 1938 539 1979 destinata
569 1942 658 1980 fuit.
687 1942 898 1982 Alcmana.
920 1946 1067 1984 Pariet.
1098 1947 1283 1986 Lateran.
1312 1962 1355 2000 p.
1384 1963 1452 2003 27.
1489 1951 1570 1990 Lo—

146 2002 217 2028 cus
248 1991 504 2045 Theophanis
533 1997 729 2036 notandus
767 2013 809 2051 p.
846 1999 939 2050 246.
979 2001 1054 2039 sub
1083 2000 1244 2051 Phoca‚
1284 2004 1396 2042 cuius
1414 2007 1457 2043 in
1487 2019 1567 2044 nu-

146 2045 239 2095 ptiis
265 2047 454 2099 imagines
483 2049 683 2090 laureatae
712 2052 838 2091 Prisci
863 2062 902 2092 et
921 2055 1155 2094 Domentiae
1176 2070 1385 2108 suspensae
1411 2062 1566 2099 suntin

145 2101 317 2151 equestri
347 2105 631 2158 certamine.]*
694 2106 866 2147 Videtur
893 2110 945 2147 V.
972 2110 1025 2147 D.
1057 2109 1190 2148 locum
1216 2125 1262 2149 ex
1289 2114 1482 2153 memoria
1508 2116 1566 2153 ci-

145 2159 265 2192 tasse.
322 2155 368 2194 Id
396 2171 521 2196 unum
555 2159 685 2199 adhuc
717 2169 838 2208 noto,
886 2164 1080 2203 rationem
1119 2164 1326 2216 Salmasii‚
1354 2167 1407 2206 ob
1443 2183 1564 2221 quam

144 2215 264 2262 negat
292 2206 476 2262 λαυράτα
506 2227 527 2251 a
549 2214 663 2254 lauro
685 2216 855 2256 derivari
886 2232 1028 2270 posse,
1057 2220 1150 2272 quia
1176 2234 1317 2273 nempe
1352 2219 1562 2273 λαυρεάτα

141 2261 223 2301 dici
251 2263 448 2303 debuisset
467 2295 479 2313 ‚
508 2269 540 2306 si
568 2283 591 2307 a
619 2269 731 2308 lauro
757 2285 831 2309 vox
862 2274 1015 2311 veniret
1034 2303 1045 2321 ‚
1077 2288 1157 2312 non
1179 2270 1367 2327 λαυράτα
1384 2305 1396 2325 ,
1425 2283 1471 2315 ut
1498 2278 1561 2316 in-

143 2317 302 2356 terdum
330 2320 536 2368 scribitur,
566 2323 717 2363 nullam
761 2340 857 2364 esse.
915 2328 1020 2366 Nam
1054 2330 1227 2381 primum
1259 2330 1419 2382 quidem
1445 2331 1562 2372 claris

142 2369 286 2411 litteris
312 2382 513 2414 exaratum
547 2377 587 2415 in
625 2379 866 2420 membranis
909 2381 1042 2422 inveni
1069 2390 1110 2421 et
1143 2383 1296 2422 reddidi
1328 2382 1554 2437 λαυρεάτα,

141 2423 299 2466 Deinde
317 2431 527 2480 praetendi
556 2440 686 2484 posset
707 2435 994 2475 Graeculorum
1022 2438 1174 2476 inscitia
1203 2439 1333 2477 Latini
1367 2442 1560 2481 sermonis

141 2485 183 2517 et
207 2482 403 2534 imperitia
437 2486 478 2523 in
502 2487 713 2526 reddendis
743 2489 895 2529 Latinis
930 2491 1134 2531 vocabulis
1150 2521 1163 2542 ‚
1206 2507 1308 2545 quae
1341 2496 1486 2533 mirum
1516 2497 1557 2535 in

142 2534 305 2574 modum
332 2544 518 2592 torquent
547 2549 587 2580 et
619 2542 855 2583 deformant.
917 2545 995 2584 Sed
1023 2561 1152 2599 neque
1189 2562 1358 2600 pravum
1386 2557 1444 2588 est
1469 2551 1557 2589 lau·

142 2597 234 2626 rata
269 2598 310 2630 et
341 2596 470 2644 potuit
504 2609 528 2634 a
578 2597 691 2636 lam-o
727 2597 917 2649 formari,
956 2608 1002 2639 ut
1037 2600 1205 2640 alterum
1244 2616 1268 2641 a
1295 2604 1431 2643 law-ea
1461 2604 1551 2644 fuit.

142 2639 324 2696 Denique
360 2649 535 2701 exemplo
581 2666 662 2690 non
706 2660 827 2692 caret.
882 2650 1116 2706 Λουδάριοι
1144 2656 1283 2695 dicunt
1317 2671 1355 2697 e.
1392 2673 1430 2697 c.
1462 2662 1558 2699 novi

139 2694 282 2738 Graeci
318 2714 343 2740 a
367 2702 461 2742 ludo
483 2734 495 2757 ,
524 2720 627 2759 quos
652 2707 782 2747 Latini
807 2708 1008 2749 ludianbs.
1041 2711 1093 2749 V.
1120 2711 1186 2750 Du
1215 2712 1348 2765 Gange
1378 2712 1446 2752 Gl.
1477 2715 1549 2753 Gr.
