1884 3132
306 95 419 150 616
625 113 699 154 10.
729 111 832 155 1Ac.
870 115 1064 155 amsxu
1096 113 1470 166 COMMENTARu

306 232 341 255 c.
361 216 403 255 8.
426 229 466 268 p.
486 214 554 268 93.
583 215 726 254 suidas
770 230 811 254 v.
845 212 1066 264 Διονύσιος
1094 215 1339 271 θεοφάντωρ
1361 234 1375 260 z
1414 218 1597 270 μάλιστα
1624 224 1747 279 Πρό-

305 274 400 316 κλος
428 266 679 322 θεωρήμασι
707 266 907 316 πολλάκις
951 272 1028 309 τοῦ
1055 269 1266 321 μακαρίου
1295 275 1520 314 Διονυσίου
1549 274 1746 333 κέχρηται

306 325 378 365 καί
405 324 553 372 αὐταῖς
591 324 636 363 δὲ
665 326 809 377 ξηραῖς
837 327 930 372 ταῖς
956 326 1104 374 λέξεσι.
1140 323 1437 381 ’Ξηροπυρῖται
1475 330 1596 372 iidem
1609 321 1746 387 'panes

308 388 426 433 atque
456 375 494 419 οἱ
527 373 773 433 αὕτόπυροι,
806 381 938 419 tritico
964 380 1074 427 solo,
1106 382 1256 435 absque
1291 382 1453 424 alterius
1490 386 1745 430 admixtione.

308 436 520 474 Caeterum
559 434 691 474 adhuc
734 436 955 474 notandum
997 433 1044 473 τὸ
1089 432 1309 489 ξηροκήπιν
1349 439 1405 478 sic
1433 440 1540 479 nude
1573 445 1748 496 positum

309 506 394 530 esse
421 504 495 543 pro
523 488 583 535 εἰς
608 487 653 529 τὸ
693 487 943 542 ξηροκήπιν,
989 490 1102 542 quod
1130 494 1171 530 in
1200 493 1352 532 Latinis
1381 498 1564 547 expressi.
1621 499 1697 538 Sae

311 547 509 586 omittitur
527 543 586 590 εἰς
604 544 668 586 vel
689 543 733 583 ἐν
753 552 790 583 et
811 545 958 584 similes
979 547 1309 598 praepositiones3
1333 549 1416 588 vid.
1438 550 1491 588 ad
1511 551 1604 592 508.
1628 554 1683 592 D.
1702 554 1746 594 6.

419 602 472 640 D.
497 598 535 651 4.
557 599 673 653 [553‚
695 598 752 651 4.]
781 597 887 652 πρὸς
914 598 1011 647 τούς
1039 599 1215 654 τάφους.
1242 602 1342 641 Nam
1369 605 1411 643 in
1438 605 1535 644 aede
1549 607 1620 647 SS.
1637 608 1749 662 Apo-

312 656 507 696 stolorum
542 654 686 708 sepulti
727 663 841 694 erant
881 656 1044 709 plurimi
1089 659 1352 710 Imperatores
1401 666 1441 698 et
1486 661 1527 698 in
1555 662 1618 702 his
1637 694 1648 711 ‚
1679 665 1751 717 qui

312 712 390 751 hoc
432 711 521 750 loco
560 719 859 760 memorantur,
903 713 1009 759 Leo,
1042 712 1233 763 Basilius,
1274 712 1558 756 Constantinus
1585 719 1675 768 M.,
1703 727 1751 759 ut

313 769 444 820 capite
473 765 542 817 42.
573 764 665 804 libri
697 765 859 805 secundi
888 774 1057 806 constat.
1746 768 1749 773 “

402 820 494 861 508.
515 819 567 861 A.
590 834 603 858 1
619 835 652 859 1.
675 819 776 874 [553
792 849 804 869 ‚
846 820 932 874 19.]
965 818 1267 862 λιτανεύουσιν.
1324 821 1403 861 Est
1428 838 1503 876 pro
1530 824 1749 868 λιτανεύει.

315 878 380 918 Sic
408 875 528 931 paulo
572 883 662 928 post
690 875 940 924 καθέζονται
966 891 1039 929 pro
1068 875 1302 924 καθέζεται.
1343 878 1405 916 De
1432 878 1508 919 hoc
1533 881 1752 922 desultorio

316 933 538 979 schemate,
569 929 678 984 quod
707 930 946 982 singularem
980 938 1019 970 et
1043 929 1239 986 pluralem
1258 934 1483 985 promiscue
1502 935 1649 989 habet,
1677 938 1751 977 ali-

316 988 362 1027 bi
394 987 472 1026 iam
502 987 542 1025 in
570 985 842 1038 superioribus
872 987 945 1039 egi.

429 1043 472 1081 B.
493 1042 533 1083 5.
558 1039 679 1095 [534‚
706 1038 765 1092 1.]
810 1034 1269 1093 ἇρχοντογεννημάτων.
1342 1043 1445 1082 Sunt
1488 1036 1756 1099 ἆρχοντογεν-

317 1094 506 1149 νήματα,
545 1110 645 1148 quos
673 1095 867 1147 posterior
894 1102 1000 1134 aetas
1045 1092 1402 1147 ἅρχοντοπούλους
1422 1101 1658 1150 nominavit,
1681 1102 1752 1142 filii

319 1159 552 1205 magnatum
571 1179 583 1200 ,
614 1150 812 1189 interdum
833 1164 994 1202 quoque
1028 1151 1229 1203 sanguinis
1268 1153 1366 1205 regii
1397 1154 1561 1194 iuvenes
1591 1157 1643 1195 ad
1677 1158 1753 1196 mi-

319 1207 483 1245 nisteria
496 1207 665 1253 minora,
695 1218 777 1243 non
797 1211 929 1243 tamen
952 1204 1158 1257 ignobilia,
1179 1207 1402 1260 peragenda
1425 1209 1634 1261 destinati3
1664 1213 1750 1251 vid.

320 1262 388 1300 Du
409 1262 541 1314 Gange
568 1260 612 1299 h.
633 1274 674 1299 v.
706 1267 746 1298 et
758 1258 810 1297 ad
828 1258 1010 1298 Alexiad.
1032 1274 1075 1312 p.
1096 1260 1192 1313 337.
1208 1260 1287 1300 fine
1307 1269 1346 1300 et
1363 1276 1404 1302 v.
1435 1265 1638 1318 Adelingi.
1688 1267 1753 1306 Sic

321 1318 428 1355 enim
456 1330 522 1354 eos
540 1345 550 1362 ‚
582 1316 676 1354 item
703 1315 903 1365 scutiferos
933 1321 974 1352 et
993 1315 1200 1353 servientes
1234 1331 1436 1356 armorum
1473 1319 1726 1372 appellabant
1740 1352 1753 1370 ‚

322 1372 419 1410 item
442 1370 785 1426 paedagogian05‚
817 1368 867 1407 de
895 1369 1039 1422 quibus
1067 1369 1252 1409 omnibus
1281 1372 1388 1411 conf.
1418 1374 1486 1412 Du
1519 1375 1653 1430 Gange
1689 1376 1756 1417 Gl.

323 1426 415 1465 Lat.
475 1426 537 1464 Ut
555 1424 621 1464 hic
640 1424 717 1463 loci
741 1423 1173 1477 archontogennemata
1199 1425 1314 1465 sellas
1338 1427 1574 1480 Imperatori
1601 1433 1643 1470 in
1660 1445 1758 1484 pro-

325 1481 501 1520 cessione
529 1480 783 1527 deferebant‚
814 1480 869 1518 sic
899 1481 1018 1518 etiam
1062 1483 1103 1517 in
1130 1479 1340 1521 Ceremon.
1367 1483 1549 1523 Romano
1556 1486 1756 1537 faldisto-

323 1538 426 1575 rium
452 1550 537 1574 cum
569 1538 645 1574 suis
678 1536 888 1574 αιιίηεηίίιζς
914 1543 1079 1589 portant
1099 1536 1305 1576 servientes
1333 1552 1534 1578 armorum
1547 1570 1557 1587 ‚
1605 1550 1648 1579 ut
1672 1556 1757 1580 mo-

325 1592 381 1629 ris
418 1599 484 1643 esc.
542 1590 736 1629 Veterum
777 1604 935 1643 quoque
962 1597 1226 1644 tyrannorum
1266 1591 1390 1645 aliqui
1421 1589 1650 1645 ἠνάγκαζον
1675 1596 1759 1635 τῶν

326 1644 506 1684 πολιτῶν
533 1642 631 1693 τούς
659 1645 736 1695 μὲν
764 1644 1048 1699 διφροφορεῖν,
1076 1641 1174 1691 τούς
1201 1643 1246 1683 δὲ
1265 1641 1516 1699 ῥαβδουχεῖν
1542 1657 1637 1698 etc„
1658 1657 1759 1689 teste

328 1699 536 1739 Athenaeo
565 1714 607 1752 p.
628 1701 722 1753 259.
744 1701 824 1751 E.‚
868 1715 947 1754 quo
987 1715 1029 1738 1n
1057 1699 1145 1739 loco
1173 1698 1445 1755 διφροφορεῖν
1482 1704 1583 1742 sitne
1620 1704 1757 1743 sellam

328 1762 503 1808 gestare,
547 1762 593 1794 ut
632 1756 891 1808 pedisequus,
928 1770 1049 1809 quam
1076 1755 1305 1808 procedenti
1339 1756 1502 1796 domino
1539 1765 1580 1797 et
1610 1758 1760 1798 alicubi

328 1810 465 1848 sedere
489 1812 663 1862 cupienti
692 1811 915 1849 substernat
946 1810 997 1849 ad
1020 1809 1282 1864 mandatum,
1316 1825 1367 1851 an
1395 1813 1447 1851 sit
1475 1812 1682 1853 dominum
1716 1815 1760 1854 in

331 1864 466 1904 lectica
495 1865 596 1904 ferre
611 1896 622 1915 ‚
651 1867 692 1904 in
711 1866 843 1904 medio
867 1865 1062 1919 relinquo.
1754 1876 1756 1878 ·

437 1919 483 1958 C.
505 1919 546 1971 4.
571 1919 682 1974 [554,
709 1919 794 1973 ιο.]
833 1918 1079 1959 ἀκολουθία.
1136 1923 1221 1961 Iam
1258 1924 1413 1976 saepius
1445 1921 1634 1974 vidimus,
1655 1923 1760 1964 hanc

333 1989 471 2014 vocem
502 1989 575 2027 pro
599 1982 684 2013 tota
709 1978 807 2014 serie
822 2005 832 2025 ‚
862 1975 1002 2013 ordine
1030 1975 1211 2030 liturgiae
1230 1990 1450 2017 occurrere.
1506 1978 1657 2017 Latinis
1673 1992 1758 2017 me-

331 2030 386 2073 dii
425 2031 511 2068 aevi
538 2037 597 2068 est
614 2032 808 2084 seq1oentia
845 2037 885 2068 et
911 2028 1097 2080 officium.
1155 2031 1268 2071 Ordo
1296 2033 1414 2071 Rom.
1443 2033 1484 2070 in
1512 2033 1654 2072 ritibus
1687 2029 1761 2086 pa-

331 2083 475 2123 schalis
498 2086 686 2123 convivii:
707 2094 879 2123 cantores
903 2099 958 2123 εχ
977 2096 1184 2140 praecepto
1220 2087 1373 2125 domini
1387 2088 1584 2142 pontificis
1605 2095 1765 2126 cantant

332 2141 582 2193 sequentiam,
614 2155 712 2193 quae
728 2141 778 2177 sit
798 2141 1026 2178 conveniens
1045 2143 1219 2193 paschae
1234 2143 1440 2180 modulatis
1459 2143 1630 2194 organis.
1663 2141 1757 2180 Vid.

331 2193 401 2232 Du
426 2193 558 2247 Gange
577 2194 706 2233 Gloss.
731 2195 820 2232 Lat.
837 2194 879 2232 h.
911 2209 951 2232 v.
970 2221 982 2242 ,
1012 2196 1083 2247 qui
1107 2203 1240 2234 tamen
1260 2196 1373 2235 aliter
1395 2197 1564 2235 derivat.
1623 2196 1762 2248 Neque

334 2249 498 2287 vetustis
526 2249 689 2287 Graecis
717 2251 852 2300 ignota
880 2249 954 2287 fuit
988 2263 1064 2287 vox
1088 2249 1164 2288 hoc
1203 2265 1334 2291 sensu.
1389 2251 1581 2305 Alciphro
1607 2265 1648 2302 p.
1664 2248 1757 2300 408.

335 2302 411 2354 τῆς
437 2297 660 2348 ἑστιάσεως
689 2299 763 2355 τὴν
789 2299 1040 2342 ἀκολουθίαν
1068 2304 1192 2355 dixit,
1223 2314 1262 2345 et
1291 2306 1467 2344 ordinem
1490 2306 1654 2344 convivii
1682 2304 1762 2342 Pe-

337 2357 508 2395 tronius.
566 2358 689 2395 Medii
717 2372 875 2410 quoque
899 2359 1031 2397 Latini
1051 2362 1317 2414 conseqtoentia
1346 2374 1420 2413 pro
1445 2362 1545 2399 serie
1560 2358 1760 2397 dicebant.

341 2411 575 2450 Lambertus
594 2413 690 2451 Vita
701 2414 740 2456 S.
770 2413 971 2452 Heriherti
989 2428 1000 2452 ε
1007 2415 1128 2465 favet
1149 2415 1192 2454 in
1212 2416 1258 2455 id
1286 2417 1408 2469 ipsam
1435 2423 1516 2454 tota
1550 2414 1660 2452 curia
1683 2426 1762 2452 una

342 2468 622 2520 consequentia,

451 2521 498 2559 C.
515 2520 556 2559 6.
576 2520 687 2574 [534‚
712 2520 793 2575 12,]
827 2519 1039 2569 ἄνοι’ξεων.
1099 2522 1287 2576 Apertio,
1319 2513 1493 2571 ἄνοιξις,
1519 2519 1571 2558 τὰ
1598 2518 1765 2568 α’νοίξια

347 2582 440 2612 sunt
466 2575 565 2614 ritus
592 2576 848 2615 dedicationis
873 2576 1072 2615 ecelesiae.
1132 2577 1199 2615 Ad
1228 2576 1516 2614 dedicationem
1537 2580 1577 2612 et
1597 2574 1765 2627 inaugu-

342 2628 535 2666 rationem
566 2630 750 2669 ecclesiae
791 2630 1006 2683 requiritur
1043 2633 1215 2684 primum
1236 2627 1287 2668 τὰ
1316 2629 1498 2679 ἑγκαίνια
1515 2657 1526 2679 ,
1559 2641 1633 2678 ea,
1660 2643 1770 2682 quae¹

344 2680 387 2721 in
405 2695 508 2721 nova
541 2684 718 2726 nondum
747 2692 971 2726 consecrata
1012 2686 1174 2726 ecclesia
1211 2684 1293 2727 fieri
1323 2683 1491 2733 debent,
1547 2696 1683 2737 preces
1725 2690 1765 2722 et
