1884 3132
197 154 272 199 An
309 155 603 200 consum.
635 159 829 200 Pomm.
870 157 941 199 DE
979 157 1158 200 cmm.
1208 160 1305 200 Lm.
1344 160 1397 200 11.
1443 134 1550 213 783

122 259 231 314 apud
257 262 523 302 Muratorium
547 261 600 300 T.
631 262 661 303 Ι.
690 262 790 302 Ant.
820 261 910 302 Ital.
933 277 973 316 p,
996 261 1080 305 181.
1098 293 1108 309 ‚
1138 261 1207 302 ubi
1236 263 1291 302 sic
1318 263 1444 302 iacet:
1474 263 1542 302 de·

120 317 230 355 clam
256 331 326 370 ego
359 317 423 356 W
423 318 632 364 aimaniae,
656 318 840 372 princeps
874 326 910 356 et
936 318 1163 371 Imperialis
1194 319 1384 372 patricius
1398 348 1409 365 ,
1479 319 1546 357 uia

118 384 333 410 conces-§mn
350 381 406 410 est
421 373 520 410 ηιιῚιί
542 386 569 410 a
595 372 839 411 sanctiss-im&
865 381 902 410 et
922 374 1110 426 pitksimis
1124 372 1428 426 Imperator-ibus
1498 387 1541 411 o-

118 438 168 464 ne
178 425 457 465 &Alexandro
465 440 542 480 per
554 426 706 465 herbum
724 422 806 478 (διὰ
831 424 968 477 λόγου,
983 427 1051 465 vid
1070 426 1121 466 ad
1140 442 1181 480 p.
1198 426 1309 479 408.)
1330 429 1540 477 ecfer-mis-

118 481 254 519 simum
277 489 528 535 praeceptum
554 480 663 519 bulla
692 495 812 519 aurea
838 482 1049 533 sigillatum
1078 483 1268 533 integram
1294 491 1433 521 sortem
1461 482 1543 520 Be-

116 534 327 574 uehentum.-
345 535 547 590 probincie
561 557 612 564 —
627 543 668 574 ut
695 535 827 574 liceret
850 550 914 574 me
938 537 1083 575 exinde
1093 537 1238 588 fizcere
1264 538 1410 584 omnia,
1440 537 1548 592 quod

114 584 277 628 voluero
295 618 308 639 ‚
344 591 441 629 sicut
477 598 728 628 antecessores
753 591 832 628 mei
858 604 988 629 omnes
1014 593 1212 645 principes
1234 593 1423 642 fecerunt
1460 599 1541 631 etc.

115 641 180 682 De
205 645 382 696 potentia
406 658 545 683 eorum
570 644 686 683 latius
714 643 768 683 ibi
798 644 971 698 disputat
1000 647 1269 697 Muratorius‚
1312 646 1381 700 qui
1408 653 1542 686 tamen

115 710 184 736 eos
220 697 391 738 vasallos
425 699 711 751 Imperatorum
742 699 984 740 Graecorum
1013 700 1133 742 fuisse
1159 715 1239 741 non
1268 708 1409 755 negat,
1447 701 1542 754 quia

112 765 257 805 nempe
283 753 443 792 titulum
469 753 691 808 Anthypati
715 763 753 793 et
777 755 947 794 Patricii
973 763 1192 808 gesserunt.
1245 757 1307 795 De
1343 770 1438 796 casu
1463 756 1542 796 hoc

113 813 240 846 exstat
267 809 428 861 insignis
456 809 659 862 inscriptio
687 808 875 859 Tarenti,
904 824 927 848 a
955 811 1177 850 Muratorio
1205 811 1397 851 Thesaur.
1424 811 1476 854 T.
1503 811 1539 851 I.

113 874 156 913 p.
185 859 293 912 468.
313 863 441 911 edita,
471 877 589 917 quam
618 877 709 910 cum
741 863 930 904 hactenus
960 866 1168 918 disputatis
1194 867 1365 905 conferri
1393 865 1537 907 velim:

383 937 672 981 PQBMNQS
689 940 988 980 BACIAEVS
1013 940 1308 983 PssMAI-QN

275 1004 406 1044 KPA
411 1004 502 1044 TIS
505 1003 610 1044 TOS
632 1005 809 1045 ΜΕΤΑ
833 1006 1370 1048 AEAAMACMENOYS

113 1067 254 1108 TOTS
276 1068 739 1110 AHOSTATIKOTS
774 1071 892 1113 ΚΑΙ
921 1070 1061 1112 TOYS
1081 1072 1280 1114 AAOTS
1310 1073 1428 1114 THS

109 1133 479 1176 KAAABPIAS
505 1133 858 1176 OOPTBQAHS
885 1137 999 1178 ΕΠΙ
1033 1138 1510 1180 AYTOKPATOPOS

269 1199 725 1243 KONSTANTINOS
747 1202 852 1241 CIN
880 1200 995 1242 ΤΩΝ
1023 1203 1438 1246 ΟΛΡΡΑΚΕΝΩΝ

164 1263 519 1305 ΒΟΗΘΕΙΛΤΟ
546 1265 711 1306 NEON
738 1266 1043 1308 ΦΡΟῚῬΙΟΝ
1064 1270 1148 1312 ΕΝ
1178 1271 1263 1308 ΤΗ
1287 1270 1487 1311 ΠΟΛΕΙ

112 1329 314 1369 TAPAN
319 1328 393 1370 ΥΩ
422 1329 504 1370 ΕΚ
533 1329 857 1374 ΘΕῙΙΙΕΛΙΩΝ
898 1333 1257 1374 KEKEAETKE
1294 1335 1537 1376 OIKOAO-

1198 1400 1372 1441 MEIN.

216 1459 266 1502 A.
293 1459 333 1500 5.
374 1459 488 1514 [661,
518 1460 599 1516 ¹1.]
638 1462 952 1515 Λαγοβαρδάκς.
1009 1465 1181 1515 Quando
1209 1464 1343 1504 thema
1376 1467 1533 1520 Lango-

106 1512 269 1553 bardiae
309 1517 515 1555 nominant
544 1518 686 1555 Graeci
725 1547 738 1568 ‚
767 1518 992 1571 intelligunt
1022 1533 1109 1558 eam
1147 1522 1258 1572 regni
1287 1519 1413 1559 Italici
1465 1536 1536 1561 scu

79 1568 408 1622 *Langobardiae
442 1578 621 1623 partem,
661 1586 763 1624 quae
801 1573 852 1611 ad
890 1574 994 1625 ipsos
1026 1574 1156 1613 adhuc
1191 1583 1275 1612 tum
1306 1575 1532 1628 spectabat,

102 1621 200 1661 alias
227 1625 413 1663 minorem
441 1626 760 1678 Langobar-diam
788 1627 950 1667 dictam.
1004 1645 1021 1664 1»
1032 1629 1127 1667 Fuit
1142 1630 1302 1668 Graecis
1331 1631 1372 1668 in
1401 1644 1528 1680 more,

105 1675 273 1716 ducatus
300 1679 566 1719 Beneventani
604 1689 756 1733 partem
784 1696 830 1720 ac
859 1684 1066 1736 praecipue
1093 1683 1278 1737 Apuliam
1307 1685 1534 1737 Langobar·

103 1731 199 1770 diae
224 1734 388 1772 minoris
415 1734 610 1774 vocabulo
638 1736 824 1788 peculiari
853 1738 1071 1791 designare.
1084 1755 1100 1773 κ
1170 1738 1305 1778 Verba
1340 1747 1435 1779 sunt
1463 1740 1527 1779 Cl.

104 1786 316 1826 Muratorii
351 1788 402 1826 T.
435 1791 471 1829 I.
513 1790 607 1828 Ant.
640 1790 727 1829 Ital.
767 1805 808 1843 p.
848 1805 941 1845 72.,
971 1806 1088 1845 quem
1117 1793 1287 1831 conferri
1317 1794 1458 1845 velim,
1489 1801 1531 1834 et

103 1839 303 1893 Angelum
332 1842 382 1881 de
409 1843 520 1882 Nuce
549 1844 599 1882 ad
628 1845 813 1884 chronic.
840 1848 993 1886 cassin.
1024 1848 1057 1885 l.
1091 1847 1159 1901 49.
1175 1878 1187 1896 ‚
1214 1848 1283 1886 ubi
1320 1849 1424 1888 inter
1451 1848 1529 1888 alia

100 1892 200 1934 haec
229 1895 363 1935 habet.
413 1898 489 1937 »ln
522 1898 696 1938 Historia
726 1901 976 1940 Miscellanea
1005 1902 1037 1939 Ι.
1067 1902 1132 1940 23.
1162 1903 1330 1942 Ioannes
1357 1903 1531 1943 Sacella-

101 1949 187 1988 rius
220 1957 262 1988 ct
287 1951 507 2004 Logotheta
536 1955 677 1993 missus
706 1953 848 2006 legitur
884 1957 923 1993 in
951 1955 1268 2009 Longobardiam
1287 1986 1299 2006 ‚
1328 1971 1408 1996 una
1435 1972 1528 1998 cum

101 2002 287 2056 Adelgiso
312 2005 456 2045 dudum
482 2009 643 2046 maioris
660 2009 956 2061 Longobardiae
973 2025 1074 2063 rege.
1133 2011 1331 2050 Nimirum
1349 2019 1394 2050 ut
1414 2012 1528 2052 intel·

98 2056 292 2109 ligamus,
314 2059 536 2113 'duplicem
563 2062 680 2102 fuisse
708 2064 1049 2116 Longobardiam,
1091 2064 1279 2114 alteram,
1323 2080 1424 2120 quae
1451 2067 1528 2107 suit

99 2111 455 2164 Lougobardorum
483 2130 664 2169 regnum,
695 2125 732 2156 et
758 2119 903 2157 idcirco
934 2121 1084 2168 maior,
1115 2119 1290 2172 alteram,
1313 2136 1416 2174 quae
1433 2121 1526 2160 duci

95 2167 231 2218 paruit
258 2169 572 2210 Beneventano.«
634 2172 867 2211 Adscribam
915 2188 1071 2226 quoque
1109 2175 1231 2214 verba
1279 2175 1431 2215 Carusii
1475 2176 1525 2214 ad

98 2220 296 2274 Excerpta
323 2236 367 2260 ex
395 2223 535 2263 Annae
562 2225 786 2265 Comnenae
816 2227 1003 2266 Alexiade
1036 2227 1091 2267 T.
1123 2229 1173 2267 ΙΙ.
1199 2229 1387 2269 Biblioth.
1410 2230 1525 2269 Sicu-

98 2273 160 2313 lae
186 2290 229 2328 p.
265 2277 377 2315 1156.
417 2278 518 2316 Sunt
545 2287 678 2318 autem
711 2281 819 2319 haec.
878 2283 1207 2335 ”Longohardiae
1244 2298 1389 2323 nomen
1428 2284 1525 2324 olim

98 2335 182 2368 tam
218 2330 296 2369 late
327 2334 481 2383 patuit,
527 2341 572 2371 ut
600 2336 782 2375 universa
812 2335 924 2374 ltalia
953 2337 1029 2375 hoc
1058 2337 1250 2377 vocabulo
1282 2338 1520 2392 iutelligere-

97 2389 180 2422 tur.
237 2384 384 2423 Charta
416 2386 546 2424 Caroli
582 2389 643 2426 M.
679 2404 751 2441 pro
786 2390 978 2429 divisione
1005 2393 1190 2444 imperii:
1245 2394 1368 2432 Italia
1396 2408 1518 2443 vero,

96 2451 195 2490 quae
225 2447 262 2476 et
286 2439 562 2492 Longobardia
591 2442 736 2481 dzhitur
762 2451 837 2482 etc.
894 2445 1155 2484 Postmodum
1185 2448 1344 2487 Graecis
1371 2461 1417 2486 ea
1450 2463 1522 2501 po-

94 2492 291 2531 tissimum
330 2508 447 2546 pars,
490 2509 591 2547 quae
626 2497 666 2534 in
703 2498 883 2536 Calabria
920 2507 959 2538 et
995 2500 1143 2553 Apulia
1175 2515 1312 2540 eorum
1354 2503 1521 2554 imperio

94 2548 239 2595 paruit.
296 2547 360 2586 Sic
389 2550 430 2587 in
461 2549 644 2588 Themat.
665 2551 867 2591 Constant.
884 2553 1083 2607 Porphyr.
1115 2556 1163 2594 L.
1197 2556 1249 2594 ΙΙ.
1276 2571 1314 2595 c.
1347 2571 1410 2597 11.
1433 2558 1517 2596 De,

96 2611 207 2638 mum
245 2600 415 2641 Aemilia
451 2611 490 2642 ct
527 2605 687 2657 Liguria
725 2605 802 2644 hoc
837 2609 996 2647 nomine
1023 2609 1244 2661 appellatur
1269 2610 1320 2648 ab
1349 2609 1516 2652 Alberto

97 2650 272 2692 Mussato
300 2656 348 2694 L.
376 2657 452 2696 VI.
482 2657 532 2696 de
557 2659 685 2698 Gestis
712 2660 873 2700 Hem-ici
893 2662 985 2701 V11.
1015 2677 1051 2701 c.
1086 2663 1171 2714 14«
1227 2665 1419 2704 Videatur
1439 2667 1516 2705 ita·⁴

96 2719 175 2757 que
208 2715 374 2763 utraque
410 2712 647 2752 Lombardia
680 2727 702 2752 a
732 2715 963 2755 Lombardis
1003 2731 1144 2757 nomen
1174 2719 1375 2773 accepisse.
1430 2722 1514 2760 Ve-
