1884 3132
283 141 397 215 254
563 160 637 204 xo.
680 160 787 205 1Ac.
827 162 1025 205 amsxn
1063 162 1446 209 commum-1

281 264 376 304 dam
421 276 529 315 esse,
572 271 620 303 ut
659 265 739 303 sint
779 265 849 318 qui
901 267 943 305 in
986 280 1170 321 purpura
1214 268 1328 319 nati,
1372 283 1553 324 purpura
1589 272 1740 326 excepti

285 328 325 360 ct
354 320 506 358 fasciati
538 319 667 359 fuere.
727 321 1003 374 Luitprandus
1033 322 1188 363 Histor.
1218 338 1261 377 p.
1298 322 1396 376 426.
1442 339 1527 365 non
1552 325 1604 365 de
1630 335 1742 367 veste

283 389 484 429 purpurea
499 404 510 426 ,
551 375 622 414 sed
654 374 703 414 de
734 376 921 415 cubiculo
951 378 1142 433 Purpura
1169 378 1278 418 dicto
1293 410 1304 428 ‚
1352 380 1393 418 in
1421 395 1504 434 quo
1533 380 1741 435 Augustae

282 431 496 484 puerperio
539 445 685 470 vacare
734 433 1043 483 consueverint,
1072 433 1295 487 appellatos
1328 443 1462 489 putat.
1522 436 1641 476 Conf.
1672 438 1744 478 Du

285 488 422 539 Gange
460 485 559 525 CPli
601 486 754 526 Christ.
793 503 834 541 p.
873 503 963 527 120.
1007 495 1047 528 et
1089 490 1141 528 ad
1179 489 1294 530 Alex.
1335 505 1378 544 p.
1414 492 1508 531 320.
1540 499 1581 531 et
1606 491 1741 533 Gloss-

287 542 360 580 Gr.
386 542 428 580 h.
460 555 502 582 v.
562 541 739 582 Possunt
766 543 909 584 ambae
937 545 1202 599 etymologiae
1229 560 1350 586 verae
1383 546 1505 586 simul
1541 561 1627 587 esse
1645 576 1658 599 ,
1703 555 1744 589 et

285 612 381 637 casn
408 597 585 651 quodam
616 599 856 638 coincidere.
915 599 1098 639 Priorem
1127 608 1262 640 tamen
1303 608 1403 655 puto
1435 617 1459 642 a
1486 604 1742 657 nugacitate,

288 667 393 707 qnae
421 654 587 693 Graecis
618 654 741 693 medii
769 656 858 694 aevi
891 655 1163 707 adhaerebat,
1193 657 1352 710 longius
1371 657 1524 697 abesse.
1569 657 1628 697 At
1655 659 1746 712 quis

287 712 442 764 primus
481 709 555 748 fuit
583 710 983 765 Porplgyrogerzneeizs
1012 712 1173 751 dictus?
1227 714 1395 752 Veteres
1422 720 1517 752 ante
1544 713 1745 753 Constan-

284 767 358 804 tini
388 765 515 805 nostri
542 773 726 819 tempora
752 767 1020 820 Imperatores
1049 774 1088 807 et
1117 769 1412 822 Imperatorum
1435 767 1566 818 liberi,
1597 783 1745 823 quam-

285 823 348 861 vis
377 820 421 860 ἑν
454 821 505 875 τῇ
545 817 746 876 πορφύρᾳ
787 822 1038 874 τεχθέντες,
1083 822 1132 863 ἐν’
1169 823 1222 877 τῇ
1259 821 1480 875 ἁλουργίδι
1514 823 1744 878 τραφέντες

285 877 432 931 passim
464 891 487 915 a
528 879 791 931 panegyristis
824 877 1104 931 appellentur3
1143 878 1286 918 titulus
1330 885 1468 918 tamen
1504 879 1744 934 Por-phym-

283 941 466 986 gennetus
494 933 536 971 in
577 947 653 972 usu
689 947 772 972 non
812 933 1126 986 deprehenditur
1159 934 1282 974 fuisse
1310 941 1404 975 ante
1426 941 1608 988 tempora
1635 935 1744 975 Con-

286 988 451 1028 stantini
479 989 622 1041 nostri,
654 989 801 1028 Leonis
827 990 915 1041 filii,
943 991 1013 1042 qui
1048 991 1360 1039 Constantinus,
1408 991 1441 1030 si
1464 990 1586 1029 fidem
1614 1004 1746 1031 mere-

286 1052 354 1084 tur
399 1043 603 1093 Codinus,
649 1043 725 1084 hoc
766 1045 885 1084 titulo
914 1046 1068 1098 primus
1097 1046 1173 1084 suit
1203 1053 1384 1085 ornatus.
1445 1045 1589 1085 Codini
1617 1046 1745 1086 verba

286 1100 386 1139 haec
417 1106 542 1139 sunt:
580 1095 666 1152 Τὴν
695 1097 820 1151 ἁγίαν
846 1097 1052 1154 &somam
1100 1097 1176 1155 τὴν
1211 1095 1348 1141 οὖσαν
1373 1096 1531 1149 ἔξωθεν
1554 1100 1631 1154 τῆς
1663 1115 1748 1141 πα-

287 1155 413 1202 λαιᾶς
454 1149 609 1207 κόγχης
639 1154 724 1194 τῶν
763 1155 995 1206 βασιλικῶν
1022 1155 1323 1208 μνημοθεσιῖυν
1355 1155 1415 1202 εἰς
1457 1151 1559 1203 τούς
1599 1154 1746 1209 ἁγίους

289 1206 546 1256 ἀποστόλους
583 1204 801 1263 ἀνήγειρεν
828 1211 1146 1259 Κωνσταντῖνος
1172 1208 1196 1250 ὅ
1224 1209 1385 1263 πρῶτος
1405 1211 1748 1266 πορφυρογέννη-

287 1279 386 1318 τος,
427 1261 451 1304 ὁ
484 1262 579 1312 υἱὸς
616 1264 804 1313 Λέοντος
844 1266 921 1305 τοῦ
964 1266 1115 1319 σοφοῦ.
1171 1266 1300 1320 Atqui
1338 1266 1614 1320 Luitprandus
1642 1265 1672 1305 l.
1703 1280 1743 1308 c.

286 1322 482 1371 Leonem,
501 1323 587 1360 eius
606 1327 779 1375 patrem,
802 1321 883 1360 iam
910 1335 957 1360 eo
974 1324 1139 1362 nomine
1159 1324 1271 1373 citat,
1298 1328 1338 1362 et
1366 1322 1553 1375 Sigonius
1573 1323 1742 1372 (nescio,

288 1392 370 1431 quo
403 1377 595 1428 auctore,)
633 1390 677 1430 p.
694 1390 761 1431 90.
792 1377 868 1416 ult.
901 1377 952 1416 de
980 1391 1105 1430 regno
1145 1377 1285 1417 Italiae
1312 1377 1748 1432 Porphyrogennetum

287 1434 465 1487 appellat
491 1433 696 1483 Leonem,
726 1433 972 1486 Copronymi
1001 1433 1149 1484 filium,
1180 1433 1277 1472 alias
1305 1433 1532 1472 Chazarum
1560 1431 1745 1485 dictum,

286 1497 327 1528 et
355 1505 396 1542 p.
429 1501 499 1544 91.
528 1488 596 1539 54.
628 1488 955 1536 Constantinum,
993 1489 1106 1528 istius
1144 1490 1292 1528 Leonis
1333 1488 1505 1527 Chazari
1544 1500 1591 1527 ex
1631 1487 1749 1528 Irene

288 1545 431 1584 filium.
495 1544 574 1583 Sed
601 1543 707 1583 hanc
735 1545 1008 1598 quaestionem
1035 1545 1218 1584 ulteriori
1239 1545 1490 1598 inquisitioni
1517 1544 1740 1583 committo.

288 1601 431 1640 Posset
459 1600 646 1653 deinceps
669 1614 715 1639 ex
736 1599 814 1639 hoc
843 1607 882 1639 et
911 1599 1108 1640 similibus
1137 1599 1234 1639 locis
1263 1600 1385 1639 huius
1413 1598 1507 1638 libri
1525 1612 1744 1652 argumen-

288 1663 377 1695 tum
406 1657 525 1704 duci,
563 1657 774 1694 Constant.
807 1656 1012 1709 Porphyr.
1045 1656 1240 1695 seniorem
1270 1662 1478 1694 auctorem
1501 1653 1623 1693 huius
1650 1654 1746 1694 libri

287 1726 399 1763 esse,
444 1727 527 1752 non
565 1712 793 1763 iuniorem,
832 1711 1004 1751 Romani
1047 1711 1203 1762 filium,
1247 1711 1342 1764 quia
1369 1709 1747 1763 Porphyrogenneti

288 1777 590 1818 memorantur3
623 1767 700 1807 nisi
728 1768 963 1821 responderi
980 1775 1111 1821 posset
1125 1797 1137 1820 ,
1169 1767 1650 1821 porphyrogennetorum
1668 1779 1745 1804 no-

288 1838 381 1863 men
410 1825 462 1863 ad
489 1825 590 1864 filias
617 1837 780 1877 quoque
806 1823 964 1862 traduci
991 1837 1107 1876 posse
1127 1853 1139 1874 ,
1161 1837 1260 1877 quas
1277 1822 1454 1876 geminas
1472 1819 1616 1859 habuit
1629 1820 1742 1859 Con·

288 1880 487 1918 stantinus
513 1881 647 1920 iunior
669 1893 680 1930 3
710 1885 751 1918 et
782 1886 987 1932 praeterea
1007 1879 1182 1932 potuisse
1212 1879 1344 1931 ipsum
1374 1890 1420 1915 ex
1447 1875 1745 1928 antiquioribus

289 1934 402 1975 libris
431 1935 531 1975 haec
561 1942 772 1988 praecepta
801 1934 1083 1973 ceremonialia
1113 1934 1355 1974 verbotenus
1384 1931 1623 1970 exscribere.

400 1992 455 2030 D.
475 1991 553 2030 ult.
571 1990 690 2046 [196,
718 1988 800 2043 16.]
830 1987 1001 2037 ἐξίασιν.
1060 1991 1120 2029 Μ.
1148 1988 1320 2037 ἐξιᾶσιν.
1345 1986 1414 2025 Ad
1441 1993 1530 2025 acta
1557 1999 1628 2024 seu
1654 1983 1744 2025 lau-

291 2045 386 2096 deS,
431 2047 567 2101 quales
607 2047 683 2085 hoc
729 2052 850 2099 caput
876 2053 917 2084 et
945 2044 1023 2083 alia
1050 2045 1167 2098 plura
1194 2043 1322 2083 nostri
1352 2041 1628 2082 ceremonialis
1645 2047 1744 2080 ‘tam

290 2102 331 2140 in
362 2102 650 2156 superioribus,
680 2115 803 2155 quam
829 2103 871 2139 in
899 2101 1157 2153 sequentibus
1185 2112 1331 2152 magno
1358 2110 1529 2138 numero
1548 2103 1741 2150 praestat,

290 2158 524 2197 conferendi
562 2159 787 2210 Scriptores
824 2156 1016 2196 historiae
1051 2155 1260 2210 Augustae
1279 2185 1293 2206 ‚
1336 2154 1406 2208 qui
1435 2155 1558 2194 etiam
1587 2151 1740 2191 talibus

292 2213 476 2253 formulis
507 2219 674 2253 scatent.

384 2269 473 2309 1¹6.
490 2267 720 2323 A.2.[196‚
748 2266 831 2319 18.]
862 2265 934 2306 ἐπὶ
959 2261 1271 2319 στεφανώματι.
1317 2262 1494 2316 Quando
1518 2263 1743 2317 Imperator

292 2338 439 2363 corona
466 2324 637 2378 nuptiali
667 2323 893 2363 redimitur.
952 2315 1262 2376 *[Στεφάνωμα
1288 2328 1348 2359 est
1375 2333 1525 2360 corona
1551 2317 1742 2371 nuptialis

292 2380 458 2432 eiusque
486 2380 672 2419 formula.
731 2379 876 2418 smith.
916 2378 967 2416 de
993 2377 1158 2416 ecclesia
1189 2390 1331 2429 graeca
1357 2390 1402 2428 p.
1438 2373 1527 2414 128.
1587 2374 1636 2412 In
1663 2386 1742 2412 nu·

292 2434 386 2485 ptiis
425 2437 606 2474 Mauritii
645 2436 748 2488 Imp.
780 2434 928 2474 Palatii
965 2431 1174 2472 eunuchus
1213 2432 1413 2475 Martinus
1439 2428 1741 2482 paranymphus

293 2488 385 2526 suit.
444 2490 682 2543 Theophan.
715 2505 756 2543 p.
778 2488 874 2530 218.
933 2487 1142 2528 Heraclius
1172 2488 1391 2539 imperator
1418 2498 1511 2524 cum
1541 2497 1688 2537 sponsa
1715 2496 1741 2524 a

291 2543 432 2596 Sergio
461 2545 695 2584 Patriarcha
720 2559 887 2585 coronas
915 2542 1114 2597 nuptiales
1131 2543 1290 2595 accipit,
1311 2548 1350 2580 et
1368 2539 1507 2579 eodem
1527 2539 1592 2577 die
1612 2540 1740 2592 impe-

293 2605 405 2637 rator
422 2599 540 2638 simul
557 2609 594 2639 et
611 2615 780 2653 sponsus
795 2601 1070 2647 renunciatur,
1093 2605 1132 2637 et
1156 2611 1304 2637 corona
1322 2593 1494 2648 nuptiali
1506 2595 1736 2647 insignitur.

292 2653 479 2706 Theoph.
510 2669 550 2707 p.
572 2657 667 2695 250.
723 2656 906 2696 Eudoxia
929 2668 1076 2694 corona
1091 2651 1260 2706 nuptiali
1276 2657 1419 2690 ornata
1431 2650 1471 2688 in
1487 2649 1584 2688 aede
1594 2649 1637 2688 S.
1657 2650 1740 2688 Ste-

293 2708 432 2761 phani.
450 2709 596 2760 Georg.
616 2711 806 2750 Monach.
824 2711 963 2764 p.529.
977 2711 1060 2748 Leo
1087 2708 1248 2760 nuptias
1267 2705 1442 2745 celebrat
1454 2705 1498 2742 in
1515 2706 1739 2757 Magnaura

295 2771 337 2804 et
372 2777 434 2819 19.
469 2764 674 2804 accubitis.
733 2767 880 2819 Georg.
910 2767 1031 2805 Mon.
1053 2779 1096 2818 p.
1129 2761 1224 2817 547.
1283 2760 1444 2800 Corona
1479 2758 1673 2813 nuptialis
1698 2765 1739 2799 et
