1832 3126
812 41 845 81 ο

317 140 423 198 186
618 157 692 199 10.
732 157 838 200 1Ac.
876 158 1071 199 nmsxn
1112 156 1492 201 commmTAnn

305 271 394 302 erat
416 261 610 299 cucullata
635 262 750 299 vestis
780 262 863 299 sine
891 261 1076 311 manicis,
1103 262 1201 300 sicut
1223 260 1352 300 adhuc
1378 261 1555 302 videnms
1587 261 1632 302 in
1661 275 1748 302 mo-

304 318 517 356 nachorum
543 317 702 356 cucullis
715 345 728 366 ,
759 317 843 356 sive
868 325 1078 355 nautarum
1104 317 1258 356 tunicis.
1298 317 1406 372 quod
1430 317 1620 357 colobium
1645 331 1674 356 a
1697 317 1746 357 S.

304 373 496 411 Silvestro
537 373 580 411 in
605 372 860 411 dalmaticam
887 380 944 410 est
980 386 1134 410 versum
1147 401 1160 421 ,
1200 380 1239 412 et
1262 372 1410 412 additis
1436 373 1601 413 mamcis
1637 373 1748 412 infra

303 427 540 483 saw-fficium
562 429 722 482 portari
746 428 940 476 instituta,
987 441 1086 482 quae
1111 427 1201 467 ideo
1227 427 1286 467 ad
1309 427 1476 466 Missam
1502 442 1530 467 a
1554 428 1749 483 Ponafice

298 492 498 537 portatur.
557 483 661 522 Cum
699 481 765 521 his
802 481 936 522 verbis
974 482 1150 522 viderint
1187 481 1255 523 alii
1297 483 1500 536 quomodo
1535 482 1750 524 concilient

305 537 544 578 Anselmum
571 536 822 577 Decretalem
840 568 851 586 ‚
882 537 951 591 qui
978 536 1186 591 perhibet,
1213 553 1240 578 a
1267 537 1457 579 Silvestre
1490 547 1530 579 et
1547 538 1749 594 presbyte-

305 595 362 633 ris
389 595 469 634 eius
498 595 666 648 coepisse
695 594 932 633 colobiorum
960 607 1068 632 usum
1079 622 1092 642 ,
1162 603 1222 634 ost
1256 594 1326 634 hos
1361 603 1489 634 aedem
1528 594 1680 634 colobia
1705 595 1750 634 in

304 650 540 689 dalmaticas
547 651 680 701 suzkse
706 663 910 689 conversa.
967 608 1161 688 Mutantsij
1181 650 1285 689 ratio
1300 656 1386 690 erat
1401 679 1414 702 ‚
1443 649 1565 715 quia,
1593 655 1640 688 ut
1657 650 1750 688 scri·

305 705 368 744 bit
408 712 549 745 auctor
588 706 694 744 vitae
735 703 918 745 Silvestri
939 705 1045 754 PP.‚
1101 700 1147 743 τό
1192 705 1276 744 τῶν
1312 705 1549 757 βραχιονων
1593 700 1751 756 γυμνὸν

306 759 479 811 ὲψέγετο
489 791 503 812 ,
532 767 572 799 et
599 760 692 799 inde
719 759 894 812 factum,
922 767 969 799 ut
996 759 1232 800 dalmaticae
1259 759 1447 800 maniclia
1475 761 1607 813 potius
1627 773 1750 813 quam

306 814 464 855 colobia
489 815 802 869 appellarentur.
860 811 1109 867 Δαλματικὰ
1145 813 1365 866 μανίκλεια
1400 816 1560 866 μᾶλλον
1596 813 1751 867 συνέβη

305 869 595 923 ὀνομασθῆναι
629 863 733 924 ἥπερ
763 865 949 922 κολόβια.
1004 871 1109 910 Sane
1137 871 1301 910 evanuit
1326 884 1476 911 nomen
1501 869 1751 909 colobiorum

306 926 350 964 in
378 928 525 965 vestitu
554 926 806 966 sacerdotum
834 927 981 966 sensim
997 956 1009 979 ‚
1039 933 1080 966 et
1107 924 1321 966 dalmatica
1347 928 1480 981 coepit
1506 927 1550 966 in
1577 925 1662 966 eius
1688 923 1751 965 lo-

302 995 397 1022 cum
421 982 648 1021 succedere.

362 1035 432 1088 48.
449 1038 496 1076 Β.
521 1051 583 1076 12.
606 1037 697 1092 [80‚
725 1035 812 1091 11.]
852 1032 1080 1088 τριβλάτιν.
1134 1037 1274 1077 Panni
1298 1037 1466 1078 triblatti
1489 1045 1578 1077 sunt
1601 1036 1755 1092 triplici

306 1094 474 1131 cim-cura
503 1093 646 1132 blattae
673 1094 833 1144 ity‘bcci,
863 1093 919 1131 ait
947 1093 1101 1132 Murat.
1131 1091 1233 1133 Ant.
1266 1092 1358 1132 ltal.
1387 1093 1442 1132 T.
1473 1093 1529 1131 ΙΙ.
1559 1106 1602 1147 p.
1623 1091 1749 1146 4⁰9·⁹

307 1147 380 1185 ubi
406 1147 456 1187 de
483 1147 641 1188 blatteis
669 1148 847 1188 vestibus
876 1147 954 1188 late
983 1148 1160 1202 disputat
1175 1178 1188 1200 ‚
1232 1149 1277 1188 in
1306 1161 1353 1188 eo
1379 1155 1514 1188 tamen
1529 1176 1542 1198 ,
1589 1148 1623 1187 si
1650 1145 1751 1200 quid

308 1203 425 1243 video
441 1233 452 1255 ‚
482 1202 632 1255 falsus,
660 1203 768 1259 quod
796 1203 966 1242 blattam
993 1211 1032 1244 et
1056 1203 1322 1243 vermiculum
1348 1205 1611 1254 tinctorium,
1640 1202 1751 1242 unde

307 1272 450 1297 coccus
477 1259 646 1312 tingitur
662 1289 675 1311 ,
727 1259 866 1298 eadem
894 1259 1003 1298 facit.
1060 1258 1420 1301 Blatta,veteribus
1446 1258 1655 1298 dicebatur
1682 1257 1751 1298 illa

306 1315 394 1366 ipsa
431 1327 612 1367 purpura
629 1344 640 1362 ,
689 1328 827 1354 murex
842 1343 854 1364 ‚
900 1313 1156 1367 conchylium
1172 1343 1184 1365 ‚
1231 1315 1340 1354 unde
1378 1328 1582 1368 purpurae
1619 1312 1747 1353 color.

307 1369 448 1409 Tertia
486 1370 662 1409 tinctura
697 1369 923 1409 habebatur
962 1383 1036 1423 pro
1078 1371 1256 1422 optima,
1299 1370 1532 1409 vividissimi
1571 1368 1750 1408 luminis.

307 1425 588 1464 Memorantur
614 1432 750 1464 tamen
766 1454 778 1475 ,
817 1424 887 1464 sed
918 1439 1011 1464 raro
1026 1454 1038 1476 ‚
1066 1423 1217 1478 plureS.
1276 1424 1398 1480 Apud
1426 1424 1751 1479 Longobardico-

307 1479 500 1518 Latinum
540 1479 655 1519 illum
693 1479 921 1534 chymicum
958 1481 1093 1519 octavi
1131 1478 1307 1531 saeculi,
1344 1494 1464 1534 quem
1503 1479 1749 1520 Mus-aterius

308 1535 449 1574 eodem
476 1533 682 1574 volumine
709 1550 752 1588 p.
782 1535 876 1590 567.
907 1535 1031 1575 edidit
1045 1565 1057 1586 ‚
1105 1536 1306 1574 tinctiones
1333 1544 1500 1591 quatuor·
1519 1535 1640 1591 pellis
1665 1534 1751 1574 ale·-

309 1591 418 1630 tinae
449 1605 519 1630 seu
546 1604 774 1644 purpureae
802 1590 1004 1630 habentur
1021 1621 1032 1638 ‚
1081 1597 1121 1629 et
1149 1591 1190 1630 in
1218 1590 1357 1630 charta
1384 1598 1518 1630 vetere
1544 1590 1654 1644 apud
1679 1590 1751 1629 Du

309 1645 444 1700 Gange
471 1660 513 1685 v.
546 1647 786 1685 Baldekimcs
802 1675 814 1697 ‚
857 1647 1120 1686 tetrablattum
1134 1675 1147 1698 ‚
1193 1646 1250 1684 ita
1284 1648 1391 1685 enim
1430 1654 1528 1700 puto
1555 1646 1638 1699 leg.
1667 1659 1751 1684 esse

307 1715 382 1753 pro
425 1701 648 1741 catablacto.
709 1701 880 1741 Factum
921 1702 1106 1754 deinceps
1134 1716 1156 1741 e
1183 1701 1383 1755 frequenti
1410 1715 1486 1741 usu
1509 1701 1652 1740 talium
1678 1714 1749 1740 ve-

307 1757 430 1795 stium
460 1756 743 1796 diblattearum
770 1764 811 1796 et
837 1756 1132 1796 triblattearum
1146 1787 1157 1805 ‚
1185 1763 1231 1795 ut
1257 1757 1452 1796 creditum
1479 1756 1614 1806 filerit,
1641 1754 1748 1795 blat-

306 1818 390 1850 tam
419 1812 526 1851 idem
553 1827 637 1852 esse
665 1819 786 1866 atque
815 1812 990 1852 colorem
1018 1826 1297 1866 quemcunque
1312 1841 1324 1862 ,
1353 1819 1393 1852 et
1419 1811 1569 1851 blattae
1600 1811 1750 1850 fuerint

306 1866 495 1920 appellati
523 1869 644 1920 panni
673 1867 731 1907 illi
759 1882 920 1922 quoque
934 1898 945 1918 ‚
975 1870 1046 1921 qui
1073 1867 1198 1907 blatta
1228 1881 1298 1906 seu
1324 1881 1503 1921 purpura
1522 1867 1637 1906 tincti
1663 1880 1748 1906 non

311 1929 457 1962 essent.
513 1923 625 1962 Petr.
654 1924 842 1962 Damian.
872 1924 953 1977 Ep.
978 1924 1052 1962 lV.
1075 1937 1116 1977 7.
1140 1922 1334 1977 pallium,
1366 1923 1450 1973 ait,
1476 1923 1584 1978 quod
1606 1922 1748 1961 tribla-

306 1978 400 2016 tkon
437 1979 689 2033 appellatur,
744 1980 861 2018 trium
896 1979 1041 2033 quippe
1075 1978 1248 2017 colorum
1282 1986 1352 2016 est.
1410 1978 1572 2018 Rectius
1613 1984 1747 2019 tamen

307 2031 363 2071 ibi
391 2033 551 2073 videtur
573 2035 684 2073 color
708 2047 783 2087 pro
807 2035 1058 2073 immersione
1084 2034 1127 2072 in
1146 2033 1341 2072 cortinam
1360 2033 1587 2072 tinctoriam
1605 2032 1746 2086 accipi.

417 2089 464 2127 B.
488 2103 551 2128 12.
572 2088 661 2143 [80‚
686 2103 699 2126 1
713 2088 771 2143 1.]
801 2087 1303 2141 χρυσοσωληνοκέντητον.
1329 2088 1518 2142 Ambigo,
1540 2087 1659 2142 quale
1676 2101 1748 2127 ve-

307 2144 480 2184 stimenti
508 2158 632 2198 genus
659 2143 736 2182 hoc
762 2145 838 2194 sit3
883 2143 1082 2183 fuerintne
1109 2150 1260 2195 vestes,
1304 2158 1407 2196 quae
1442 2151 1597 2184 assutos
1624 2142 1748 2182 habe-

308 2206 398 2239 rent
435 2206 474 2238 et
503 2199 770 2253 dependentes
805 2212 946 2238 aureos
982 2197 1146 2238 tubulos
1161 2228 1173 2250 ‚
1221 2213 1273 2237 an
1301 2195 1474 2252 quarum
1508 2212 1664 2254 pannus
1703 2199 1748 2238 in

310 2254 457 2294 multas
482 2269 600 2309 rugas
627 2253 817 2308 parallele
845 2253 1124 2302 decurrentes,
1158 2260 1198 2293 et
1225 2255 1371 2308 passim
1399 2254 1476 2294 filis
1507 2253 1636 2294 aureis
1663 2260 1749 2292 tra-

310 2312 428 2350 iectas
444 2340 453 2358 ‚
485 2325 535 2350 ne
563 2324 684 2364 rugae
714 2309 777 2349 vel
805 2308 931 2362 plicae
949 2309 1176 2348 diffluerent
1191 2338 1203 2361 ,
1232 2310 1472 2364 compositus
1501 2316 1615 2349 esset.
1672 2308 1748 2347 Ta-

310 2364 366 2405 les
397 2372 525 2405 vestes
551 2375 709 2419 rugatas·
735 2366 870 2403 Latini
901 2363 1178 2418 appellabant,
1224 2372 1264 2404 et
1292 2380 1450 2404 crosnas
1478 2373 1599 2418 atque
1625 2364 1748 2403 emei-

310 2435 381 2459 ηας
396 2450 408 2471 ‚
454 2435 626 2474 quarum
661 2434 808 2459 vocum
845 2421 1041 2459 rationem
1081 2419 1384 2474 etymologicam
1411 2421 1595 2473 deinceps
1622 2418 1744 2457 dabo.

310 2475 444 2516 Habet
470 2484 640 2529 utraque
666 2476 861 2515 sententia
888 2490 969 2529 quo
996 2489 1037 2514 se
1062 2475 1329 2516 commendet.
1387 2475 1545 2515 Aureos
1566 2473 1742 2523 tubulos,

310 2531 395 2571 sive
423 2532 500 2569 iam
528 2531 586 2570 illi
615 2531 740 2571 solido
768 2545 866 2570 auro
882 2562 892 2579 .,
922 2532 1004 2571 sive
1031 2529 1140 2569 filato
1171 2537 1210 2568 et
1238 2533 1342 2571 circa
1371 2530 1572 2584 cylindros
1600 2529 1748 2582 ligneas

309 2585 600 2626 circumvoluto
639 2586 731 2626 facti
770 2586 917 2625 fuerint
936 2617 948 2638 ‚
991 2600 1013 2625 e
1047 2585 1216 2624 fimbriis
1262 2587 1436 2626 vestium
1477 2584 1747 2639 dependentes

309 2648 489 2693 gestasse*
507 2650 682 2691 veteres,
713 2649 822 2696 patet
850 2656 895 2681 ex
918 2641 988 2680 illo
1018 2639 1286 2693 Anthologiae
1314 2656 1339 2694 p
1386 2640 1482 2692 425.
1539 2636 1679 2692 λήρων
1707 2634 1746 2677 οἱ

307 2692 689 2793 ᾗρυιιίὲοῧκάλὲἕιοι
704 2729 716 2749 ,
747 2705 786 2737 et
801 2696 1016 2739 clarissime
1043 2694 1162 2737 eloco
1181 2695 1298 2735 Pauli
1315 2695 1528 2740 Silentiarii
1546 2693 1743 2753 Ecphras«

347 2778 358 2789 .
428 2778 436 2788 .
465 2763 526 2791 vs.
559 2764 579 2792 ο
644 2766 670 2793 .:

467 2830 511 2861 fl*
525 2854 532 2864 ,Δ
