1884 3132
310 158 384 201 1111
427 155 766 200 APPENnicEM
807 155 908 194 Lm.
947 154 980 192 1.
1028 152 1101 192 DE
1139 146 1397 192 cmmon.
1472 127 1584 201 493

155 276 299 310 ruere,
321 261 404 301 fato
430 261 606 315 quodam
632 273 704 299 suo
731 265 771 298 et
801 258 954 296 insania
981 254 1270 294 monachorum
1295 250 1587 306 praetulerunt,

153 319 211 358 sic
246 319 365 357 etiam
402 324 582 357 veterum
620 327 767 354 nomen
801 311 1083 365 repudiarunt,
1114 324 1156 349 se
1184 310 1386 348 Romanos
1413 305 1589 359 appella-

156 379 252 412 runt
277 379 318 411 et
342 372 422 410 dici
464 370 702 419 voluerunt,
730 363 876 418 ‘Eum
902 373 1034 405 autem
1062 379 1136 418 pro
1162 365 1388 416 turpissimo
1416 361 1589 400 convitio

156 434 407 481 reputarunt.
459 421 606 477 Ἕλλην
634 423 711 462 illis
737 429 796 461 est
822 421 929 460 idem
958 428 1078 473 atque
1104 432 1283 473 paganus
1304 447 1316 469 ‚
1344 415 1555 456 idololatra
1574 445 1586 462 ‚

157 489 200 522 et
230 477 462 534 Ἑλληνικὸς
491 479 595 518 idem
623 485 744 531 atque
770 475 942 530 gentilis.

269 537 318 576 Β.
338 535 377 575 5.
409 535 477 591 [45
510 564 522 584 ,
550 532 629 586 11.]
658 527 979 582 πλατικώτερον.
1034 528 1269 575 Fusiuscule,
1304 526 1476 574 ubertim,
1498 538 1590 563 cum

151 605 242 631 11011
269 592 393 630 nimio
421 550 570 630 ortiinis
609 595 727 641 atque
754 585 970 639 elegantiae
1006 583 1152 623 studio.
1211 583 1315 621 Hinc
1345 587 1486 634 putant
1515 579 1590 618 ali·

160 647 230 700 qui
258 645 410 686 dictum
439 645 648 684 Platonem
668 671 680 693 ‚
707 641 816 695 quod
861 641 944 679 eius
971 640 1098 678 oratio
1130 637 1347 676 luxuriaret
1383 643 1423 674 et
1450 634 1590 673 falcem

159 708 386 755 pateretur,
414 699 523 754 quod
552 711 654 752 quae
682 696 869 736 brevibus
907 695 985 733 dici
1010 694 1254 748 potuissent,
1300 704 1371 744 per
1406 690 1590 741 ambages

158 757 383 796 enuntiaret
418 762 458 794 et
516 754 678 792 iteraret
720 753 888 804 saepius.
925 749 1020 788 Vid.
1069 749 1237 801 Diogen.
1263 747 1395 785 Laert.
1423 760 1464 798 p.
1502 743 1591 783 166.

158 818 201 850 et
225 825 268 864 p.
298 810 390 863 267.
426 824 488 848 12.
513 838 525 859 ,
551 807 622 846 ubi
649 807 766 845 Timo
787 804 1057 858 Sillographus
1088 804 1162 855 ipsi
1191 798 1267 853 τὴν
1294 793 1592 851 πλατυῤῥημο-

161 861 289 918 σῦνην
315 865 486 904 obiectat
511 869 550 901 et
578 863 707 915 ipsum
725 855 943 899 ἆνάλιστον
971 857 1157 912 appellat,
1188 854 1323 910 quales
1355 860 1447 894 sunt
1465 867 1591 907 aquae

159 922 354 960 πλατεῖαι
376 919 483 973 apud
513 917 759 956 Herodotum
789 923 827 954 et
860 915 1169 967 Hippocratem,
1202 923 1379 955 crassae,
1410 923 1511 963 quae
1528 922 1590 947 sa-

162 973 212 1014 lis
235 981 275 1014 et
302 975 456 1014 roboris
494 986 635 1027 parum
682 972 804 1024 idque
831 968 946 1008 valde
974 968 1143 1007 dilutum
1172 966 1322 1006 habent
1348 971 1388 1004 et
1414 964 1593 1018 linguam

160 1043 304 1083 parum
331 1029 522 1069 afficiunt.
581 1026 698 1066 conf.
728 1027 796 1064 Du
814 1025 948 1078 Cange
974 1038 1016 1062 v.
1033 1019 1212 1068 Πλάτος.

274 1084 322 1122 C.
347 1098 384 1124 2.
411 1083 526 1138 [457‚
565 1080 650 1136 19.]
678 1079 751 1120 τοῦ
779 1075 1051 1133 φιλοχρίστου
1091 1072 1301 1116 δεσπότου.
1354 1074 1488 1113 Etiam
1516 1072 1592 1111 hoc

162 1137 435 1192 praedicatum
465 1139 505 1176 in
537 1136 663 1176 titulis
677 1137 806 1188 lmpp.
834 1134 1089 1172 CPtanorum
1108 1131 1225 1171 valde
1249 1130 1451 1183 frequens,
1478 1142 1594 1181 prae-

160 1196 297 1234 sertim
349 1192 564 1240 Micha31e‚
616 1188 829 1243 Theophili
863 1195 902 1228 et
929 1188 1164 1227 Theodorae
1191 1186 1298 1233 filio,
1330 1184 1594 1238 posteriorum

151 1251 344 1288 omnium
361 1279 372 1295 ‚
402 1250 472 1301 qui
499 1246 661 1286 titulum
688 1245 796 1283 1111110
825 1243 874 1282 de
902 1257 1012 1281 more
1032 1250 1071 1281 et
1098 1243 1183 1280 iure
1210 1242 1267 1280 sic
1295 1246 1521 1293 gesserunt,
1549 1245 1596 1277 ut

164 1317 276 1357 reges
310 1303 504 1342 Franciae
554 1300 717 1340 titulum
766 1299 1085 1338 Christianissimi
1134 1304 1173 1335 et
1230 1309 1341 1347 reges
1382 1293 1596 1346 Hispaniae

166 1359 360 1398 Catholici
383 1359 498 1410 reglis.
560 1356 661 1394 Nam
699 1361 790 1392 ante
816 1353 928 1392 illum
954 1351 1190 1391 Michafflem
1227 1350 1388 1388 fuerunt
1418 1349 1595 1401 Impera-

165 1420 300 1452 torum
313 1411 452 1460 multi,
480 1413 550 1465 qui
579 1424 641 1457 eo,
672 1408 781 1461 quod
801 1409 989 1460 imagines
1015 1413 1243 1446 sanctorum
1271 1412 1310 1443 et
1337 1403 1486 1443 Christi
1511 1416 1595 1440 non

164 1474 453 1509 venerarentur
515 1473 556 1505 et
590 1472 779 1516 tanquam
815 1461 1062 1501 idololatriae
1110 1459 1312 1499 luculenta
1359 1463 1594 1510 argumenta

166 1522 385 1576 statuisque
422 1520 632 1559 numinum
660 1517 867 1572 gentilium
895 1516 1023 1555 hilum
1050 1529 1132 1554 non
1159 1514 1396 1562 sanctiores,
1423 1526 1506 1551 11011
1535 1511 1599 1549 di-

169 1590 327 1626 versaS,
355 1582 572 1615 summotas
600 1573 696 1612 orbe
737 1572 962 1610 Christiano
989 1569 1156 1621 vellent,
1183 1574 1416 1607 meruerunt
1442 1567 1518 1605 hoc
1545 1566 1597 1604 ti-

166 1632 255 1672 tulo
282 1631 334 1670 ab
362 1629 520 1669 insulsis
558 1627 762 1668 monachis
802 1627 981 1680 privari,
1021 1625 1167 1677 quibus
1205 1622 1331 1676 logica
1358 1635 1429 1661 sua
1456 1620 1600 1660 suade-

167 1687 264 1737 bat,
291 1686 491 1725 neminem
518 1698 632 1738 posse
660 1683 863 1721 Christum
892 1694 1051 1730 amare,
1081 1680 1150 1732 qui
1176 1680 1327 1731 pictum
1355 1676 1508 1730 lignum
1529 1682 1599 1714 aut

167 1741 348 1781 dolatum
385 1741 426 1778 in
466 1739 639 1778 crucifixi
679 1737 848 1790 figuram
874 1735 1019 1774 divinis
1046 1734 1265 1772 honoribus
1290 1745 1372 1770 non
1402 1731 1595 1778 haberet,

169 1804 239 1835 aut
265 1795 473 1835 concidere
500 1794 565 1834 vel
593 1792 826 1831 comburere
862 1790 1039 1828 auderet.
1075 1789 1295 1841 Postquam
1339 1793 1493 1834 autem,
1534 1799 1600 1823 re-

170 1858 318 1904 gnante
356 1850 527 1888 foemina
565 1849 860 1900 superstitiosa,
890 1845 995 1883 clero
1020 1858 1102 1882 non
1129 1844 1252 1896 magis
1280 1856 1375 1889 sano
1403 1841 1598 1890 obnoxia,

170 1907 328 1944 vicisset
351 1904 512 1943 tandem
537 1903 709 1942 deterior
735 1915 826 1955 pars
867 1901 1141 1952 sancitumque
1168 1900 1210 1936 in
1238 1896 1404 1935 concilio
1433 1896 1568 1934 fuisset
1585 1924 1598 1944 ,

172 1973 267 1998 eum
292 1973 366 2011 pro
394 1960 515 2011 impio
534 1958 762 1996 habendum
778 1987 790 2007 ‚
819 1955 916 1994 diris
941 1954 1126 1993 omnibus
1152 1951 1429 1992 devovendum
1456 1957 1496 1989 et
1524 1949 1599 1988 ho·

171 2013 338 2053 noribus
374 2013 558 2051 omnibus
585 2012 835 2065 spoliandum
863 2024 947 2048 esse
965 2039 977 2059 ,
1019 2010 1088 2061 qui
1116 2007 1273 2060 putidas
1300 2007 1488 2059 imagines
1517 2017 1599 2042 non

173 2082 328 2108 summo
355 2068 398 2106 in
426 2067 514 2106 loco
540 2074 580 2106 et
605 2067 729 2105 oculis
756 2068 837 2105 suis
876 2066 1004 2103 carius
1035 2063 1198 2102 haberet
1219 2077 1230 2101 ε
1264 2075 1390 2113 eoque
1416 2061 1564 2098 factum
1585 2087 1598 2108 ‚

173 2130 220 2162 ut
249 2121 312 2162 vel
349 2122 546 2160 fortissimi
583 2121 842 2174 Imperatores
881 2119 1121 2158 camarinam
1151 2117 1255 2155 hanc
1284 2129 1444 2154 movere
1472 2121 1511 2152 et
1539 2114 1599 2151 iu-

174 2184 310 2217 mento
337 2190 409 2215 suo
436 2175 510 2214 sibi
537 2175 686 2214 malum
731 2188 926 2214 arcessere
951 2188 1033 2212 non
1061 2172 1252 2211 auderent
1271 2185 1283 2209 ε
1314 2170 1459 2208 mansit
1487 2168 1601 2205 dein-

176 2246 268 2285 ceps
298 2229 546 2284 philochristi
590 2237 628 2268 et
664 2229 877 2268 orthodoxi
921 2228 1060 2266 titulus
1089 2225 1399 2279 Imperatoribus
1427 2222 1602 2261 illibatus

177 2294 218 2326 et
243 2285 429 2325 omnibus
456 2284 691 2322 communis.
743 2285 866 2322 Leoni
894 2290 1024 2321 autem
1055 2282 1217 2327 Isauro,
1248 2278 1507 2317 Constantino
1522 2275 1600 2313 Co-

174 2354 370 2395 pronymo
389 2369 400 2389 ,
430 2339 554 2377 Leoni
582 2336 760 2376 Armeno
780 2367 792 2387 ‚
822 2337 1006 2375 Michae'li
1034 2335 1158 2374 Balbo
1188 2341 1227 2372 et
1257 2336 1340 2371 eius
1366 2331 1446 2370 filio
1467 2330 1603 2368 Theo-

177 2395 288 2448 philo
330 2407 537 2446 nunquam
582 2392 717 2431 videas
771 2406 863 2430 eum
908 2391 1063 2438 tribui,
1110 2388 1293 2441 quamvis
1330 2383 1487 2424 saeculo
1526 2384 1599 2422 IV.

177 2452 259 2489 iam
283 2450 323 2487 in
353 2463 429 2487 usu
457 2454 557 2486 esset
578 2476 589 2496 ‚
619 2453 665 2484 ut
692 2452 844 2484 constat
882 2459 927 2483 ex
953 2442 1150 2496 Apologia
1178 2441 1387 2479 Athanasii
1415 2439 1465 2477 ad
1495 2438 1602 2476 Con-

178 2504 391 2543 stantium:
422 2499 444 2540 ὃ
489 2499 590 2548 λαός
616 2496 725 2538 πάνυ
747 2495 875 2545 πολὺς
904 2495 974 2536 καί
997 2497 1190 2550 τοσρῦτος
1217 2489 1268 2546 ἦν
1285 2524 1296 2541 ,
1329 2489 1424 2533 ὅσον
1450 2488 1502 2530 ἂν
1529 2485 1601 2530 εὕ-

182 2558 317 2605 ξαιντυ
344 2552 445 2596 κατὰ
490 2551 611 2594 πόλιν
640 2554 795 2608 [quavis
833 2555 875 2591 in
906 2550 1025 2604 urbe]
1055 2551 1160 2588 εἰναι
1189 2547 1450 2600 Χριστιανῶν
1480 2543 1601 2598 φιλό-

180 2623 342 2662 χριστοι
370 2611 565 2661 βασιλεῖς.
633 2610 681 2647 111
710 2607 888 2647 Concilio
935 2606 1011 2644 Vl.
1057 2603 1276 2656 appellatur
1319 2602 1601 2640 Constantinus

182 2665 408 2717 Pogonatus
445 2661 466 2704 ὃ
496 2661 788 2713 εὕσεβέστατος
824 2657 897 2699 καὶ
921 2657 1186 2713 φιλόχριστος
1223 2656 1351 2708 μέγας
1387 2651 1598 2706 βασιλεύς.

183 2719 337 2759 Verum
363 2733 444 2758 non
469 2717 563 2758 solis
589 2716 895 2772 Imperatoribus
922 2715 1129 2768 proprium
1174 2719 1257 2752 erat
1283 2711 1552 2764 praedicatum
1577 2706 1599 2747 ὅ
