<?xml version="1.0" encoding="UTF-8"?>
<!DOCTYPE html PUBLIC "-//W3C//DTD XHTML 1.0 Transitional//EN"
    "http://www.w3.org/TR/xhtml1/DTD/xhtml1-transitional.dtd">
<html xmlns="http://www.w3.org/1999/xhtml" xml:lang="en" lang="en">
 <head>
  <title>
</title>
<meta http-equiv="Content-Type" content="text/html;charset=utf-8" />
  <meta name='ocr-system' content='tesseract 3.04.00' />
  <meta name='ocr-capabilities' content='ocr_page ocr_carea ocr_par ocr_line ocrx_word'/>
</head>
<body>
  <div class='ocr_page' id='page_1' title='image "./corpusscriptorum08niebuoft_0508.png"; bbox 0 0 1884 3132; ppageno 0'>
   <div class='ocr_carea' id='block_1_1' title="bbox 272 124 1451 186">
    <p class='ocr_par' dir='ltr' id='par_1_1' title="bbox 272 124 1451 186">
     <span class='ocr_line' id='line_1_1' title="bbox 272 124 1451 186; baseline 0.006 -7"><span class='ocrx_word' id='word_1_1' title='bbox 272 124 383 180; x_wconf 84' lang='grc'><strong>500</strong></span> <span class='ocrx_word' id='word_1_2' title='bbox 551 143 627 184; x_wconf 89' lang='lat'>10</span> <span class='ocrx_word' id='word_1_3' title='bbox 670 141 1028 184; x_wconf 80' lang='lat' dir='ltr'>1Ac.REISK11</span> <span class='ocrx_word' id='word_1_4' title='bbox 1072 139 1451 186; x_wconf 73' lang='lat' dir='ltr'>COMMENTARn</span> 
     </span>
    </p>
   </div>
   <div class='ocr_carea' id='block_1_2' title="bbox 270 243 1734 1240">
    <p class='ocr_par' dir='ltr' id='par_1_2' title="bbox 270 243 1730 786">
     <span class='ocr_line' id='line_1_2' title="bbox 270 243 1725 315; baseline 0.001 -27"><span class='ocrx_word' id='word_1_5' title='bbox 270 263 343 315; x_wconf 72' lang='lat' dir='ltr'>pta</span> <span class='ocrx_word' id='word_1_6' title='bbox 374 263 442 288; x_wconf 82' lang='grc' dir='ltr'>και</span> <span class='ocrx_word' id='word_1_7' title='bbox 484 246 743 300; x_wconf 79' lang='grc' dir='ltr'><em>βασανισταί</em></span> <span class='ocrx_word' id='word_1_8' title='bbox 773 260 882 294; x_wconf 83' lang='grc' dir='ltr'><em>τινες</em></span> <span class='ocrx_word' id='word_1_9' title='bbox 922 245 994 286; x_wconf 78' lang='grc' dir='ltr'>ἐπι</span> <span class='ocrx_word' id='word_1_10' title='bbox 1031 243 1164 302; x_wconf 82' lang='grc' dir='ltr'><em>τούτω</em></span> <span class='ocrx_word' id='word_1_11' title='bbox 1206 244 1469 314; x_wconf 73' lang='grc' dir='ltr'><em>καθήμενοι,</em></span> <span class='ocrx_word' id='word_1_12' title='bbox 1510 244 1586 296; x_wconf 90' lang='grc' dir='ltr'>ους</span> <span class='ocrx_word' id='word_1_13' title='bbox 1623 262 1725 289; x_wconf 85' lang='grc' dir='ltr'><em>οταν</em></span> 
     </span>
     <span class='ocr_line' id='line_1_3' title="bbox 271 287 1724 368; baseline 0 -25"><span class='ocrx_word' id='word_1_14' title='bbox 271 302 456 368; x_wconf 45' lang='grc' dir='ltr'><em>ωνῆσθεζ</em></span> <span class='ocrx_word' id='word_1_15' title='bbox 482 304 677 356; x_wconf 60' lang='lat' dir='ltr'>napum»)</span> <span class='ocrx_word' id='word_1_16' title='bbox 682 306 760 341; x_wconf 78' lang='grc' dir='ltr'><em>εἴτε</em></span> <span class='ocrx_word' id='word_1_17' title='bbox 788 306 1071 355; x_wconf 82' lang='grc' dir='ltr'><strong><em>συμπαρεῖιαι</em></strong></span> <span class='ocrx_word' id='word_1_18' title='bbox 1092 287 1193 353; x_wconf 53' lang='lat' dir='ltr'>&amp;pilu</span> <span class='ocrx_word' id='word_1_19' title='bbox 1220 299 1295 342; x_wconf 80' lang='grc' dir='ltr'><em>καί</em></span> <span class='ocrx_word' id='word_1_20' title='bbox 1322 299 1641 354; x_wconf 75' lang='grc' dir='ltr'><em>συνδοκιμάζειν</em></span> <span class='ocrx_word' id='word_1_21' title='bbox 1669 301 1724 343; x_wconf 76' lang='grc' dir='ltr'>τοὶ</span> 
     </span>
     <span class='ocr_line' id='line_1_4' title="bbox 271 356 1726 411; baseline 0.001 -14"><span class='ocrx_word' id='word_1_22' title='bbox 271 356 613 411; x_wconf 77' lang='grc' dir='ltr'><strong>συναλλάγματα.</strong></span> <span class='ocrx_word' id='word_1_23' title='bbox 668 357 756 396; x_wconf 91' lang='lat' dir='ltr'>Vox</span> <span class='ocrx_word' id='word_1_24' title='bbox 785 357 926 396; x_wconf 85' lang='lat' dir='ltr'>ultima</span> <span class='ocrx_word' id='word_1_25' title='bbox 958 364 1071 396; x_wconf 75' lang='lat' dir='ltr'>notat</span> <span class='ocrx_word' id='word_1_26' title='bbox 1098 372 1264 408; x_wconf 85' lang='lat' dir='ltr'><strong>merces,</strong></span> <span class='ocrx_word' id='word_1_27' title='bbox 1295 358 1346 397; x_wconf 92' lang='lat' dir='ltr'>de</span> <span class='ocrx_word' id='word_1_28' title='bbox 1371 358 1519 411; x_wconf 91' lang='lat' dir='ltr'>quibus</span> <span class='ocrx_word' id='word_1_29' title='bbox 1565 366 1726 398; x_wconf 79' lang='lat' dir='ltr'>contra-</span> 
     </span>
     <span class='ocr_line' id='line_1_5' title="bbox 271 413 1728 477; baseline 0.001 -25"><span class='ocrx_word' id='word_1_30' title='bbox 271 414 384 453; x_wconf 81' lang='lat' dir='ltr'>bitur</span> <span class='ocrx_word' id='word_1_31' title='bbox 415 429 481 453; x_wconf 88' lang='lat' dir='ltr'>seu</span> <span class='ocrx_word' id='word_1_32' title='bbox 526 414 834 452; x_wconf 87' lang='lat' dir='ltr'>mercimonium</span> <span class='ocrx_word' id='word_1_33' title='bbox 854 415 1052 477; x_wconf 78' lang='lat' dir='ltr'>agitat-‚111</span> <span class='ocrx_word' id='word_1_34' title='bbox 1119 414 1251 452; x_wconf 88' lang='lat' dir='ltr'>Locus</span> <span class='ocrx_word' id='word_1_35' title='bbox 1289 413 1396 452; x_wconf 86' lang='lat' dir='ltr'>idem</span> <span class='ocrx_word' id='word_1_36' title='bbox 1445 427 1469 452; x_wconf 90' lang='lat' dir='ltr'>a</span> <span class='ocrx_word' id='word_1_37' title='bbox 1499 414 1728 454; x_wconf 75' lang='lat' dir='ltr'>coniectura</span> 
     </span>
     <span class='ocr_line' id='line_1_6' title="bbox 272 464 1726 532; baseline 0 -24"><span class='ocrx_word' id='word_1_38' title='bbox 272 470 430 508; x_wconf 86' lang='lat' dir='ltr'>Petavii</span> <span class='ocrx_word' id='word_1_39' title='bbox 473 484 527 508; x_wconf 77' lang='lat' dir='ltr'>av</span> <span class='ocrx_word' id='word_1_40' title='bbox 559 467 691 507; x_wconf 71' lang='grc' dir='ltr'><em>ὶίθων</em></span> <span class='ocrx_word' id='word_1_41' title='bbox 736 483 811 532; x_wconf 72' lang='lat' dir='ltr'>pro</span> <span class='ocrx_word' id='word_1_42' title='bbox 843 464 1056 507; x_wconf 70' lang='grc' dir='ltr'><em>ὑακίνθων</em></span> <span class='ocrx_word' id='word_1_43' title='bbox 1083 469 1635 508; x_wconf 77' lang='lat' dir='ltr'>substituentisvindicandus</span> <span class='ocrx_word' id='word_1_44' title='bbox 1652 476 1726 508; x_wconf 80' lang='lat' dir='ltr'>est.</span> 
     </span>
     <span class='ocr_line' id='line_1_7' title="bbox 272 524 1730 589; baseline 0 -25"><span class='ocrx_word' id='word_1_45' title='bbox 272 525 517 564; x_wconf 79' lang='lat' dir='ltr'>Tliemistius</span> <span class='ocrx_word' id='word_1_46' title='bbox 535 531 668 563; x_wconf 83' lang='lat' dir='ltr'>autem</span> <span class='ocrx_word' id='word_1_47' title='bbox 685 524 848 563; x_wconf 84' lang='lat' dir='ltr'>nomine</span> <span class='ocrx_word' id='word_1_48' title='bbox 877 525 996 562; x_wconf 89' lang='lat' dir='ltr'>unius</span> <span class='ocrx_word' id='word_1_49' title='bbox 1024 525 1262 578; x_wconf 85' lang='lat' dir='ltr'>praecipuae</span> <span class='ocrx_word' id='word_1_50' title='bbox 1286 525 1430 577; x_wconf 89' lang='lat' dir='ltr'>speciei</span> <span class='ocrx_word' id='word_1_51' title='bbox 1457 531 1588 563; x_wconf 90' lang='lat' dir='ltr'>totum</span> <span class='ocrx_word' id='word_1_52' title='bbox 1617 539 1730 589; x_wconf 80' lang='lat' dir='ltr'>gem-</span> 
     </span>
     <span class='ocr_line' id='line_1_8' title="bbox 272 578 1729 633; baseline 0 -14"><span class='ocrx_word' id='word_1_53' title='bbox 272 594 431 619; x_wconf 87' lang='lat' dir='ltr'>marum</span> <span class='ocrx_word' id='word_1_54' title='bbox 460 594 584 633; x_wconf 85' lang='lat' dir='ltr'>genus</span> <span class='ocrx_word' id='word_1_55' title='bbox 613 578 820 632; x_wconf 85' lang='lat' dir='ltr'>designare</span> <span class='ocrx_word' id='word_1_56' title='bbox 849 586 889 617; x_wconf 93' lang='lat' dir='ltr'>et</span> <span class='ocrx_word' id='word_1_57' title='bbox 929 579 1138 632; x_wconf 78' lang='lat' dir='ltr'>complecti</span> <span class='ocrx_word' id='word_1_58' title='bbox 1179 579 1322 618; x_wconf 89' lang='lat' dir='ltr'>voluit.</span> <span class='ocrx_word' id='word_1_59' title='bbox 1386 578 1578 619; x_wconf 91' lang='lat' dir='ltr'>Solebant</span> <span class='ocrx_word' id='word_1_60' title='bbox 1619 582 1729 619; x_wconf 90' lang='lat' dir='ltr'>enim</span> 
     </span>
     <span class='ocr_line' id='line_1_9' title="bbox 274 633 1729 689; baseline 0 -15"><span class='ocrx_word' id='word_1_61' title='bbox 274 643 429 675; x_wconf 86' lang='lat' dir='ltr'>veteres</span> <span class='ocrx_word' id='word_1_62' title='bbox 474 636 515 674; x_wconf 92' lang='lat' dir='ltr'>in</span> <span class='ocrx_word' id='word_1_63' title='bbox 543 636 728 689; x_wconf 82' lang='lat' dir='ltr'>pretiosis</span> <span class='ocrx_word' id='word_1_64' title='bbox 779 633 878 673; x_wconf 89' lang='lat' dir='ltr'>haec</span> <span class='ocrx_word' id='word_1_65' title='bbox 907 635 984 672; x_wconf 87' lang='lat' dir='ltr'>tria</span> <span class='ocrx_word' id='word_1_66' title='bbox 1025 635 1228 687; x_wconf 89' lang='lat' dir='ltr'>potissima</span> <span class='ocrx_word' id='word_1_67' title='bbox 1277 649 1464 684; x_wconf 89' lang='lat' dir='ltr'>censere,</span> <span class='ocrx_word' id='word_1_68' title='bbox 1509 634 1620 674; x_wconf 87' lang='lat' dir='ltr'>albas</span> <span class='ocrx_word' id='word_1_69' title='bbox 1659 650 1729 674; x_wconf 87' lang='lat' dir='ltr'>seu</span> 
     </span>
     <span class='ocr_line' id='line_1_10' title="bbox 275 689 1730 745; baseline 0.001 -15"><span class='ocrx_word' id='word_1_70' title='bbox 275 691 510 745; x_wconf 81' lang='lat' dir='ltr'>margaritas</span> <span class='ocrx_word' id='word_1_71' title='bbox 529 719 540 740; x_wconf 84' lang='lat'>,</span> <span class='ocrx_word' id='word_1_72' title='bbox 569 691 750 744; x_wconf 87' lang='lat' dir='ltr'>prasinas</span> <span class='ocrx_word' id='word_1_73' title='bbox 778 704 847 728; x_wconf 89' lang='lat' dir='ltr'>seu</span> <span class='ocrx_word' id='word_1_74' title='bbox 887 691 1141 743; x_wconf 80' lang='lat' dir='ltr'>smaragdos,</span> <span class='ocrx_word' id='word_1_75' title='bbox 1187 697 1228 729; x_wconf 88' lang='lat' dir='ltr'>et</span> <span class='ocrx_word' id='word_1_76' title='bbox 1263 689 1528 744; x_wconf 86' lang='lat' dir='ltr'>hyacinthos,</span> <span class='ocrx_word' id='word_1_77' title='bbox 1558 697 1606 730; x_wconf 84' lang='lat' dir='ltr'>ut</span> <span class='ocrx_word' id='word_1_78' title='bbox 1641 691 1730 731; x_wconf 79' lang='lat' dir='ltr'>Sal-</span> 
     </span>
     <span class='ocr_line' id='line_1_11' title="bbox 275 745 982 786; baseline -0.004 0"><span class='ocrx_word' id='word_1_79' title='bbox 275 761 374 786; x_wconf 87' lang='lat' dir='ltr'>mas.</span> <span class='ocrx_word' id='word_1_80' title='bbox 407 746 458 785; x_wconf 89' lang='lat' dir='ltr'>ad</span> <span class='ocrx_word' id='word_1_81' title='bbox 489 745 543 785; x_wconf 87' lang='lat' dir='ltr'>H.</span> <span class='ocrx_word' id='word_1_82' title='bbox 574 745 626 784; x_wconf 88' lang='lat' dir='ltr'>A.</span> <span class='ocrx_word' id='word_1_83' title='bbox 663 746 714 784; x_wconf 85' lang='lat' dir='ltr'><strong>T.</strong></span> <span class='ocrx_word' id='word_1_84' title='bbox 745 746 799 783; x_wconf 90' lang='lat'>11.</span> <span class='ocrx_word' id='word_1_85' title='bbox 831 745 982 783; x_wconf 83' lang='lat' dir='ltr'>docuit.</span> 
     </span>
    </p>

    <p class='ocr_par' dir='ltr' id='par_1_3' title="bbox 276 797 1734 1240">
     <span class='ocr_line' id='line_1_12' title="bbox 387 797 1732 864; baseline 0 -24"><span class='ocrx_word' id='word_1_86' title='bbox 387 801 433 840; x_wconf 92' lang='lat' dir='ltr'><strong>C.</strong></span> <span class='ocrx_word' id='word_1_87' title='bbox 455 800 495 842; x_wconf 89' lang='lat'>5.</span> <span class='ocrx_word' id='word_1_88' title='bbox 530 799 648 864; x_wconf 66' lang='grc'><strong>[461,</strong></span> <span class='ocrx_word' id='word_1_89' title='bbox 671 798 736 854; x_wconf 81' lang='grc'>8.]</span> <span class='ocrx_word' id='word_1_90' title='bbox 766 797 890 850; x_wconf 80' lang='grc' dir='ltr'><strong>ὁμοῦ.</strong></span> <span class='ocrx_word' id='word_1_91' title='bbox 957 800 1204 854; x_wconf 83' lang='lat' dir='ltr'>Ubicunque</span> <span class='ocrx_word' id='word_1_92' title='bbox 1239 801 1279 839; x_wconf 88' lang='lat' dir='ltr'>in</span> <span class='ocrx_word' id='word_1_93' title='bbox 1317 799 1468 840; x_wconf 88' lang='lat' dir='ltr'>talibus</span> <span class='ocrx_word' id='word_1_94' title='bbox 1496 802 1661 841; x_wconf 84' lang='lat' dir='ltr'>summis</span> <span class='ocrx_word' id='word_1_95' title='bbox 1687 797 1732 840; x_wconf 78' lang='grc' dir='ltr'>ὅ-</span> 
     </span>
     <span class='ocr_line' id='line_1_13' title="bbox 276 856 1730 910; baseline 0 -14"><span class='ocrx_word' id='word_1_96' title='bbox 276 856 363 907; x_wconf 80' lang='grc' dir='ltr'>μοῧ</span> <span class='ocrx_word' id='word_1_97' title='bbox 388 863 592 910; x_wconf 70' lang='lat' dir='ltr'>compatet</span> <span class='ocrx_word' id='word_1_98' title='bbox 619 858 662 894; x_wconf 91' lang='lat' dir='ltr'>in</span> <span class='ocrx_word' id='word_1_99' title='bbox 682 856 818 894; x_wconf 93' lang='lat' dir='ltr'>codice</span> <span class='ocrx_word' id='word_1_100' title='bbox 834 862 988 906; x_wconf 84' lang='lat' dir='ltr'>nostro,</span> <span class='ocrx_word' id='word_1_101' title='bbox 1019 856 1074 894; x_wconf 85' lang='lat' dir='ltr'>ibi</span> <span class='ocrx_word' id='word_1_102' title='bbox 1103 859 1200 895; x_wconf 88' lang='lat' dir='ltr'>sciat</span> <span class='ocrx_word' id='word_1_103' title='bbox 1234 856 1358 895; x_wconf 84' lang='lat' dir='ltr'>lector</span> <span class='ocrx_word' id='word_1_104' title='bbox 1384 856 1502 896; x_wconf 86' lang='lat' dir='ltr'>fuisse</span> <span class='ocrx_word' id='word_1_105' title='bbox 1531 858 1573 896; x_wconf 91' lang='lat' dir='ltr'>in</span> <span class='ocrx_word' id='word_1_106' title='bbox 1601 871 1730 896; x_wconf 89' lang='lat' dir='ltr'>mem-</span> 
     </span>
     <span class='ocr_line' id='line_1_14' title="bbox 276 911 1731 978; baseline 0 -27"><span class='ocrx_word' id='word_1_107' title='bbox 276 911 414 952; x_wconf 79' lang='lat' dir='ltr'>lnanis</span> <span class='ocrx_word' id='word_1_108' title='bbox 443 913 640 978; x_wconf 73' lang='lat' dir='ltr'>figuram,</span> <span class='ocrx_word' id='word_1_109' title='bbox 687 925 810 965; x_wconf 88' lang='lat' dir='ltr'>quam</span> <span class='ocrx_word' id='word_1_110' title='bbox 838 925 966 964; x_wconf 90' lang='lat' dir='ltr'>quum</span> <span class='ocrx_word' id='word_1_111' title='bbox 993 911 1227 964; x_wconf 79' lang='lat' dir='ltr'><strong>typothetae</strong></span> <span class='ocrx_word' id='word_1_112' title='bbox 1255 913 1297 950; x_wconf 89' lang='lat' dir='ltr'>in</span> <span class='ocrx_word' id='word_1_113' title='bbox 1328 911 1466 951; x_wconf 80' lang='lat' dir='ltr'>forulis</span> <span class='ocrx_word' id='word_1_114' title='bbox 1493 925 1573 950; x_wconf 89' lang='lat' dir='ltr'>non</span> <span class='ocrx_word' id='word_1_115' title='bbox 1605 912 1731 951; x_wconf 88' lang='lat' dir='ltr'>habe-</span> 
     </span>
     <span class='ocr_line' id='line_1_15' title="bbox 277 963 1731 1020; baseline 0 -14"><span class='ocrx_word' id='word_1_116' title='bbox 277 974 406 1018; x_wconf 81' lang='lat' dir='ltr'>lent,</span> <span class='ocrx_word' id='word_1_117' title='bbox 437 967 558 1006; x_wconf 90' lang='lat' dir='ltr'>debui</span> <span class='ocrx_word' id='word_1_118' title='bbox 589 963 699 1016; x_wconf 78' lang='grc' dir='ltr'><em>ὁμοῦ</em></span> <span class='ocrx_word' id='word_1_119' title='bbox 727 966 984 1016; x_wconf 74' lang='lat' dir='ltr'>substituexe,</span> <span class='ocrx_word' id='word_1_120' title='bbox 1015 980 1097 1005; x_wconf 88' lang='lat' dir='ltr'>non</span> <span class='ocrx_word' id='word_1_121' title='bbox 1128 965 1346 1014; x_wconf 82' lang='lat' dir='ltr'>dubitans,</span> <span class='ocrx_word' id='word_1_122' title='bbox 1377 966 1418 1005; x_wconf 91' lang='lat' dir='ltr'>id</span> <span class='ocrx_word' id='word_1_123' title='bbox 1447 968 1579 1020; x_wconf 89' lang='lat' dir='ltr'>ipsum</span> <span class='ocrx_word' id='word_1_124' title='bbox 1606 981 1731 1006; x_wconf 86' lang='lat' dir='ltr'>voca-</span> 
     </span>
     <span class='ocr_line' id='line_1_16' title="bbox 277 1021 1731 1085; baseline 0.001 -24"><span class='ocrx_word' id='word_1_125' title='bbox 277 1022 450 1073; x_wconf 81' lang='lat' dir='ltr'>bulum,</span> <span class='ocrx_word' id='word_1_126' title='bbox 481 1037 564 1061; x_wconf 90' lang='lat' dir='ltr'>non</span> <span class='ocrx_word' id='word_1_127' title='bbox 604 1021 714 1060; x_wconf 92' lang='lat' dir='ltr'>aliud</span> <span class='ocrx_word' id='word_1_128' title='bbox 736 1050 747 1071; x_wconf 81' lang='lat'>‚</span> <span class='ocrx_word' id='word_1_129' title='bbox 787 1035 835 1060; x_wconf 92' lang='lat' dir='ltr'>eo</span> <span class='ocrx_word' id='word_1_130' title='bbox 862 1023 1084 1074; x_wconf 77' lang='lat' dir='ltr'>sclipturae</span> <span class='ocrx_word' id='word_1_131' title='bbox 1108 1022 1351 1085; x_wconf 80' lang='lat' dir='ltr'>compendio</span> <span class='ocrx_word' id='word_1_132' title='bbox 1378 1021 1592 1075; x_wconf 87' lang='lat' dir='ltr'>designari.</span> <span class='ocrx_word' id='word_1_133' title='bbox 1650 1022 1731 1062; x_wconf 89' lang='lat' dir='ltr'>Re-</span> 
     </span>
     <span class='ocr_line' id='line_1_17' title="bbox 278 1076 1731 1130; baseline 0 -14"><span class='ocrx_word' id='word_1_134' title='bbox 278 1077 432 1117; x_wconf 78' lang='lat' dir='ltr'>sciebat</span> <span class='ocrx_word' id='word_1_135' title='bbox 477 1085 612 1116; x_wconf 87' lang='lat' dir='ltr'>autem</span> <span class='ocrx_word' id='word_1_136' title='bbox 649 1076 851 1130; x_wconf 82' lang='lat' dir='ltr'>virgulam</span> <span class='ocrx_word' id='word_1_137' title='bbox 893 1076 1057 1129; x_wconf 78' lang='lat' dir='ltr'>oblique</span> <span class='ocrx_word' id='word_1_138' title='bbox 1086 1077 1229 1128; x_wconf 88' lang='lat' dir='ltr'>sitam,</span> <span class='ocrx_word' id='word_1_139' title='bbox 1260 1077 1300 1115; x_wconf 89' lang='lat' dir='ltr'>in</span> <span class='ocrx_word' id='word_1_140' title='bbox 1330 1090 1489 1116; x_wconf 89' lang='lat' dir='ltr'>summo</span> <span class='ocrx_word' id='word_1_141' title='bbox 1515 1077 1627 1116; x_wconf 84' lang='lat' dir='ltr'>velut</span> <span class='ocrx_word' id='word_1_142' title='bbox 1654 1092 1731 1117; x_wconf 85' lang='lat' dir='ltr'>no-</span> 
     </span>
     <span class='ocr_line' id='line_1_18' title="bbox 279 1131 1732 1196; baseline 0.001 -25"><span class='ocrx_word' id='word_1_143' title='bbox 279 1132 460 1172; x_wconf 87' lang='lat' dir='ltr'>dulatam</span> <span class='ocrx_word' id='word_1_144' title='bbox 483 1161 494 1183; x_wconf 86' lang='lat'>‚</span> <span class='ocrx_word' id='word_1_145' title='bbox 532 1134 574 1171; x_wconf 87' lang='lat' dir='ltr'>in</span> <span class='ocrx_word' id='word_1_146' title='bbox 620 1133 754 1171; x_wconf 89' lang='lat' dir='ltr'>medio</span> <span class='ocrx_word' id='word_1_147' title='bbox 785 1131 907 1171; x_wconf 91' lang='lat' dir='ltr'>modo</span> <span class='ocrx_word' id='word_1_148' title='bbox 945 1131 1166 1185; x_wconf 82' lang='lat' dir='ltr'>singulari,</span> <span class='ocrx_word' id='word_1_149' title='bbox 1209 1132 1330 1171; x_wconf 91' lang='lat' dir='ltr'>modo</span> <span class='ocrx_word' id='word_1_150' title='bbox 1355 1134 1531 1196; x_wconf 42' lang='lat' dir='ltr'>&#39;gemina</span> <span class='ocrx_word' id='word_1_151' title='bbox 1573 1133 1732 1195; x_wconf 85' lang='lat' dir='ltr'>virgula</span> 
     </span>
     <span class='ocr_line' id='line_1_19' title="bbox 277 1186 1734 1240; baseline 0 -13"><span class='ocrx_word' id='word_1_152' title='bbox 277 1195 462 1228; x_wconf 88' lang='lat' dir='ltr'>transve1</span> <span class='ocrx_word' id='word_1_153' title='bbox 465 1202 507 1226; x_wconf 89' lang='lat' dir='ltr'>sa</span> <span class='ocrx_word' id='word_1_154' title='bbox 535 1188 779 1226; x_wconf 84' lang='lat' dir='ltr'>distinctam.</span> <span class='ocrx_word' id='word_1_155' title='bbox 839 1187 1078 1240; x_wconf 88' lang='lat' dir='ltr'>Conspicere</span> <span class='ocrx_word' id='word_1_156' title='bbox 1118 1202 1205 1226; x_wconf 89' lang='lat' dir='ltr'>eam</span> <span class='ocrx_word' id='word_1_157' title='bbox 1233 1186 1363 1226; x_wconf 89' lang='lat' dir='ltr'>licet</span> <span class='ocrx_word' id='word_1_158' title='bbox 1354 1202 1393 1226; x_wconf 88' lang='lat' dir='ltr'>m</span> <span class='ocrx_word' id='word_1_159' title='bbox 1423 1187 1637 1240; x_wconf 85' lang='lat' dir='ltr'>specimine</span> <span class='ocrx_word' id='word_1_160' title='bbox 1664 1203 1734 1228; x_wconf 87' lang='lat' dir='ltr'>co-</span> 
     </span>
    </p>
   </div>
   <div class='ocr_carea' id='block_1_3' title="bbox 278 1242 1731 1353">
    <p class='ocr_par' dir='ltr' id='par_1_4' title="bbox 278 1242 1731 1353">
     <span class='ocr_line' id='line_1_20' title="bbox 279 1242 1731 1297; baseline 0 -15"><span class='ocrx_word' id='word_1_161' title='bbox 279 1244 379 1282; x_wconf 88' lang='lat' dir='ltr'>dicis</span> <span class='ocrx_word' id='word_1_162' title='bbox 419 1242 714 1282; x_wconf 83' lang='lat' dir='ltr'>membranacei</span> <span class='ocrx_word' id='word_1_163' title='bbox 759 1256 883 1282; x_wconf 86' lang='lat' dir='ltr'>aenea</span> <span class='ocrx_word' id='word_1_164' title='bbox 918 1242 1058 1282; x_wconf 87' lang='lat' dir='ltr'>tabula</span> <span class='ocrx_word' id='word_1_165' title='bbox 1100 1256 1283 1297; x_wconf 84' lang='lat' dir='ltr'>expresso</span> <span class='ocrx_word' id='word_1_166' title='bbox 1312 1248 1351 1282; x_wconf 88' lang='lat' dir='ltr'>et</span> <span class='ocrx_word' id='word_1_167' title='bbox 1378 1244 1509 1297; x_wconf 87' lang='lat' dir='ltr'>primo</span> <span class='ocrx_word' id='word_1_168' title='bbox 1535 1243 1731 1283; x_wconf 88' lang='lat' dir='ltr'>volumini</span> 
     </span>
     <span class='ocr_line' id='line_1_21' title="bbox 278 1297 895 1353; baseline -0.002 -16"><span class='ocrx_word' id='word_1_169' title='bbox 278 1300 498 1353; x_wconf 89' lang='lat' dir='ltr'>praemisso</span> <span class='ocrx_word' id='word_1_170' title='bbox 527 1298 599 1337; x_wconf 92' lang='lat' dir='ltr'>lin.</span> <span class='ocrx_word' id='word_1_171' title='bbox 628 1299 667 1337; x_wconf 76' lang='lat'><strong>3.</strong></span> <span class='ocrx_word' id='word_1_172' title='bbox 691 1297 734 1336; x_wconf 91' lang='grc'>6.</span> <span class='ocrx_word' id='word_1_173' title='bbox 762 1305 802 1337; x_wconf 86' lang='lat' dir='ltr'>et</span> <span class='ocrx_word' id='word_1_174' title='bbox 836 1311 895 1337; x_wconf 88' lang='lat'><strong>10.</strong></span> 
     </span>
    </p>
   </div>
   <div class='ocr_carea' id='block_1_4' title="bbox 264 1350 1739 2783">
    <p class='ocr_par' dir='ltr' id='par_1_5' title="bbox 264 1350 1739 2330">
     <span class='ocr_line' id='line_1_22' title="bbox 392 1350 1734 1407; baseline 0.002 -16"><span class='ocrx_word' id='word_1_175' title='bbox 392 1354 437 1392; x_wconf 93' lang='lat' dir='ltr'><strong>C.</strong></span> <span class='ocrx_word' id='word_1_176' title='bbox 469 1353 508 1392; x_wconf 87' lang='lat'>5.</span> <span class='ocrx_word' id='word_1_177' title='bbox 554 1351 674 1407; x_wconf 79' lang='grc'><strong>[461,</strong></span> <span class='ocrx_word' id='word_1_178' title='bbox 696 1350 759 1407; x_wconf 83' lang='grc'>9.]</span> <span class='ocrx_word' id='word_1_179' title='bbox 798 1351 1126 1405; x_wconf 79' lang='grc' dir='ltr'><em>μητροπολιτων.</em></span> <span class='ocrx_word' id='word_1_180' title='bbox 1195 1351 1260 1407; x_wconf 87' lang='lat' dir='ltr'>Ap</span> <span class='ocrx_word' id='word_1_181' title='bbox 1262 1352 1317 1392; x_wconf 94' lang='lat' dir='ltr'>ud</span> <span class='ocrx_word' id='word_1_182' title='bbox 1355 1354 1529 1394; x_wconf 86' lang='lat' dir='ltr'>Graecos</span> <span class='ocrx_word' id='word_1_183' title='bbox 1556 1361 1734 1395; x_wconf 84' lang='lat' dir='ltr'>exemtus</span> 
     </span>
     <span class='ocr_line' id='line_1_23' title="bbox 281 1368 1728 1472; baseline 0.001 -24"><span class='ocrx_word' id='word_1_184' title='bbox 281 1408 412 1449; x_wconf 88' lang='lat' dir='ltr'>clerus</span> <span class='ocrx_word' id='word_1_185' title='bbox 441 1407 493 1447; x_wconf 91' lang='lat' dir='ltr'>ab</span> <span class='ocrx_word' id='word_1_186' title='bbox 521 1408 710 1447; x_wconf 74' lang='lat' dir='ltr'>oneiibus</span> <span class='ocrx_word' id='word_1_187' title='bbox 739 1406 910 1472; x_wconf 83' lang='lat' dir='ltr'>publicis</span> <span class='ocrx_word' id='word_1_188' title='bbox 939 1422 1022 1447; x_wconf 90' lang='lat' dir='ltr'>non</span> <span class='ocrx_word' id='word_1_189' title='bbox 1053 1415 1140 1460; x_wconf 85' lang='lat' dir='ltr'>est3</span> <span class='ocrx_word' id='word_1_190' title='bbox 1170 1368 1260 1449; x_wconf 76' lang='lat' dir='ltr'>vidp</span> <span class='ocrx_word' id='word_1_191' title='bbox 1289 1409 1498 1448; x_wconf 86' lang='lat' dir='ltr'>Constant.</span> <span class='ocrx_word' id='word_1_192' title='bbox 1523 1409 1728 1464; x_wconf 78' lang='lat' dir='ltr'>Polphyr.</span> 
     </span>
     <span class='ocr_line' id='line_1_24' title="bbox 281 1463 1736 1530; baseline 0.001 -27"><span class='ocrx_word' id='word_1_193' title='bbox 281 1464 333 1503; x_wconf 94' lang='lat' dir='ltr'>de</span> <span class='ocrx_word' id='word_1_194' title='bbox 361 1463 800 1530; x_wconf 85' lang='lat' dir='ltr'>administ1.impe1io</span> <span class='ocrx_word' id='word_1_195' title='bbox 810 1478 846 1503; x_wconf 89' lang='lat' dir='ltr'>c.</span> <span class='ocrx_word' id='word_1_196' title='bbox 879 1463 948 1504; x_wconf 84' lang='lat'>52.</span> <span class='ocrx_word' id='word_1_197' title='bbox 974 1478 1016 1530; x_wconf 88' lang='lat' dir='ltr'>p.</span> <span class='ocrx_word' id='word_1_198' title='bbox 1044 1463 1134 1515; x_wconf 84' lang='grc'><strong>144.</strong></span> <span class='ocrx_word' id='word_1_199' title='bbox 1150 1493 1162 1514; x_wconf 83' lang='lat'>,</span> <span class='ocrx_word' id='word_1_200' title='bbox 1206 1464 1277 1503; x_wconf 85' lang='lat' dir='ltr'>uhi</span> <span class='ocrx_word' id='word_1_201' title='bbox 1306 1463 1446 1504; x_wconf 90' lang='lat' dir='ltr'>similis</span> <span class='ocrx_word' id='word_1_202' title='bbox 1473 1464 1566 1504; x_wconf 92' lang='lat' dir='ltr'>huic</span> <span class='ocrx_word' id='word_1_203' title='bbox 1594 1480 1736 1504; x_wconf 87' lang='lat' dir='ltr'>recen-</span> 
     </span>
     <span class='ocr_line' id='line_1_25' title="bbox 281 1515 1736 1586; baseline 0.001 -28"><span class='ocrx_word' id='word_1_204' title='bbox 281 1522 383 1558; x_wconf 89' lang='lat' dir='ltr'>sioni</span> <span class='ocrx_word' id='word_1_205' title='bbox 409 1526 501 1558; x_wconf 84' lang='lat' dir='ltr'>taxa</span> <span class='ocrx_word' id='word_1_206' title='bbox 543 1520 734 1566; x_wconf 75' lang='lat' dir='ltr'>occurrit,</span> <span class='ocrx_word' id='word_1_207' title='bbox 774 1515 801 1570; x_wconf 80' lang='grc' dir='ltr'><strong><em>ἦ</em></strong></span> <span class='ocrx_word' id='word_1_208' title='bbox 846 1516 1044 1586; x_wconf 76' lang='grc' dir='ltr'><em>γενομένη</em></span> <span class='ocrx_word' id='word_1_209' title='bbox 1086 1517 1311 1571; x_wconf 83' lang='grc' dir='ltr'><em>αηαι’τησις</em></span> <span class='ocrx_word' id='word_1_210' title='bbox 1341 1519 1425 1558; x_wconf 80' lang='grc' dir='ltr'>τῶν</span> <span class='ocrx_word' id='word_1_211' title='bbox 1453 1515 1664 1572; x_wconf 81' lang='grc' dir='ltr'><em>ἱππαοίων</em></span> <span class='ocrx_word' id='word_1_212' title='bbox 1690 1520 1736 1560; x_wconf 81' lang='grc' dir='ltr'>ἐν</span> 
     </span>
     <span class='ocr_line' id='line_1_26' title="bbox 280 1570 1736 1630; baseline 0.001 -16"><span class='ocrx_word' id='word_1_213' title='bbox 280 1589 337 1630; x_wconf 77' lang='grc' dir='ltr'>τω</span> <span class='ocrx_word' id='word_1_214' title='bbox 366 1573 523 1625; x_wconf 73' lang='grc' dir='ltr'><em>θέματι</em></span> <span class='ocrx_word' id='word_1_215' title='bbox 551 1571 876 1625; x_wconf 80' lang='grc' dir='ltr'><em>Πελοποννήσου</em></span> <span class='ocrx_word' id='word_1_216' title='bbox 905 1571 977 1613; x_wconf 76' lang='grc' dir='ltr'>ἐπὶ</span> <span class='ocrx_word' id='word_1_217' title='bbox 1007 1571 1226 1624; x_wconf 83' lang='grc' dir='ltr'><strong><em>Ῥωμανοῦ</em></strong></span> <span class='ocrx_word' id='word_1_218' title='bbox 1255 1570 1472 1614; x_wconf 78' lang='grc' dir='ltr'><strong>δεσποτου.</strong></span> <span class='ocrx_word' id='word_1_219' title='bbox 1502 1575 1627 1628; x_wconf 89' lang='lat' dir='ltr'>Apud</span> <span class='ocrx_word' id='word_1_220' title='bbox 1657 1576 1736 1616; x_wconf 89' lang='lat' dir='ltr'>La-</span> 
     </span>
     <span class='ocr_line' id='line_1_27' title="bbox 280 1629 1739 1682; baseline 0.001 -14"><span class='ocrx_word' id='word_1_221' title='bbox 280 1632 388 1669; x_wconf 84' lang='lat' dir='ltr'>tinos</span> <span class='ocrx_word' id='word_1_222' title='bbox 415 1629 512 1668; x_wconf 89' lang='lat' dir='ltr'>olim</span> <span class='ocrx_word' id='word_1_223' title='bbox 555 1636 670 1668; x_wconf 76' lang='lat' dir='ltr'>eiant</span> <span class='ocrx_word' id='word_1_224' title='bbox 698 1629 955 1676; x_wconf 86' lang='lat' dir='ltr'>monasteria,</span> <span class='ocrx_word' id='word_1_225' title='bbox 1000 1644 1102 1682; x_wconf 89' lang='lat' dir='ltr'>quae</span> <span class='ocrx_word' id='word_1_226' title='bbox 1130 1630 1238 1668; x_wconf 83' lang='lat' dir='ltr'>dona</span> <span class='ocrx_word' id='word_1_227' title='bbox 1271 1638 1309 1668; x_wconf 84' lang='lat' dir='ltr'>et</span> <span class='ocrx_word' id='word_1_228' title='bbox 1337 1631 1520 1668; x_wconf 53' lang='lat' dir='ltr'>mzmlttzam</span> <span class='ocrx_word' id='word_1_229' title='bbox 1548 1631 1739 1670; x_wconf 81' lang='lat' dir='ltr'>debebant</span> 
     </span>
     <span class='ocr_line' id='line_1_28' title="bbox 264 1684 1737 1739; baseline 0.001 -16"><span class='ocrx_word' id='word_1_230' title='bbox 264 1686 412 1735; x_wconf 82' lang='lat' dir='ltr'>facere</span> <span class='ocrx_word' id='word_1_231' title='bbox 440 1684 580 1735; x_wconf 86' lang='lat' dir='ltr'>(verba</span> <span class='ocrx_word' id='word_1_232' title='bbox 609 1691 702 1723; x_wconf 88' lang='lat' dir='ltr'>sunt</span> <span class='ocrx_word' id='word_1_233' title='bbox 719 1684 1023 1723; x_wconf 82' lang='lat' dir='ltr'>constitutionis</span> <span class='ocrx_word' id='word_1_234' title='bbox 1055 1685 1250 1723; x_wconf 86' lang='lat' dir='ltr'>Ludovici</span> <span class='ocrx_word' id='word_1_235' title='bbox 1276 1685 1341 1723; x_wconf 85' lang='lat' dir='ltr'>Pii</span> <span class='ocrx_word' id='word_1_236' title='bbox 1368 1685 1474 1737; x_wconf 89' lang='lat' dir='ltr'>apud</span> <span class='ocrx_word' id='word_1_237' title='bbox 1506 1685 1574 1723; x_wconf 92' lang='lat' dir='ltr'>Du</span> <span class='ocrx_word' id='word_1_238' title='bbox 1603 1685 1737 1739; x_wconf 84' lang='lat' dir='ltr'>Gange</span> 
     </span>
     <span class='ocr_line' id='line_1_29' title="bbox 284 1738 1739 1795; baseline 0.001 -17"><span class='ocrx_word' id='word_1_239' title='bbox 284 1740 335 1779; x_wconf 91' lang='lat' dir='ltr'>ad</span> <span class='ocrx_word' id='word_1_240' title='bbox 363 1739 539 1779; x_wconf 88' lang='lat' dir='ltr'>Ioinvill.</span> <span class='ocrx_word' id='word_1_241' title='bbox 568 1754 610 1793; x_wconf 86' lang='lat' dir='ltr'>p.</span> <span class='ocrx_word' id='word_1_242' title='bbox 634 1738 723 1779; x_wconf 85' lang='lat'><strong>155.</strong></span> <span class='ocrx_word' id='word_1_243' title='bbox 714 1768 740 1789; x_wconf 88' lang='lat'><strong>.,</strong></span> <span class='ocrx_word' id='word_1_244' title='bbox 770 1740 839 1792; x_wconf 90' lang='lat' dir='ltr'>qui</span> <span class='ocrx_word' id='word_1_245' title='bbox 867 1739 1037 1792; x_wconf 87' lang='lat' dir='ltr'>explicat</span> <span class='ocrx_word' id='word_1_246' title='bbox 1073 1742 1142 1795; x_wconf 83' lang='lat' dir='ltr'>qui</span> <span class='ocrx_word' id='word_1_247' title='bbox 1165 1739 1305 1779; x_wconf 84' lang='lat' dir='ltr'>e&#39;tozent</span> <span class='ocrx_word' id='word_1_248' title='bbox 1331 1739 1473 1793; x_wconf 82' lang='lat' dir='ltr'>oblz&#39;ge&#39;s</span> <span class='ocrx_word' id='word_1_249' title='bbox 1498 1740 1548 1779; x_wconf 86' lang='lat' dir='ltr'>de</span> <span class='ocrx_word' id='word_1_250' title='bbox 1556 1741 1739 1791; x_wconf 79' lang='lat' dir='ltr'>som-nit·</span> 
     </span>
     <span class='ocr_line' id='line_1_30' title="bbox 282 1794 1736 1850; baseline 0 -16"><span class='ocrx_word' id='word_1_251' title='bbox 282 1810 362 1834; x_wconf 83' lang='lat' dir='ltr'>non</span> <span class='ocrx_word' id='word_1_252' title='bbox 397 1796 604 1834; x_wconf 74' lang='lat' dir='ltr'>seulement</span> <span class='ocrx_word' id='word_1_253' title='bbox 635 1795 685 1833; x_wconf 87' lang='lat' dir='ltr'>de</span> <span class='ocrx_word' id='word_1_254' title='bbox 704 1795 802 1833; x_wconf 80' lang='lat' dir='ltr'>dons</span> <span class='ocrx_word' id='word_1_255' title='bbox 834 1803 872 1833; x_wconf 81' lang='lat' dir='ltr'>et</span> <span class='ocrx_word' id='word_1_256' title='bbox 897 1796 947 1833; x_wconf 89' lang='lat' dir='ltr'>de</span> <span class='ocrx_word' id='word_1_257' title='bbox 962 1794 1287 1850; x_wconf 70' lang='lat' dir='ltr'>pre&#39;sents‚nza1&#39;s</span> <span class='ocrx_word' id='word_1_258' title='bbox 1311 1809 1448 1834; x_wconf 80' lang='lat' dir='ltr'>encore</span> <span class='ocrx_word' id='word_1_259' title='bbox 1472 1795 1522 1833; x_wconf 86' lang='lat' dir='ltr'>de</span> <span class='ocrx_word' id='word_1_260' title='bbox 1548 1796 1736 1848; x_wconf 80' lang='lat' dir='ltr'>soldats)·</span> <span class='ocrx_word' id='word_1_261' title='bbox 1719 1826 1732 1846; x_wconf 91' lang='lat'>,</span> 
     </span>
     <span class='ocr_line' id='line_1_31' title="bbox 282 1849 1734 1903; baseline 0.001 -14"><span class='ocrx_word' id='word_1_262' title='bbox 282 1852 455 1889; x_wconf 75' lang='lat' dir='ltr'>hommes</span> <span class='ocrx_word' id='word_1_263' title='bbox 497 1851 775 1889; x_wconf 78' lang='lat' dir='ltr'>monachorum</span> <span class='ocrx_word' id='word_1_264' title='bbox 808 1849 867 1888; x_wconf 91' lang='lat' dir='ltr'>illi</span> <span class='ocrx_word' id='word_1_265' title='bbox 912 1849 1232 1903; x_wconf 84' lang='lat' dir='ltr'>appellabantur.</span> <span class='ocrx_word' id='word_1_266' title='bbox 1299 1849 1507 1899; x_wconf 87' lang='lat' dir='ltr'>(Tabular.</span> <span class='ocrx_word' id='word_1_267' title='bbox 1551 1850 1734 1891; x_wconf 89' lang='lat' dir='ltr'>Cluniae.</span> 
     </span>
     <span class='ocr_line' id='line_1_32' title="bbox 284 1905 1736 1960; baseline 0 -16"><span class='ocrx_word' id='word_1_268' title='bbox 284 1906 369 1944; x_wconf 84' lang='lat' dir='ltr'>Clu</span> <span class='ocrx_word' id='word_1_269' title='bbox 370 1920 438 1944; x_wconf 92' lang='lat' dir='ltr'>on</span> <span class='ocrx_word' id='word_1_270' title='bbox 473 1906 587 1945; x_wconf 78' lang='lat'><strong>335..</strong></span> <span class='ocrx_word' id='word_1_271' title='bbox 619 1907 794 1944; x_wconf 77' lang='lat' dir='ltr'>hommes</span> <span class='ocrx_word' id='word_1_272' title='bbox 822 1907 1099 1944; x_wconf 75' lang='lat' dir='ltr'>monachorum</span> <span class='ocrx_word' id='word_1_273' title='bbox 1126 1905 1270 1946; x_wconf 78' lang='lat' dir='ltr'>debent</span> <span class='ocrx_word' id='word_1_274' title='bbox 1284 1907 1494 1960; x_wconf 82' lang='lat' dir='ltr'>equitatum</span> <span class='ocrx_word' id='word_1_275' title='bbox 1519 1914 1558 1944; x_wconf 82' lang='lat' dir='ltr'>et</span> <span class='ocrx_word' id='word_1_276' title='bbox 1581 1908 1736 1945; x_wconf 76' lang='lat' dir='ltr'>exerci-</span> 
     </span>
     <span class='ocr_line' id='line_1_33' title="bbox 284 1960 1736 2014; baseline 0.001 -15"><span class='ocrx_word' id='word_1_277' title='bbox 284 1965 395 2013; x_wconf 81' lang='lat' dir='ltr'>tum.)</span> <span class='ocrx_word' id='word_1_278' title='bbox 451 1961 660 2010; x_wconf 89' lang='lat' dir='ltr'>Quaedam</span> <span class='ocrx_word' id='word_1_279' title='bbox 697 1961 782 2000; x_wconf 80' lang='lat' dir='ltr'>sola</span> <span class='ocrx_word' id='word_1_280' title='bbox 815 1960 922 1998; x_wconf 85' lang='lat' dir='ltr'>dona</span> <span class='ocrx_word' id='word_1_281' title='bbox 966 1962 1048 1999; x_wconf 82' lang='lat' dir='ltr'>sine</span> <span class='ocrx_word' id='word_1_282' title='bbox 1072 1961 1218 1998; x_wconf 48' lang='lat' dir='ltr'>mzffllma</span> <span class='ocrx_word' id='word_1_283' title='bbox 1231 1989 1248 2008; x_wconf 91' lang='lat'><em>,</em></span> <span class='ocrx_word' id='word_1_284' title='bbox 1287 1961 1484 2014; x_wconf 86' lang='lat' dir='ltr'>quaedam</span> <span class='ocrx_word' id='word_1_285' title='bbox 1530 1975 1600 2000; x_wconf 85' lang='lat' dir='ltr'>nec</span> <span class='ocrx_word' id='word_1_286' title='bbox 1628 1962 1736 2001; x_wconf 81' lang='lat' dir='ltr'>dona</span> 
     </span>
     <span class='ocr_line' id='line_1_34' title="bbox 285 2015 1737 2072; baseline 0 -17"><span class='ocrx_word' id='word_1_287' title='bbox 285 2030 355 2055; x_wconf 85' lang='lat' dir='ltr'>nec</span> <span class='ocrx_word' id='word_1_288' title='bbox 381 2017 598 2066; x_wconf 80' lang='lat' dir='ltr'>miliciam,</span> <span class='ocrx_word' id='word_1_289' title='bbox 627 2015 696 2054; x_wconf 83' lang='lat' dir='ltr'>sed</span> <span class='ocrx_word' id='word_1_290' title='bbox 718 2017 821 2054; x_wconf 77' lang='lat' dir='ltr'>solas</span> <span class='ocrx_word' id='word_1_291' title='bbox 845 2015 1038 2054; x_wconf 80' lang='lat' dir='ltr'>orationes</span> <span class='ocrx_word' id='word_1_292' title='bbox 1058 2029 1136 2070; x_wconf 79' lang='lat' dir='ltr'>pro</span> <span class='ocrx_word' id='word_1_293' title='bbox 1159 2016 1280 2054; x_wconf 79' lang='lat' dir='ltr'>salute</span> <span class='ocrx_word' id='word_1_294' title='bbox 1304 2016 1559 2070; x_wconf 80' lang='lat' dir='ltr'>Imperatoris</span> <span class='ocrx_word' id='word_1_295' title='bbox 1593 2025 1631 2055; x_wconf 87' lang='lat' dir='ltr'>et</span> <span class='ocrx_word' id='word_1_296' title='bbox 1636 2017 1737 2072; x_wconf 67' lang='lat' dir='ltr'>filb-</span> 
     </span>
     <span class='ocr_line' id='line_1_35' title="bbox 285 2070 1732 2125; baseline 0.001 -16"><span class='ocrx_word' id='word_1_297' title='bbox 285 2085 397 2110; x_wconf 73' lang='lat' dir='ltr'>orum</span> <span class='ocrx_word' id='word_1_298' title='bbox 429 2073 510 2110; x_wconf 77' lang='lat' dir='ltr'>eius</span> <span class='ocrx_word' id='word_1_299' title='bbox 533 2085 580 2109; x_wconf 86' lang='lat' dir='ltr'>ac</span> <span class='ocrx_word' id='word_1_300' title='bbox 612 2071 824 2110; x_wconf 80' lang='lat' dir='ltr'>stabilitate</span> <span class='ocrx_word' id='word_1_301' title='bbox 855 2071 1028 2125; x_wconf 83' lang='lat' dir='ltr'>imperii.</span> <span class='ocrx_word' id='word_1_302' title='bbox 1083 2070 1162 2109; x_wconf 92' lang='lat' dir='ltr'>Sed</span> <span class='ocrx_word' id='word_1_303' title='bbox 1199 2077 1336 2109; x_wconf 91' lang='lat' dir='ltr'>actum</span> <span class='ocrx_word' id='word_1_304' title='bbox 1369 2085 1543 2124; x_wconf 82' lang='lat' dir='ltr'>agerem,</span> <span class='ocrx_word' id='word_1_305' title='bbox 1572 2072 1606 2110; x_wconf 87' lang='lat' dir='ltr'>si</span> <span class='ocrx_word' id='word_1_306' title='bbox 1639 2078 1732 2125; x_wconf 84' lang='lat' dir='ltr'>post</span> 
     </span>
     <span class='ocr_line' id='line_1_36' title="bbox 285 2124 1738 2179; baseline 0.001 -15"><span class='ocrx_word' id='word_1_307' title='bbox 285 2125 354 2164; x_wconf 88' lang='lat' dir='ltr'>Du</span> <span class='ocrx_word' id='word_1_308' title='bbox 385 2126 586 2179; x_wconf 84' lang='lat' dir='ltr'>Cangium</span> <span class='ocrx_word' id='word_1_309' title='bbox 625 2126 889 2165; x_wconf 88' lang='lat' dir='ltr'>commentari</span> <span class='ocrx_word' id='word_1_310' title='bbox 933 2124 1010 2164; x_wconf 89' lang='lat' dir='ltr'>hac</span> <span class='ocrx_word' id='word_1_311' title='bbox 1051 2126 1101 2164; x_wconf 95' lang='lat' dir='ltr'>de</span> <span class='ocrx_word' id='word_1_312' title='bbox 1126 2139 1170 2163; x_wconf 88' lang='lat' dir='ltr'>re</span> <span class='ocrx_word' id='word_1_313' title='bbox 1217 2125 1393 2176; x_wconf 89' lang='lat' dir='ltr'>vellem,</span> <span class='ocrx_word' id='word_1_314' title='bbox 1435 2127 1503 2179; x_wconf 91' lang='lat' dir='ltr'>qui</span> <span class='ocrx_word' id='word_1_315' title='bbox 1535 2125 1738 2165; x_wconf 89' lang='lat' dir='ltr'>Glossario</span> 
     </span>
     <span class='ocr_line' id='line_1_37' title="bbox 286 2180 1735 2243; baseline 0.001 -25"><span class='ocrx_word' id='word_1_316' title='bbox 286 2194 359 2220; x_wconf 89' lang='lat' dir='ltr'>suo</span> <span class='ocrx_word' id='word_1_317' title='bbox 389 2182 534 2220; x_wconf 89' lang='lat' dir='ltr'>Latino</span> <span class='ocrx_word' id='word_1_318' title='bbox 562 2195 604 2220; x_wconf 84' lang='lat' dir='ltr'><strong>v.</strong></span> <span class='ocrx_word' id='word_1_319' title='bbox 636 2181 774 2220; x_wconf 77' lang='lat' dir='ltr'>Hostis</span> <span class='ocrx_word' id='word_1_320' title='bbox 802 2180 964 2243; x_wconf 79' lang='lat' dir='ltr'>longam</span> <span class='ocrx_word' id='word_1_321' title='bbox 994 2186 1034 2218; x_wconf 89' lang='lat' dir='ltr'>et</span> <span class='ocrx_word' id='word_1_322' title='bbox 1061 2180 1220 2219; x_wconf 81' lang='lat' dir='ltr'>doctam</span> <span class='ocrx_word' id='word_1_323' title='bbox 1250 2181 1568 2220; x_wconf 77' lang='lat' dir='ltr'>dissertationem</span> <span class='ocrx_word' id='word_1_324' title='bbox 1593 2181 1644 2220; x_wconf 86' lang='lat' dir='ltr'>de</span> <span class='ocrx_word' id='word_1_325' title='bbox 1663 2183 1735 2219; x_wconf 81' lang='lat' dir='ltr'>ho-</span> 
     </span>
     <span class='ocr_line' id='line_1_38' title="bbox 285 2235 1735 2291; baseline 0.001 -17"><span class='ocrx_word' id='word_1_326' title='bbox 285 2244 341 2274; x_wconf 82' lang='lat' dir='ltr'>ste</span> <span class='ocrx_word' id='word_1_327' title='bbox 362 2245 400 2274; x_wconf 83' lang='lat' dir='ltr'>et</span> <span class='ocrx_word' id='word_1_328' title='bbox 433 2237 610 2275; x_wconf 74' lang='lat' dir='ltr'>eoeercitu</span> <span class='ocrx_word' id='word_1_329' title='bbox 636 2237 903 2291; x_wconf 80' lang='lat' dir='ltr'>episcoporum</span> <span class='ocrx_word' id='word_1_330' title='bbox 931 2236 1034 2274; x_wconf 89' lang='lat' dir='ltr'>inser</span> <span class='ocrx_word' id='word_1_331' title='bbox 1036 2237 1109 2275; x_wconf 86' lang='lat' dir='ltr'>uit.</span> <span class='ocrx_word' id='word_1_332' title='bbox 1167 2236 1390 2275; x_wconf 85' lang='lat' dir='ltr'>Russorum</span> <span class='ocrx_word' id='word_1_333' title='bbox 1417 2249 1577 2291; x_wconf 88' lang='lat' dir='ltr'>quoque</span> <span class='ocrx_word' id='word_1_334' title='bbox 1605 2235 1735 2275; x_wconf 86' lang='lat' dir='ltr'>clerus</span> 
     </span>
     <span class='ocr_line' id='line_1_39' title="bbox 286 2290 863 2330; baseline -0.002 -1"><span class='ocrx_word' id='word_1_335' title='bbox 286 2290 406 2330; x_wconf 88' lang='lat' dir='ltr'>hodie</span> <span class='ocrx_word' id='word_1_336' title='bbox 435 2290 604 2330; x_wconf 86' lang='lat' dir='ltr'>militem</span> <span class='ocrx_word' id='word_1_337' title='bbox 631 2290 863 2329; x_wconf 86' lang='lat' dir='ltr'>contribuit</span> 
     </span>
    </p>

    <p class='ocr_par' dir='ltr' id='par_1_6' title="bbox 287 2343 1735 2564">
     <span class='ocr_line' id='line_1_40' title="bbox 399 2343 1735 2400; baseline 0.001 -16"><span class='ocrx_word' id='word_1_338' title='bbox 399 2343 815 2400; x_wconf 75' lang='lat' dir='ltr'><strong>c.12.[461‚15.]</strong></span> <span class='ocrx_word' id='word_1_339' title='bbox 858 2344 1158 2399; x_wconf 78' lang='grc' dir='ltr'><strong>προμοσὲλλας.</strong></span> <span class='ocrx_word' id='word_1_340' title='bbox 1233 2346 1499 2386; x_wconf 85' lang='lat' dir='ltr'>Seminarium</span> <span class='ocrx_word' id='word_1_341' title='bbox 1539 2358 1735 2398; x_wconf 88' lang='lat' dir='ltr'>equorum</span> 
     </span>
     <span class='ocr_line' id='line_1_41' title="bbox 287 2398 1735 2457; baseline 0.001 -20"><span class='ocrx_word' id='word_1_342' title='bbox 287 2398 571 2453; x_wconf 83' lang='lat' dir='ltr'>imperialium,</span> <span class='ocrx_word' id='word_1_343' title='bbox 602 2414 624 2439; x_wconf 93' lang='lat' dir='ltr'>e</span> <span class='ocrx_word' id='word_1_344' title='bbox 651 2415 732 2453; x_wconf 95' lang='lat' dir='ltr'>quo</span> <span class='ocrx_word' id='word_1_345' title='bbox 761 2401 880 2438; x_wconf 82' lang='lat' dir='ltr'>sellae</span> <span class='ocrx_word' id='word_1_346' title='bbox 920 2415 990 2439; x_wconf 91' lang='lat' dir='ltr'>seu</span> <span class='ocrx_word' id='word_1_347' title='bbox 1021 2402 1173 2442; x_wconf 78' lang='lat' dir='ltr'>sellarii</span> <span class='ocrx_word' id='word_1_348' title='bbox 1199 2404 1311 2457; x_wconf 80' lang='lat' dir='ltr'>equi,</span> <span class='ocrx_word' id='word_1_349' title='bbox 1342 2401 1630 2456; x_wconf 72' lang='lat' dir='ltr'>Sattelpferde‚</span> <span class='ocrx_word' id='word_1_350' title='bbox 1663 2399 1735 2439; x_wconf 93' lang='lat' dir='ltr'>de-</span> 
     </span>
     <span class='ocr_line' id='line_1_42' title="bbox 287 2454 1734 2506; baseline 0.001 -14"><span class='ocrx_word' id='word_1_351' title='bbox 287 2462 546 2506; x_wconf 65' lang='grc' dir='ltr'><strong>Ῑ11··011111111111</strong></span> <span class='ocrx_word' id='word_1_352' title='bbox 619 2455 712 2495; x_wconf 88' lang='grc' dir='ltr'>Νο11</span> <span class='ocrx_word' id='word_1_353' title='bbox 755 2455 921 2494; x_wconf 86' lang='lat' dir='ltr'>feliciter</span> <span class='ocrx_word' id='word_1_354' title='bbox 961 2464 1141 2495; x_wconf 88' lang='lat' dir='ltr'>versatus</span> <span class='ocrx_word' id='word_1_355' title='bbox 1172 2457 1246 2496; x_wconf 86' lang='lat' dir='ltr'>fuit</span> <span class='ocrx_word' id='word_1_356' title='bbox 1273 2457 1349 2496; x_wconf 90' lang='lat' dir='ltr'>hoc</span> <span class='ocrx_word' id='word_1_357' title='bbox 1379 2458 1421 2496; x_wconf 85' lang='lat' dir='ltr'>in</span> <span class='ocrx_word' id='word_1_358' title='bbox 1463 2454 1585 2495; x_wconf 87' lang='lat' dir='ltr'>verbo</span> <span class='ocrx_word' id='word_1_359' title='bbox 1609 2456 1734 2494; x_wconf 89' lang='lat' dir='ltr'>inter-</span> 
     </span>
     <span class='ocr_line' id='line_1_43' title="bbox 288 2509 1320 2576; baseline 0.005 -30"><span class='ocrx_word' id='word_1_360' title='bbox 288 2511 482 2560; x_wconf 75' lang='lat' dir='ltr'>pletando</span> <span class='ocrx_word' id='word_1_361' title='bbox 501 2512 622 2549; x_wconf 80' lang='lat' dir='ltr'>Goar.</span> <span class='ocrx_word' id='word_1_362' title='bbox 656 2511 707 2549; x_wconf 94' lang='lat' dir='ltr'>ad</span> <span class='ocrx_word' id='word_1_363' title='bbox 736 2510 878 2563; x_wconf 89' lang='lat' dir='ltr'>Theop</span> <span class='ocrx_word' id='word_1_364' title='bbox 880 2509 973 2551; x_wconf 89' lang='lat' dir='ltr'>han.</span> <span class='ocrx_word' id='word_1_365' title='bbox 1007 2526 1046 2576; x_wconf 82' lang='lat' dir='ltr'>p.</span> <span class='ocrx_word' id='word_1_366' title='bbox 1075 2511 1167 2562; x_wconf 82' lang='lat'><strong>400.</strong></span> <span class='ocrx_word' id='word_1_367' title='bbox 1197 2512 1251 2550; x_wconf 87' lang='lat' dir='ltr'>A.</span> <span class='ocrx_word' id='word_1_368' title='bbox 1279 2511 1320 2550; x_wconf 84' lang='lat'><strong>8.</strong></span> 
     </span>
    </p>

    <p class='ocr_par' dir='ltr' id='par_1_7' title="bbox 289 2525 1736 2783">
     <span class='ocr_line' id='line_1_44' title="bbox 399 2525 1736 2629; baseline 0.001 -27"><span class='ocrx_word' id='word_1_369' title='bbox 399 2565 448 2602; x_wconf 89' lang='lat' dir='ltr'><strong>C.</strong></span> <span class='ocrx_word' id='word_1_370' title='bbox 475 2565 551 2603; x_wconf 85' lang='lat' dir='ltr'>ult.</span> <span class='ocrx_word' id='word_1_371' title='bbox 583 2564 701 2629; x_wconf 79' lang='grc'><strong>[461,</strong></span> <span class='ocrx_word' id='word_1_372' title='bbox 741 2563 821 2618; x_wconf 63' lang='grc'>16]</span> <span class='ocrx_word' id='word_1_373' title='bbox 852 2525 1128 2619; x_wconf 78' lang='grc' dir='ltr'><strong>ἀμφοτέρων.</strong></span> <span class='ocrx_word' id='word_1_374' title='bbox 1184 2566 1322 2604; x_wconf 91' lang='lat' dir='ltr'>Solent</span> <span class='ocrx_word' id='word_1_375' title='bbox 1357 2565 1453 2604; x_wconf 86' lang='lat' dir='ltr'>novi</span> <span class='ocrx_word' id='word_1_376' title='bbox 1481 2565 1622 2603; x_wconf 88' lang='lat' dir='ltr'>Graeci</span> <span class='ocrx_word' id='word_1_377' title='bbox 1652 2563 1736 2615; x_wconf 83' lang='grc' dir='ltr'><strong><em>α’μ-</em></strong></span> 
     </span>
     <span class='ocr_line' id='line_1_45' title="bbox 290 2613 1733 2683; baseline 0.003 -29"><span class='ocrx_word' id='word_1_378' title='bbox 290 2613 460 2683; x_wconf 54' lang='lat' dir='ltr'>Por-apoc</span> <span class='ocrx_word' id='word_1_379' title='bbox 486 2634 559 2671; x_wconf 90' lang='lat' dir='ltr'>pro</span> <span class='ocrx_word' id='word_1_380' title='bbox 589 2617 737 2665; x_wconf 82' lang='grc' dir='ltr'><em>πάντες</em></span> <span class='ocrx_word' id='word_1_381' title='bbox 764 2634 924 2672; x_wconf 89' lang='lat' dir='ltr'>ponere,</span> <span class='ocrx_word' id='word_1_382' title='bbox 954 2634 1034 2658; x_wconf 89' lang='lat' dir='ltr'>non</span> <span class='ocrx_word' id='word_1_383' title='bbox 1054 2620 1382 2674; x_wconf 85' lang='lat' dir='ltr'>improbabiliter.</span> <span class='ocrx_word' id='word_1_384' title='bbox 1415 2620 1607 2669; x_wconf 87' lang='lat' dir='ltr'>Quamvis</span> <span class='ocrx_word' id='word_1_385' title='bbox 1626 2620 1733 2660; x_wconf 88' lang='lat' dir='ltr'>enim</span> 
     </span>
     <span class='ocr_line' id='line_1_46' title="bbox 290 2671 1732 2740; baseline 0.003 -30"><span class='ocrx_word' id='word_1_386' title='bbox 290 2685 419 2724; x_wconf 78' lang='grc' dir='ltr'><em>αμφω</em></span> <span class='ocrx_word' id='word_1_387' title='bbox 447 2680 606 2712; x_wconf 85' lang='lat' dir='ltr'>tantum</span> <span class='ocrx_word' id='word_1_388' title='bbox 651 2674 701 2712; x_wconf 86' lang='lat' dir='ltr'>de</span> <span class='ocrx_word' id='word_1_389' title='bbox 729 2674 887 2713; x_wconf 92' lang='lat' dir='ltr'>duobus</span> <span class='ocrx_word' id='word_1_390' title='bbox 915 2675 1070 2714; x_wconf 89' lang='lat' dir='ltr'>dicatur</span> <span class='ocrx_word' id='word_1_391' title='bbox 1083 2705 1095 2725; x_wconf 81' lang='lat'>‚</span> <span class='ocrx_word' id='word_1_392' title='bbox 1139 2683 1178 2713; x_wconf 89' lang='lat' dir='ltr'>et</span> <span class='ocrx_word' id='word_1_393' title='bbox 1205 2682 1357 2714; x_wconf 86' lang='lat' dir='ltr'>veteres</span> <span class='ocrx_word' id='word_1_394' title='bbox 1366 2671 1620 2740; x_wconf 69' lang='grc' dir='ltr'><em>ἀμφότεροι</em></span> <span class='ocrx_word' id='word_1_395' title='bbox 1649 2689 1732 2715; x_wconf 87' lang='lat' dir='ltr'>non</span> 
     </span>
     <span class='ocr_line' id='line_1_47' title="bbox 289 2726 1731 2783; baseline 0.003 -17"><span class='ocrx_word' id='word_1_396' title='bbox 289 2727 341 2766; x_wconf 92' lang='lat' dir='ltr'>de</span> <span class='ocrx_word' id='word_1_397' title='bbox 369 2726 552 2779; x_wconf 77' lang='lat' dir='ltr'>pluiibus</span> <span class='ocrx_word' id='word_1_398' title='bbox 580 2728 781 2781; x_wconf 86' lang='lat' dir='ltr'>dixe1int‚</span> <span class='ocrx_word' id='word_1_399' title='bbox 809 2737 868 2768; x_wconf 88' lang='lat' dir='ltr'>est</span> <span class='ocrx_word' id='word_1_400' title='bbox 895 2735 1028 2768; x_wconf 89' lang='lat' dir='ltr'>tamen</span> <span class='ocrx_word' id='word_1_401' title='bbox 1057 2730 1098 2769; x_wconf 90' lang='lat' dir='ltr'>in</span> <span class='ocrx_word' id='word_1_402' title='bbox 1128 2729 1324 2782; x_wconf 81' lang='lat' dir='ltr'>particula</span> <span class='ocrx_word' id='word_1_403' title='bbox 1351 2726 1480 2782; x_wconf 75' lang='grc' dir='ltr'><strong><em>ἄμφι,</em></strong></span> <span class='ocrx_word' id='word_1_404' title='bbox 1513 2743 1616 2783; x_wconf 87' lang='lat' dir='ltr'>quae</span> <span class='ocrx_word' id='word_1_405' title='bbox 1644 2744 1731 2770; x_wconf 87' lang='lat' dir='ltr'>am-</span> 
     </span>
    </p>
   </div>
  </div>
 </body>
</html>
