1884 3132
257 101 368 175 278
472 138 486 142 --
526 120 599 160 10.
643 117 749 181 mo.
793 119 989 159 Rsslsxn
1023 92 1413 163 sscoMMENTARu

257 224 390 262 minus
415 219 663 275 θὲρμαστρα
691 224 812 262 etiam
836 222 1025 263 balneum
1052 230 1163 263 notet
1181 253 1194 273 ,
1220 225 1454 277 praesertim
1477 238 1602 278 quum
1629 239 1697 266 ca-

255 277 463 317 lefactoria
499 283 539 316 et·
581 276 829 317 balneatoria
861 279 996 318 iuncta
1034 286 1074 318 et
1114 279 1190 318 sibi
1232 281 1420 332 contigua
1462 279 1698 335 plerumque

256 339 400 372 essent.

367 387 419 426 C.
441 399 480 424 2.
505 384 620 439 [25o‚
635 385 699 440 8.]
730 383 886 436 ἔξωθεν
905 386 1109 440 μεγάλων.
1137 389 1196 427 Μ.
1220 383 1376 436 ἔξωθεν
1394 388 1477 428 τῶν
1492 386 1701 441 μεγάλων.

369 442 414 479 C.
438 441 478 479 5.
498 441 640 496 [ibid]
655 441 926 493 (ἰκτολογοῦσι
942 441 1083 486 αὐτὸν.
1127 445 1187 482 Μ.
1210 442 1483 494 (ἷκτολογοῦσι
1495 443 1540 484 δὲ
1555 441 1696 484 αὐτὸν.

370 497 418 535 C.
442 494 481 534 5.
502 497 620 551 [250‚
660 496 740 548 10.]
769 494 852 538 εἷσε
883 498 1111 547 πατρίκιος.
1167 497 1334 551 Vulgari
1367 499 1597 539 Graecismo
1615 493 1701 538 εἷσε

259 551 325 591 hic
354 559 414 591 est
443 566 514 604 pro
543 545 583 590 εἶ
607 552 670 591 vel
699 549 782 603 εἷς,
811 567 851 591 es
870 552 1090 601 Patricius,
1119 554 1161 592 id
1189 561 1275 604 est,
1304 568 1404 597 ‘ver-e
1431 568 1489 606 e‘,
1515 555 1705 609 pacni-ius

260 616 410 646 creatas
429 621 470 645 es
488 608 679 662 patricius
695 637 707 657 ,
741 608 954 660 gaudemus
968 610 1165 647 audientes
1181 639 1190 657 ‚
1213 618 1249 647 te
1291 609 1410 647 talem
1437 624 1530 648 esse.
1586 607 1704 659 Εἴσε,

263 662 328 701 vel
363 663 497 715 potius
526 663 610 700 είσε
628 693 640 712 ,
670 671 728 702 est
756 664 862 702 idem
890 670 1010 716 atque
1039 659 1161 703 εἷσαι.
1219 664 1323 701 Nam
1351 666 1578 716 promiscue
1605 665 1702 703 novi

264 717 406 756 Graeci
436 716 616 755 scribunt
645 730 689 755 αι
720 726 759 756 et
790 731 809 755 ε
829 750 840 768 ,
870 719 1069 771 iidemque
1097 719 1267 757 verbum
1295 719 1591 758 substantivum
1620 734 1704 758 non

268 771 381 823 εἰμι’,
411 765 470 817 εἷς
497 771 562 810 vel
590 765 650 822 εἷ,
688 771 779 812 ἐστι’
806 774 1048 827 coniugant3
1080 774 1148 812 sed
1177 768 1321 823 εἷμαι,
1359 788 1467 823 sum,
1502 769 1613 813 εἰσαι
1639 774 1704 813 vel

262 821 366 877 εἷσε,
395 841 435 865 es
454 856 465 875 ,
500 819 607 865 εἶναι
631 827 695 866 vel
725 823 828 877 εἷνε,
857 838 924 867 est.
982 829 1315 867 Vid.Grammat.
1346 827 1504 881 linguae
1531 830 1710 869 Graecae

262 881 441 934 vulgaris
468 882 536 919 Du
566 881 700 934 Gange
730 882 931 922 Glossario
961 885 1114 922 Graeco
1150 883 1365 936 praefixam
1395 898 1433 936 p.
1459 884 1527 922 51.
1584 883 1707 936 Apud

263 936 437 975 eundem
451 950 493 975 v.
512 933 824 988 κουροπαλάτης
849 938 947 977 haec
975 946 1157 991 prostant
1177 938 1483 976 Ptochodromi:
1515 935 1593 977 min
1621 933 1707 978 εἷσε

266 989 480 1042 Σεβαστοῦ
491 989 649 1040 παιὸἳν,
662 985 756 1030 οὔτε
769 990 1118 1043 Κουροπαλάτου.
1147 993 1388 1045 Pag.Nostri
1408 1008 1416 1031 ι
1429 992 1493 1044 54.
1507 993 1624 1041 D.8.‚
1638 994 1710 1033 ubi

268 1052 408 1086 nostra
426 1045 547 1085 editio
566 1045 636 1083 dat
656 1042 741 1084 εἷσε
754 1078 765 1096 ‚
793 1048 1009 1087 M.habent
1031 1042 1103 1095 εἷς.
1132 1049 1186 1087 Et
1203 1063 1297 1086 sane
1317 1048 1518 1087 veteribus
1550 1063 1711 1102 quoque

268 1102 432 1140 Graecis
462 1101 503 1138 in
528 1115 605 1139 usu
626 1101 745 1139 fuisse
762 1103 939 1140 medium
958 1103 1069 1142 verbi
1092 1100 1180 1154 εἰμι’
1195 1133 1205 1153 ,
1235 1103 1485 1142 demonstrat
1510 1097 1570 1153 εἷ’,
1601 1104 1711 1156 quod

266 1155 372 1195 nihil
401 1155 511 1194 aliud
543 1163 617 1205 est,
651 1163 770 1208 atque
799 1166 1049 1196 contractum
1078 1153 1202 1197 εῗσαι.
1259 1159 1423 1197 Veteres
1440 1189 1451 1209 ‚
1480 1159 1521 1195 in
1553 1161 1710 1211 scriptis

268 1218 400 1259 certe,
441 1210 631 1249 amabant
673 1211 820 1249 formas
853 1221 1076 1252 contractas
1109 1215 1149 1251 in
1184 1213 1349 1263 medio;
1394 1219 1436 1251 at
1476 1215 1516 1251 in
1553 1216 1711 1266 scriptis

269 1279 485 1315 novorum,
513 1264 670 1319 plebeio
685 1280 867 1307 sermone
895 1270 1111 1321 conceptis,
1137 1269 1291 1320 saepius
1318 1268 1546 1306 terminatio
1570 1283 1712 1307 secun-

267 1321 343 1360 dae
380 1335 572 1373 personae
602 1321 813 1374 singularis
855 1324 895 1361 in
926 1324 1058 1362 medio
1087 1336 1159 1362 σαι
1188 1324 1386 1372 occurrit,
1417 1329 1464 1361 ut
1483 1322 1591 1373 apud
1622 1324 1710 1362 No-

268 1383 399 1414 strum
424 1391 466 1429 p.
485 1389 578 1430 219.
593 1375 700 1425 Α.4.
733 1373 951 1426 κομιῒζεσαι
986 1393 1060 1430 pro
1085 1375 1231 1431 κομίζῃ
1248 1379 1387 1428 ,fir-s,
1413 1392 1452 1430 p.
1482 1377 1574 1417 560.
1605 1376 1712 1417 ἅνα-

269 1425 531 1482 λαμβάνεσαι
560 1445 634 1483 pro
658 1427 943 1486 ἀναλαμβάνῃ,
973 1433 1133 1488 accipis.
1166 1432 1287 1484 Apud
1301 1431 1542 1486 Theophan.
1558 1446 1601 1486 p.
1621 1445 1709 1472 110.

270 1485 319 1525 B.
342 1484 418 1525 ult.
446 1492 505 1524 est
528 1485 764 1537 λυθροῦσαι
780 1500 852 1538 pro
873 1487 1038 1539 izv-⁹905
1053 1517 1064 1538 ‚
1090 1487 1280 1526 liberaris.

379 1540 434 1579 D.
459 1539 500 1591 4.
524 1539 636 1594 [25o,
657 1540 746 1594 2o.]
767 1541 839 1580 καί
858 1536 936 1580 εἷθ’
963 1536 1107 1588 οὕτως.
1168 1543 1222 1580 Μ.
1246 1541 1387 1595 copula
1410 1549 1562 1582 carent.

359 1594 450 1650 147.
474 1595 528 1634 Α.
557 1610 598 1650 7.
636 1594 729 1649 [251
751 1626 761 1644 ‚
785 1595 845 1650 9.]
874 1596 1112 1645 καθέζεται.
1169 1598 1275 1635 Mira
1306 1598 1427 1636 dictio
1462 1595 1486 1648 ἡ
1525 1593 1713 1648 κὰθεδρα

272 1649 492 1699 καθέζεται
523 1664 598 1703 pro
618 1648 786 1690 ἵσταται
803 1682 816 1701 ,
845 1649 1039 1690 καθίεται
1056 1682 1068 1701 ,
1092 1651 1390 1704 κατατίθεταις
1420 1651 1502 1701 vel,
1525 1652 1558 1690 si
1589 1649 1716 1690 καθέ-

275 1704 392 1755 ζεται
426 1704 542 1744 malis
585 1705 636 1744 ad
684 1705 945 1745 silentiarium
989 1707 1138 1746 referre
1157 1736 1168 1756 ‚
1216 1707 1362 1745 debent
1409 1706 1532 1745 verba
1596 1700 1623 1756 ἦ
1670 1704 1717 1744 δὲ

274 1757 462 1813 κάθεδρα
498 1762 554 1799 sic
601 1761 750 1814 accipi:
791 1771 977 1816 quantum
1020 1771 1146 1801 autem
1178 1761 1236 1800 ad
1267 1763 1395 1800 sedem
1437 1761 1647 1801 silentiarii
1674 1761 1717 1798 in

273 1816 456 1855 convivio
489 1817 647 1864 attinet,
679 1816 784 1855 sedet
803 1818 871 1855 ille
895 1815 1112 1866 ι’σοτιζιιως,
1142 1817 1279 1855 eadem
1303 1818 1344 1856 in
1369 1817 1478 1855 linea
1493 1846 1504 1864 ,
1546 1828 1615 1854 seu
1659 1813 1719 1853 al-

273 1870 446 1909 titudine
469 1870 589 1909 sellae
609 1901 620 1919 ‚
650 1870 693 1919 ἐξ
717 1867 811 1910 ἴσου
827 1902 839 1922 ‚
869 1885 953 1910 non
982 1871 1189 1910 humilius.

384 1926 438 1965 A.
463 1925 665 1980 10.[251‚
694 1925 780 1980 12.]
817 1926 1054 1978 συνηθείας.
1111 1925 1408 1964 Οοηςιιειιιᾱὺιεε
1452 1931 1491 1964 et
1542 1925 1719 1963 solennia

277 1987 371 2019 sunt
386 1980 601 2029 honoraria
616 2010 627 2030 ‚
658 1981 885 2020 conchiaria
900 2011 911 2028 ‚
933 1981 1077 2020 salaria
1097 1989 1286 2020 consueta
1305 1986 1344 2019 et
1371 1981 1587 2019 constituta
1601 2008 1612 2027 ‚
1633 1979 1719 2017 dari

278 2035 396 2074 iussa.
460 2036 557 2074 Vid.
589 2037 657 2074 Du
676 2036 811 2089 Cange
835 2035 966 2074 Gloss.
993 2037 1064 2074 Gr.
1095 2036 1138 2074 h.
1172 2050 1213 2074 v.
1239 2042 1278 2074 et
1307 2037 1440 2073 Latin.
1480 2049 1523 2073 v.
1561 2048 1718 2072 conszoe-

277 2090 369 2129 tudo
386 2119 398 2140 ‚
437 2090 532 2129 item
552 2105 593 2130 v.
618 2089 826 2141 Σολέμνια
849 2098 888 2130 et
913 2092 1105 2129 solennia.
1162 2085 1373 2142 Συνήθεια
1391 2120 1402 2140 ,
1451 2085 1626 2140 ἐκταγὴ,
1655 2084 1722 2127 ἐκ·

278 2142 496 2196 ταγιατικὰ
515 2175 527 2196 ‚
559 2147 757 2200 sportulae
777 2176 787 2194 ‚
825 2146 1047 2199 significant
1082 2145 1202 2184 idem.
1260 2145 1446 2183 Labbeus
1471 2144 1522 2182 ad
1547 2144 1718 2197 Synops.

282 2198 404 2238 Basil.
434 2215 473 2253 p.
496 2200 564 2254 74.
594 2202 676 2239 sine
700 2201 872 2256 quadam
901 2200 1084 2254 susti-agii
1113 2202 1300 2239 solutione
1327 2202 1530 2254 percipere
1578 2205 1636 2236 est
1670 2197 1722 2235 ad

280 2251 475 2294 honorem
518 2263 557 2294 et
584 2255 796 2308 collegium
829 2255 991 2308 aliquod
1017 2257 1254 2308 provenire,
1282 2256 1436 2293 etiamsi
1465 2266 1538 2307 pro
1556 2252 1722 2291 introitu

281 2307 383 2346 nihil
415 2309 621 2361 solvatur3
667 2311 835 2349 Guther.
872 2326 913 2363 p.
935 2312 1026 2350 502.
1087 2311 1254 2349 Notitias
1289 2310 1431 2348 talium
1466 2306 1721 2347 consuetudi-

283 2375 381 2400 num
418 2363 537 2403 hahet
582 2365 735 2418 aliquas
778 2366 910 2404 Codex
959 2373 1095 2404 noster
1136 2365 1240 2404 libro
1282 2364 1471 2404 secundo.
1527 2362 1721 2400 Notitiam

290 2420 626 2458 consuetudinum
655 2421 842 2473 praefect.
880 2428 1006 2474 praet.
1032 2428 1070 2459 et
1092 2419 1306 2474 sportular.
1328 2419 1433 2458 offic.
1453 2431 1523 2470 per
1548 2416 1724 2455 Africam

283 2468 407 2510 habet
435 2487 456 2510 e
489 2475 623 2513 codice
642 2476 881 2514 lustinianeo
904 2476 1073 2515 Guther.
1100 2475 1253 2528 Ρ.456.
1275 2489 1362 2527 sqq.
1420 2472 1572 2511 Notitia
1593 2481 1722 2523 quan-

282 2526 406 2564 titatis
426 2530 759 2568 consuetudinum
788 2530 840 2568 ab
863 2530 1140 2570 Archontibus
1167 2530 1391 2568 dandarum
1416 2533 1474 2566 est
1502 2526 1541 2563 in
1569 2525 1724 2564 Novell.

283 2579 423 2618 IUSfin·
452 2596 491 2633 p-
516 2585 582 2635 47.
604 2598 664 2636 sq.
722 2586 933 2624 Praeterea
958 2588 999 2624 in
1035 2587 1114 2624 fine
1143 2585 1359 2623 multarum
1396 2581 1725 2620 constitutionum

286 2634 472 2685 additur,
503 2645 698 2690 quantum
727 2639 946 2679 honoratus
971 2655 1042 2693 pro
1075 2638 1265 2679 codicillis
1291 2644 1359 2676 aut
1384 2635 1606 2690 insignibus
1630 2634 1726 2675 dare

283 2688 451 2741 debeat,
474 2698 519 2728 ut
542 2705 583 2744 p.
612 2693 700 2732 118.
737 2708 824 2733 112.
858 2696 927 2734 fin.
960 2695 1023 2735 ed.
1054 2693 1281 2747 Scrimgeri.
