1832 3126
221 210 297 253 AD
337 207 634 253 CONSTANT.
672 207 869 250 PORPH.
911 206 984 248 DE
1025 204 1207 248 cmm.
1245 204 1344 247 ΠΒ.
1384 205 1419 246 1.
1469 204 1546 260 99

108 312 167 354 Δ.
209 311 329 368 1574.
369 313 605 351 intravimus
624 307 830 349 ecclesiam
848 309 1043 347 Graecam
1071 308 1115 346 in
1141 306 1337 346 suburbio
1362 305 1543 353 Galatae,

104 365 352 420 χρυσοπήγη
390 381 414 406 a
445 368 607 406 Graecis
649 365 822 411 dictam,
888 363 960 402 ubi
993 370 1119 403 totam
1151 376 1291 402 eorum
1323 362 1547 415 Liturgiam

106 424 387 476 spectavimus.
462 421 604 461 Stabat
637 418 874 473 Capelianus
898 432 1035 457 coram
1056 417 1182 456 choro
1197 447 1209 467 ,
1249 417 1369 456 dorso
1393 417 1446 456 ad
1470 429 1546 482 po-

104 478 248 531 pulum
286 491 504 528 converso,
533 476 703 516 recitans
741 487 890 527 preces,
910 473 1058 526 quibus
1072 472 1245 526 populus
1266 472 1406 511 crebre
1422 484 1547 523 κυριε

104 531 275 584 ἐλέησον
307 533 512 573 acclamat.
590 531 689 569 Post
714 543 850 583 preces
879 528 1094 581 incipiebat
1130 527 1314 566 sacerdos
1339 541 1421 566 una
1454 541 1547 566 cum

104 587 236 627 tribus
282 586 391 636 aliis,
433 594 473 627 et
512 601 595 626 uno
634 584 830 623 monacho
875 591 1062 633 cantare,
1101 583 1249 636 quibus
1295 582 1548 622 canonarcha

103 656 199 682 cum
225 643 360 695 pueris
397 641 534 696 psaltis
549 671 561 691 ,
582 649 775 694 tanquam
791 638 893 678 alter
910 639 1082 688 chorus,
1107 637 1388 690 respondebat.
1419 637 1549 677 Erant

106 710 202 751 ergo
234 697 317 736 duo
346 697 459 737 velut
488 696 625 746 chori,
665 694 877 734 sacerdotis
905 695 1011 732 intra
1039 692 1219 731 Chorum
1237 721 1249 742 ,
1279 699 1319 730 et
1351 707 1547 731 canonar-

105 751 206 791 chae
239 759 349 792 extra
391 766 508 800 eum,
554 752 726 790 inw‘cem
754 749 1009 788 alternantes.
1068 748 1167 786 Post
1196 761 1243 786 ea
1270 761 1371 800 puer
1393 748 1548 800 praele-

107 807 168 859 git
218 811 371 846 textum
412 821 458 846 ex
483 805 663 860 Epistola
696 803 883 858 Apostoli
923 804 975 842 ad
1015 803 1260 842 Corinthios.
1320 803 1413 852 Quo
1443 803 1547 842 sacto

103 861 326 916 presbyteri
362 876 499 902 omnes
546 861 686 900 habitu
724 858 959 899 sacerdotali
1004 857 1274 912 procedebant
1307 865 1417 896 extra
1450 858 1548 896 cho-

101 930 195 955 rum
211 945 224 967 ,
264 916 338 972 [id
362 923 423 957 est
460 916 663 956 tribunam
681 914 715 969 ,]
763 929 936 968 quorum
968 928 1074 953 unus
1097 913 1275 952 codicem
1299 914 1396 952 novi
1425 919 1547 952 testa-

104 972 234 1010 menti
294 971 387 1027 [vel
425 973 559 1026 potius
606 967 983 1024 Evangelistarum]
1036 976 1227 1008 ornatum
1260 968 1466 1021 gestabat,
1507 974 1548 1007 et

105 1040 227 1079 super
263 1027 459 1079 ambone,
497 1026 629 1067 media
669 1027 710 1064 in
742 1025 906 1064 ecclesia
927 1026 1031 1075 sito,
1059 1031 1100 1063 et
1123 1038 1242 1064 cruce
1264 1023 1397 1077 lignea
1424 1037 1546 1062 orna·-

99 1087 172 1131 to,
211 1081 449 1136 deponebat.
517 1081 765 1135 Repetebant
804 1081 990 1133 deinceps
1020 1079 1202 1118 Chorum
1220 1109 1231 1129 ,
1260 1080 1302 1117 in
1334 1081 1449 1117 cuius
1482 1085 1546 1117 ta·—

102 1135 251 1176 bulatis
272 1167 284 1188 ‚
330 1138 397 1177 vel
419 1137 502 1190 sepi
534 1136 692 1190 lignea,
732 1135 785 1174 ab
807 1150 853 1174 ea
879 1143 1021 1188 parte,
1053 1148 1156 1188 quae
1176 1135 1228 1173 ad
1248 1133 1391 1172 Navim
1419 1134 1546 1186 respi-

101 1192 183 1242 cit,
217 1191 323 1258 picta
360 1193 604 1245 conspicitur
644 1194 775 1244 imago
796 1191 972 1237 Christi,
1010 1203 1104 1228 cum
1128 1190 1384 1242 inscriptione
1408 1185 1432 1227 ὅ
1448 1203 1546 1227 παν·

104 1258 316 1302 τοκρατωρ
331 1277 344 1297 ,
391 1261 527 1287 coram
581 1261 663 1300 qua
693 1260 776 1285 sese
809 1245 1070 1284 inclinabant.
1127 1245 1290 1285 Redditi
1322 1244 1445 1283 choro
1479 1257 1545 1282 sa·-

100 1301 282 1342 cerdotoe
316 1301 390 1342 soli
422 1303 528 1341 intra
559 1316 652 1341 eum
677 1299 889 1340 canebant.
947 1300 1111 1339 Cantica
1133 1300 1202 1339 illa
1229 1300 1399 1339 lectione
1414 1299 1547 1338 Evan-

99 1355 192 1408 gelii
217 1357 467 1397 interstincta
513 1356 800 1396 continuabant
816 1386 827 1406 ‚
864 1358 909 1394 et'
933 1355 1116 1409 liturgiae
1139 1369 1235 1394 suae
1256 1355 1400 1394 ritibus
1423 1355 1545 1393 variis

100 1412 270 1462 peractis
284 1442 296 1463 ‚
347 1413 577 1466 aperiebant
613 1426 751 1451 rursus
769 1411 938 1450 chorum
957 1441 968 1457 ,
1001 1418 1065 1449 ter
1086 1410 1151 1449 vel
1174 1417 1317 1464 quater
1340 1409 1547 1463 agitabant

99 1464 358 1506 thuribulum
373 1497 383 1514 ‚
420 1475 460 1506 et
482 1467 752 1521 procedebant
794 1480 933 1505 omnes
950 1466 1027 1504 hoc
1046 1465 1204 1504 ordine.
1260 1466 1388 1504 Primi
1415 1465 1546 1517 prodi-

102 1518 204 1558 bant
250 1521 333 1560 duo
381 1524 495 1575 pueri
531 1536 623 1560 cum
656 1523 779 1560 cereis
814 1521 1046 1559 ardentibus
1063 1550 1075 1570 ,
1112 1527 1202 1558 tum
1231 1519 1313 1558 duo
1351 1518 1419 1557 alii
1453 1533 1545 1557 cum

103 1576 232 1614 contis
263 1575 378 1614 lauro
422 1578 577 1615 cinctis.
633 1576 867 1627 Exeipiebat
890 1589 957 1613 eos
986 1574 1170 1614 sacerdos
1200 1587 1346 1627 panem
1373 1573 1541 1612 sindone

101 1634 254 1668 tectum
308 1645 447 1684 gerens
496 1645 617 1683 super
654 1631 798 1683 capite.
855 1629 1133 1682 Sequebantur
1167 1629 1390 1668 sacerdotes
1434 1625 1663 1678 duo‚Ed.L-
1680 1627 1724 1661 32

99 1684 247 1738 singuli
284 1686 461 1739 singulos
488 1686 641 1739 calyces
660 1691 836 1738 gerentes
854 1713 866 1735 ,
900 1698 983 1722 non
1005 1691 1197 1736 tanquam
1222 1691 1283 1722 tot
1303 1698 1403 1737 opus
1424 1691 1542 1736 esset,

100 1739 172 1777 sed
207 1741 421 1794 spectaculi
454 1744 495 1780 et'
530 1755 700 1794 pompae
728 1740 870 1793 gratia.
928 1739 1140 1793 Stipabant
1164 1752 1304 1778 eorum
1333 1738 1437 1777 latus
1462 1739 1546 1779 duo

101 1795 251 1846 pueri,
301 1795 447 1849 singuli
496 1810 588 1835 cum
637 1794 804 1848 singulis
838 1794 965 1833 contis
1006 1794 1120 1832 lauro
1161 1795 1324 1843 cinctis,
1370 1807 1544 1846 quorum

99 1862 259 1888 summa
304 1865 398 1904 pars
424 1865 584 1890 crucem
629 1850 826 1890 referebat
841 1879 853 1899 ,
890 1849 1110 1887 nitentibus
1137 1849 1189 1888 ad
1222 1851 1348 1887 instar
1373 1848 1541 1902 speculi.

99 1902 323 1958 Postquam
351 1906 403 1944 ab
440 1907 517 1945 hac
555 1907 805 1959 processione
835 1905 1043 1943 rediissent
1070 1906 1113 1942 in
1143 1904 1310 1942 chorum
1330 1933 1342 1953 ,
1381 1904 1544 1943 claude-

99 1956 203 1998 bant
244 1974 362 2011 eum,
396 1967 443 2000 ut
491 1976 610 2000 nemo
642 1961 779 1999 videre
816 1967 971 2013 posset,
1011 1973 1112 2013 quae
1143 1961 1251 1998 intus
1286 1967 1542 2012 gererentur3

100 2020 145 2053 et
186 2015 398 2067 primarius
429 2017 681 2056 sacerdotum
712 2015 910 2054 clamabat
929 2014 1036 2053 clara
1066 2029 1178 2053 voce:
1209 2011 1382 2064 λάβετε,
1411 2009 1544 2066 φάγεε·

57 2084 59 2086 ·
101 2081 173 2117 τε,
224 2062 349 2117 οὗτός
395 2070 508 2110 ἐστιν
551 2065 674 2122 ἄρτος
709 2093 769 2100 —-
794 2067 916 2109 τοῦτό
959 2069 1073 2108 ἐστιν
1110 2062 1316 2119 αἷμα.--
1370 2068 1542 2107 Seorsim

100 2122 197 2162 inde
242 2125 317 2177 ipsi
353 2126 702 2166 communicabant
736 2127 842 2164 intra
872 2125 1040 2163 chorum
1058 2153 1070 2174 ,
1115 2123 1260 2163 deinde
1292 2124 1540 2162 monstraba-

103 2184 174 2216 tur
195 2179 344 2232 populo
373 2181 485 2234 calyx
501 2211 514 2232 ,
551 2183 621 2235 qui
651 2195 743 2220 eum
764 2195 919 2219 summa
938 2182 1192 2218 veneratione
1209 2178 1539 2232 prosequebatur,

103 2239 145 2271 et
178 2233 291 2273 velut
327 2235 534 2275 adorabat.
603 2237 783 2275 Tandem
806 2235 1049 2289 peragebant
1068 2249 1203 2288 preces
1220 2248 1293 2287 pro
1312 2232 1540 2287 patriarcha

99 2287 270 2327 CPtano
284 2318 296 2338 ,
361 2290 657 2342 Alexandrino,
728 2290 1092 2344 Hierosolymitano
1107 2320 1118 2338 ,
1172 2289 1426 2328 Antiocheno
1441 2318 1453 2339 ,
1500 2295 1540 2327 et

102 2343 289 2383 omnibus
327 2344 491 2399 reliquis
528 2348 735 2400 episcopis.
793 2346 969 2386 Peractis
988 2344 1173 2383 omnibus
1191 2343 1376 2397 precibus
1392 2374 1403 2391 ,
1442 2356 1537 2381 cana-

100 2397 191 2436 ticis
234 2405 275 2437 et
312 2400 629 2451 Communione,
668 2401 918 2455 praelegebat
940 2399 1158 2439 monachus
1183 2399 1350 2451 aliquis,
1385 2399 1538 2452 legatus

100 2453 350 2504 patriarchae
398 2455 640 2495 Antiocheni
655 2485 667 2506 ,
702 2456 907 2510 epistolam
922 2486 933 2505 ,
977 2469 1056 2507 qua
1083 2453 1158 2492 sibi
1199 2454 1286 2492 dari
1321 2453 1539 2506 eleemosy-

103 2520 199 2545 nam
234 2510 415 2562 rogabat.
490 2511 647 2550 Ultimo
671 2512 835 2551 tandem
854 2519 961 2550 totus
981 2517 1115 2547 coetus
1130 2539 1141 2555 ,
1179 2522 1285 2547 unus
1308 2516 1395 2562 post
1412 2509 1536 2547 alium

99 2563 369 2613 procedebant
406 2579 542 2605 versus
586 2566 752 2606 chorum
772 2596 783 2616 ,
821 2567 892 2605 ubi
927 2564 1070 2617 singuli
1098 2564 1269 2602 frustum
1297 2565 1411 2617 panis
1433 2565 1536 2601 acci·-

101 2616 288 2667 piebant,
344 2615 493 2672 ἆγάπη·
526 2621 701 2670 dictum,
766 2621 873 2674 quod
919 2621 1025 2657 nacti
1067 2619 1176 2657 velut
1214 2621 1255 2657 in
1287 2620 1536 2671 processione

102 2670 267 2711 adibant
318 2681 359 2712 ct
400 2676 694 2714 venerabantur
731 2676 985 2714 inclinatione
1019 2675 1195 2726 corporis
1233 2681 1353 2726 atque
1380 2672 1534 2712 oscula-

98 2722 247 2764 bantur
305 2729 533 2782 imagines.'’
599 2732 820 2770 Interiectis
856 2730 942 2768 aliis
978 2731 1183 2767 continuat
1215 2729 1320 2767 idem
1363 2727 1535 2766 Gerlach

102 2778 144 2816 in
166 2778 274 2820 hunc
304 2785 495 2823 modum:
555 2786 762 2836 „Quando
788 2785 956 2824 ministri
984 2783 1168 2823 ecclesiae
1189 2785 1339 2823 intrant
1349 2783 1532 2834 chorum,
