1832 3126
140 202 216 246 ΑΙ)
254 199 554 246 comm.
592 197 792 241 roam.
834 197 906 239 nn
941 195 1124 240 cnam.
1161 197 1262 239 Lm.
1305 198 1338 238 1.
1396 177 1496 235 161

63 304 255 345 Senatum
278 304 383 343 idem
412 301 529 342 nobis
550 314 636 340 esse
659 307 780 353 atque
801 299 1034 338 comitatum
1048 326 1062 348 ‚
1089 311 1220 351 neque
1238 311 1312 337 nos
1333 297 1502 338 fflndem

64 360 197 399 ideam
224 357 423 399 vocabulo
441 362 600 396 senatus
624 355 824 401 tribuere,
866 368 987 406 quam
1012 353 1187 392 habebat
1215 353 1292 392 sub
1317 353 1503 407 Republi-

39 412 111 453 'ca
137 415 320 455 Romana
345 412 477 452 adhuc
505 411 634 450 libera
647 439 659 458 ‚
696 417 766 448 aut
792 409 934 462 primis
957 407 1088 447 tribus
1120 409 1338 448 Caesarum
1365 422 1503 448 saecu·

63 463 128 508 lis.
184 467 330 508 Maluit
347 466 580 507 Anastasius
603 477 743 504 vocem
768 465 895 517 ipsam
918 476 1101 517 graecam
1123 464 1296 502 retinere
1311 494 1322 512 ,
1359 477 1502 516 quam-

63 526 124 563 vis
149 523 303 564 librarii
321 536 411 562 eam
440 520 766 566 obscuraverint,
810 519 975 569 inclytos
1002 531 1078 571 pro
1106 519 1284 568 synclmze
1323 519 1503 558 scriben-

62 586 123 618 tes
153 579 194 618 in
223 577 456 632 Agathone:
561 583 598 613 st
628 575 723 613 haec
762 574 951 620 Patricii,
1011 572 1145 626 Ypati,
1189 586 1319 612 omnes
1346 575 1505 624 gyne-liti

61 635 318 683 inu-ozenna,
346 638 387 671 et
412 631 456 669 in
541 629 769 668 nstantinoz
830 627 925 667 acm
948 628 1131 682 pawn-iis
1156 636 1197 665 ec
1219 629 1392 667 omnibus
1414 643 1502 678 syn-

61 688 178 727 clitis.
234 687 350 738 Quae
374 684 578 725 Alteserra
598 698 639 738 p.
664 683 734 739 75.
772 681 888 722 affert
912 682 1099 737 vulgatae
1121 682 1295 722 tuendae
1321 682 1499 734 lectionI,

61 755 145 782 non
166 741 383 783 sufficiunt.

1316 802 1337 825 ἶ

169 842 224 882 D.
244 841 288 897 3.
309 840 401 908 [652
429 840 516 897 14.]
546 833 749 886 πεσόντες.
806 838 852 879 In
870 837 1112 880 membranis
1132 845 1193 879 est
1211 835 1361 890 πεσόν,
1391 838 1500 880 unde

62 896 188 938 efficio
215 911 437 938 πεσοντων.

168 950 306 992 D.ult.
319 950 409 1007 [63,
426 949 517 1004 an]
550 946 716 990 ἅπαντα
748 946 801 990 τὰ
836 945 968 991 αἴσια.
1025 948 1172 989 Omnes
1197 951 1294 989 rittcs
1318 948 1416 988 laeti
1444 951 1500 989 si·

62 1008 145 1047 mul
168 1017 207 1048 et
229 1006 425 1056 solennes,
473 1007 608 1046 omnia
635 1007 761 1054 laeta,
809 1003 1020 1060 splendida
1044 1014 1083 1044 et
1106 1002 1297 1044 solennia.
1356 1006 1502 1045 Graeci

62 1065 156 1103 novi
183 1077 324 1103 vocem
349 1058 485 1109 αἴσιος
514 1075 562 1101 eo
589 1062 809 1114 significatu
839 1060 1031 1099 adhibent
1046 1090 1058 1111 ,
1103 1066 1150 1098 ut
1185 1056 1314 1099 αἴσιοι
1340 1057 1501 1111 ἡμέραι

62 1118 169 1172 apud
194 1116 432 1171 Theophan.
462 1130 504 1170 p.
529 1130 624 1171 209.
656 1117 703 1156 C.
722 1115 798 1155 ult.
828 1129 901 1168 pro
927 1114 1013 1153 dies
1039 1115 1227 1154 solennes.
1287 1113 1406 1153 Conf.
1427 1114 1498 1154 No·

60 1174 133 1212 stri
169 1187 212 1227 p.
248 1171 339 1212 165.
362 1173 411 1211 Β.
434 1171 478 1222 4.
509 1170 600 1222 184.
632 1173 680 1211 Β.
705 1172 774 1217 3.,
818 1171 888 1209 ubi
926 1173 1060 1208 ποιεῖν
1093 1165 1139 1208 τὰ
1175 1166 1312 1208 αἴσιον
1343 1177 1402 1209 cst
1426 1185 1500 1210 vo-

61 1234 142 1268 tum
168 1228 272 1267 illud
298 1227 452 1267 dicere.-
483 1222 616 1274 αἴσιος
631 1223 815 1278 γενέσθω
840 1218 948 1276 αὕτη
972 1220 998 1276 ἧ
1025 1220 1162 1277 ῆμέρα
1173 1255 1186 1274 ‚
1200 1222 1322 1276 filix
1347 1227 1499 1277 etfim-

60 1292 121 1322 sta
146 1280 198 1322 sit
221 1283 336 1376 haec-h
345 1282 452 1332 dies,
490 1294 564 1335 pro
594 1295 676 1335 quo
710 1280 910 1321 σωλέννια
947 1293 1110 1334 quoque
1142 1279 1343 1319 dixerunt.
1399 1281 1499 1321 vid.

63 1338 129 1376 Du
157 1337 240 1376 Can
268 1351 291 1376 e
341 1363 351 1376 .
381 1351 424 1376 v.

118 1393 187 1446 39.
200 1352 414 1446 Aigt.[63,
436 1387 527 1445 zm]
566 1390 612 1432 ἒν
644 1387 698 1446 τῇ
733 1385 915 1430 καθόλου
947 1384 1206 1440 προελεύσει.
1259 1386 1335 1428 llla
1365 1390 1501 1443 itaque

64 1446 115 1486 de
145 1449 398 1500 processione
434 1447 478 1486 in
507 1448 607 1486 sesto
645 1446 770 1486 natali
798 1444 946 1484 Christi
981 1444 1056 1483 fuit
1087 1452 1281 1497 tanquam
1313 1443 1501 1496 gencrale

63 1501 228 1554 aliquod
261 1501 421 1541 schema
449 1501 516 1541 vel
545 1501 804 1541 simulacrum
829 1501 1129 1553 processionum
1162 1501 1342 1537 omnium
1357 1527 1368 1547 ,
1401 1512 1501 1551 quas

64 1553 248 1608 deinceps
269 1569 342 1609 per
364 1554 541 1609 singulos
567 1556 687 1595 festos
715 1555 800 1594 dies
823 1556 992 1593 maiores
1014 1555 1266 1606 minoresque
1295 1555 1501 1607 persequi-

63 1617 156 1660 tur,
179 1611 242 1649 *in
270 1624 443 1664 quarum
479 1612 730 1650 enarratione
763 1609 891 1648 multa
923 1609 1231 1662 praesupponit,
1268 1612 1316 1646 ut
1350 1621 1396 1646 ex
1431 1607 1499 1647 illa

66 1665 242 1718 generali
269 1666 348 1704 iam
377 1672 537 1705 nota·et
562 1666 656 1704 inde
679 1664 910 1718 repetenda.

174 1718 229 1759 A.
249 1720 287 1760 5.
308 1719 397 1775 [64
419 1719 483 1774 2.]
510 1719 550 1760 εἰ
571 1716 631 1772 μή
660 1716 795 1769 μόνον,
825 1717 909 1756 Sed
933 1725 1095 1757 tantum.
1129 1716 1206 1756 Est
1223 1728 1351 1756 novae
1372 1717 1499 1757 Grae-

65 1777 151 1815 ciae
179 1777 385 1815 usitatum.
443 1775 541 1815 Vid.
572 1774 811 1827 Theophan.
844 1787 936 1826 pag.
966 1773 1055 1811 135.
1086 1772 1142 1811 A.
1170 1785 1232 1810 ιο.
1266 1773 1358 1813 153.
1382 1772 1429 1811 C.
1455 1774 1497 1813 5.

64 1829 219 1870 Dicunt
249 1842 410 1884 quoque
448 1829 491 1870 εἷ
523 1825 582 1882 μή
625 1844 699 1882 pro
730 1829 815 1868 sed.
870 1825 1110 1880 Theophan.
1142 1841 1183 1879 p.
1213 1825 1308 1876 348.
1343 1827 1399 1865 D.
1424 1827 1495 1866 fin.

67 1884 202 1924 Habet
226 1885 308 1939 ipse
327 1887 408 1925 iam
427 1884 715 1936 Aristophanes
744 1881 902 1922 Avibus
932 1896 971 1921 v.
1005 1882 1139 1929 1680„
1180 1881 1250 1919 ubi
1270 1881 1347 1934 leg,
1381 1880 1422 1920 εἰ
1438 1881 1498 1935 μὴ

66 1937 246 1990 βαβάζει
274 1941 313 1992 γ’
341 1947 413 1980 aut
449 1939 491 1980 εἰ
508 1937 571 1993 μή
598 1937 819 1990 βαβακίζει
842 1934 877 1990 γ’
907 1937 979 1976 sed
1004 1946 1152 1976 tannem
1178 1945 1347 1988 nugatur
1374 1946 1411 1974 et
1436 1939 1500 1975 in-

66 1995 275 2040 articulata
307 1995 480 2051 loquitw·
507 2005 551 2035 uc
581 1994 823 2033 hirundines.
880 1992 1065 2031 Palladas
1096 1993 1138 2030 in
1171 1988 1417 2044 Anthologia
1446 1992 1495 2030 L.

59 2047 159 2091 VII.
194 2064 238 2102 p.
261 2050 359 2100 466.
387 2065 410 2090 c
434 2051 532 2089 fin.:
565 2048 605 2088 εἰ
625 2045 683 2101 μή
711 2044 790 2094 τὰς
813 2042 971 2100 πόρνας
995 2044 1335 2098 παραπέμπεται,
1362 2060 1500 2086 verum

68 2103 160 2154 (vel
185 2106 318 2159 atqui)
351 2107 567 2145 meretrices
587 2105 794 2159 praeterit.
852 2102 1002 2141 Imitati
1029 2102 1190 2140 fuerunt
1216 2098 1348 2138 Latini
1376 2102 1497 2151 novi,

67 2161 147 2198 nisi
169 2168 316 2198 tantum
342 2174 416 2213 pro
438 2160 510 2199 sed.
526 2168 674 2200 tantum
691 2159 882 2198 dicentes.
918 2158 1085 2196 Ioannes
1104 2157 1306 2193 Diaconus
1322 2155 1364 2193 in
1378 2155 1500 2195 Chro-

67 2214 160 2263 nico
182 2212 447 2267 Neapolitano
474 2215 580 2268 apud
601 2215 800 2253 Murator.
829 2213 882 2251 T.
907 2213 942 2252 1.
969 2210 1055 2251 Scr.
1081 2211 1175 2249 Rer.
1194 2209 1282 2248 Ital.
1307 2223 1350 2262 p.
1374 2210 1497 2264 294*

70 2267 153 2307 Hic
174 2268 385 2318 constituit,
426 2278 468 2309 ut
490 2269 722 2325 sacrficium
755 2266 894 2308 altaris
916 2282 993 2306 non
1018 2267 1061 2305 in
1081 2265 1226 2312 serico,
1257 2278 1326 2302 nec
1347 2263 1388 2303 in
1398 2280 1498 2320 pan-

69 2337 122 2363 no
150 2324 290 2372 tincto,
330 2325 408 2363 nisi
436 2333 584 2364 tantum
611 2325 654 2363 in
687 2325 803 2362 linteo
838 2332 944 2361 terra
978 2329 1185 2377 procreato
1224 2318 1494 2360 celebraretur.

70 2373 206 2417 Etiam
229 2379 308 2417 nisi
327 2379 456 2418 solum
482 2393 556 2432 pro
584 2380 655 2418 sed
679 2379 940 2432 usurpabant.
997 2376 1094 2415 Vid.
1116 2376 1182 2413 Du
1203 2374 1338 2426 Gange
1358 2389 1400 2413 v.
1427 2375 1498 2415 Ni⁶

70 2433 107 2470 si
119 2461 133 2484 ‚
167 2440 208 2472 et
233 2435 311 2472 nisi
337 2435 445 2488 quod
469 2435 587 2473 etiam
613 2448 687 2487 pro
717 2434 788 2473 sed
811 2434 930 2472 etiam
963 2431 1086 2471 habet
1108 2427 1355 2483 Capitolinus
1382 2430 1425 2469 in
1442 2431 1498 2470 vi-

69 2493 112 2526 ta
139 2486 201 2526 Μ.
226 2489 420 2528 Antonini
447 2487 672 2556 philosophi
697 2501 739 2542 p.
765 2488 858 2542 559.
1269 2534 1272 2537 Ι

179 2542 233 2582 Α.
254 2543 295 2583 6.
317 2542 408 2597 [64,
431 2542 494 2598 3.]
530 2557 729 2596 πραττων.
764 2545 822 2582 M.
851 2536 1125 2594 πράττοντες,
1167 2538 1274 2593 quod
1307 2534 1411 2579 redit
1446 2536 1499 2580 ad

73 2599 250 2662 superius
272 2596 464 2663 δέξονται
493 2612 599 2640 vers.
623 2601 691 2664 ξμς
710 2597 903 2650 δέχονται
930 2593 968 2635 οἱ
993 2596 1067 2635 τοῦ
1094 2592 1248 2648 μέρους
1274 2594 1356 2634 τῶν
1381 2594 1498 2646 fieri-

72 2664 161 2748 ‘ml
179 2667 236 2746 g?
256 2666 657 2762 {lgaffizrtxssgfffffizv
671 2668 744 2760 ἷὲς
775 2702 952 2757 πλαγίας
978 2704 1053 2744 τοῦ
1077 2696 1278 2754 ὅμβωνος.
1302 2754 1306 2757 ἢ
1332 2702 1500 2743 Praeter

74 2760 173 2800 latus
207 2763 381 2802 ambonis
410 2765 613 2817 praeterit.
672 2764 734 2802 Ita
762 2761 892 2801 stabat
923 2760 1041 2800 ambo
1067 2761 1109 2799 in
1141 2759 1272 2798 medio
1295 2758 1380 2798 Nao
1395 2786 1411 2812 ,-
1451 2763 1498 2800 ut

124 2827 382 2870 Constantinus
405 2827 581 2875 Porphyr.
617 2829 690 2863 Vol.
714 2824 759 2862 Π.
1198 2830 1233 2858 11
