1826 3126
213 216 289 258 An
327 214 624 258 CONSTANT.
666 211 862 256 PORPH.
902 215 974 255 nr,
1009 213 1189 256 cmm.
1227 213 1325 254 un.
1366 214 1399 253 1.
1479 194 1556 266 69

115 312 224 369 apud
250 313 444 354 Photium
469 313 513 351 in
539 310 788 351 Bibliotheca
813 324 855 365 p.
887 310 976 374 196.
999 310 1068 362 4:
1096 310 1338 365 Ἰοβιγιανός
1359 310 1561 367 πρεσβεύ.

113 383 193 416 σας
218 366 416 415 πολλάκις
434 389 457 398 -
474 389 496 398 -
515 365 736 416 καταμένει
762 363 872 417 πρός
914 366 1108 409 Artaxer
1151 369 1225 425 [id
1253 376 1312 410 est
1337 368 1441 420 παρ’
1468 369 1560 408 Ἀτ-

112 422 258 479 τάλῳ]
304 421 520 474 πατρίκιος
554 416 753 461 Ἀττάλου
795 418 1069 474 ὄνομασθείς,
1112 425 1156 464 id
1195 431 1255 463 est
1293 425 1555 464 mnsz’lian‘us.

112 481 236 519 Recte
276 477 447 532 proinde
484 475 619 516 Ducas
658 475 841 515 Patriciis
878 476 1065 518 Weziros
1103 479 1333 518 Turcarum
1377 479 1558 530 confert,

113 534 268 573 Histor.
299 547 337 572 c.
361 546 456 572 am:
478 531 771 584 προσκαλεῖται
796 528 869 570 τὸν
887 533 1053 583 πρῶτον
1077 533 1160 573 τῶν
1186 529 1451 584 μεγιστάνων
1480 531 1560 573 αὖ·

110 588 211 639 τοῦ,
251 582 300 627 ὃν
325 582 518 639 ,Βεζύρην
556 581 664 624 κατὰ
691 580 766 636 τὴν
795 583 935 624 αὐτῶν
969 589 1145 627 καλοῦσι
1172 588 1393 640 γλῶσσαν,
1439 583 1489 628 ὃν
1518 583 1559 627 οἶ

107 639 309 694 Ῥωμαῖοι
335 638 555 694 πατρίκιον
581 639 655 678 καί
680 635 938 688 Μεσάζοντα
967 643 1147 693 λέγουσι.
1188 643 1306 682 Conf.
1331 642 1554 696 Antholog.

113 698 167 738 H.
201 697 341 750 steph.
370 698 413 736 in
445 697 621 734 camnine
662 686 782 740 οὗτος
807 720 809 723 ⁴
830 692 852 734 ὅ
890 694 1106 748 κοσμήσας
1143 711 1185 751 p.
1222 711 1317 751 299.
1376 698 1424 736 In
1451 698 1554 737 Cod.

111 752 392 792 Theodosiano
429 750 618 804 praefecti
659 752 860 804 practorio
889 757 928 788 et
955 751 1128 792 illustres
1166 751 1234 791 alii
1262 766 1448 806 proceres
1474 767 1557 791 nou

30 821 35 825 ·
110 815 268 847 tantum
283 808 437 860 smtris
462 807 626 845 nomine
651 805 703 844 ab
731 806 861 859 Impp.
885 807 1182 860 compellantur
1208 807 1340 859 (unde
1367 807 1436 846 illa
1458 808 1557 861 sigla

109 862 161 901 F.
191 862 245 902 A.
270 864 412 916 frater
436 862 533 912 ave)
573 862 668 900 item
687 863 845 914 fratres
870 863 1064 902 carissisni
1089 872 1128 902 et
1153 863 1415 902 amantissimi
1425 892 1437 912 ‚
1485 863 1555 901 sed

110 919 231 957 etiam
255 925 415 972 patre-³3
444 929 486 955 v.
514 916 685 955 Guther.
721 917 773 956 de
787 916 871 956 Off.
892 917 1016 957 Dom.
1052 917 1160 971 Aug.
1189 932 1231 971 p.
1265 918 1360 957 313.
1389 924 1430 956 et
1457 916 1552 968 465.

113 979 154 1011 et
178 971 341 1026 Negelin
377 973 421 1011 in
458 971 553 1010 diss.
586 971 637 1010 de
670 971 861 1026 diptycho
889 972 1225 1026 Norimbergeusi.
1285 971 1342 1012 At
1378 973 1478 1026 quid
1504 971 1557 1011 dc

111 1027 294 1067 cedreno
319 1027 601 1078 statuendum,
630 1029 699 1079 qui
726 1041 769 1080 p.
794 1026 889 1081 595.
921 1028 975 1066 D.
1007 1028 1058 1067 de
1085 1029 1221 1067 Leone
1241 1026 1427 1081 Sapiente
1455 1027 1556 1066 Con·

110 1083 272 1121 stantini
301 1083 430 1122 nostri
468 1089 582 1134 patre
606 1089 746 1121 narrat
772 1096 865 1121 eum
902 1085 1079 1136 primum
1116 1081 1281 1122 titulum
1319 1081 1397 1122 τοῦ
1430 1082 1557 1132 βασι-

109 1133 356 1190 λεοπάτορος
382 1139 598 1177 instituisse
614 1165 627 1188 ‚
657 1150 829 1191 eumque
857 1137 1056 1177 Tzautzae
1083 1151 1221 1178 socero
1241 1150 1315 1177 suo
1340 1137 1553 1187 tribuisse3

109 1206 241 1245 quum>
269 1198 404 1232 tamen
434 1194 469 1232 is
494 1194 579 1245 ipse
606 1205 651 1245 p.
677 1192 774 1246 327.
804 1191 859 1231 A.
903 1193 1045 1232 dixerit
1071 1192 1344 1232 Theodosium
1372 1193 1430 1230 M.
1463 1190 1555 1230 filiis

109 1249 192 1287 suis
222 1248 404 1287 Honorio
432 1255 472 1287 et
492 1247 669 1286 Arcadio
695 1247 932 1300 praefecisse
958 1248 1173 1287 Arsenium
1187 1278 1200 1299 ‚
1227 1245 1553 1287 ornatumtitulo

108 1301 185 1340 τοῦ
214 1299 601 1355 Βασιλεοπάτορος;
665 1303 750 1342 vid.
781 1302 950 1342 Dissert.
982 1302 1035 1342 cl.
1066 1303 1218 1343 Leichii
1246 1302 1298 1342 de
1324 1302 1557 1341 Constanti-

110 1369 189 1408 no,
226 1357 323 1396 huic
358 1359 469 1411 operi
501 1359 762 1410 praemissam
790 1372 827 1397 c.
850 1358 889 1397 5.
949 1357 1108 1398 Scilicet
1144 1359 1378 1411 anticipavit
1404 1356 1555 1395 Cedre-

110 1425 187 1451 nus
211 1418 409 1467 tempora.
465 1411 563 1452 Fuit
591 1412 754 1465 quidem
772 1425 872 1452 aevo
890 1412 1108 1453 Theodosii
1136 1414 1177 1452 in
1198 1426 1273 1451 usu
1300 1425 1389 1451 mos
1414 1425 1555 1450 omnes

110 1467 299 1519 patricios
325 1482 395 1507 seu
422 1467 669 1507 consiliarios
696 1468 847 1507 aulicos
867 1477 1005 1523 patres
1030 1468 1287 1523 Imperatoris
1315 1467 1484 1515 Latine,
1513 1473 1554 1504 et

112 1523 265 1561 Graece
292 1520 478 1574 πατέρας
501 1522 578 1561 τοῦ
601 1521 807 1572 βασιλέως
825 1521 1051 1576 appellandi
1066 1552 1078 1572 ‚
1109 1529 1150 1561 at
1166 1535 1313 1561 nomen
1331 1521 1432 1560 illud
1449 1534 1554 1559 eom-

110 1578 287 1629 positum
323 1571 639 1629 βασιλεοπὰτωρ
655 1605 668 1627 ,
711 1585 752 1616 et
787 1584 871 1615 tota
909 1577 1017 1616 illius
1057 1577 1260 1628 diguitatis
1297 1577 1402 1614 ratio
1430 1574 1555 1614 solius

110 1632 257 1671 Leonis
282 1633 492 1670 inventum
510 1660 522 1681 ‚
555 1638 595 1669 et
621 1631 913 1685 antiquioribus
939 1631 1186 1684 temporibus
1205 1633 1340 1684 ignota
1366 1643 1431 1668 res
1459 1629 1550 1680 fuit,

110 1693 157 1725 ut
175 1685 327 1739 patebit
344 1700 390 1725 ex
419 1687 468 1724 iis
481 1715 493 1735 ‚
519 1699 623 1739 quae
635 1686 687 1725 ad
705 1700 748 1739 p.
761 1687 859 1736 415.
875 1686 930 1724 A.
943 1686 1020 1725 ult.
1037 1686 1234 1724 dicentur.
1266 1687 1381 1735 Quae
1392 1685 1555 1723 Goarus

111 1741 164 1780 ad
192 1741 337 1780 Codin.
373 1740 424 1780 de
446 1739 567 1780 Offic.
598 1755 642 1794 p.
674 1754 743 1793 29.
773 1755 816 1780 n.
839 1740 908 1780 56.
939 1740 990 1780 de
1020 1742 1123 1779 Tata
1157 1754 1227 1779 seu
1258 1747 1373 1793 patre
1406 1739 1548 1790 aulae,

201 1798 377 1835 eriorum
396 1802 570 1835 aetatum
591 1797 798 1850 dignitate,
828 1795 977 1846 attulit,
1005 1809 1087 1834 non
1107 1795 1339 1834 exscribam.
1397 1794 1551 1848 *[Pau-

109 1850 173 1890 lus
197 1851 320 1891 Pater
348 1851 632 1904 Imperatoris,
671 1851 708 1890 F
708 1850 890 1904 redegar.
925 1864 967 1903 p.
998 1850 1094 1889 206.
1151 1851 1279 1889 Marie
1304 1849 1451 1888 Stuard
1478 1863 1550 1887 en-

110 1919 216 1959 voya
246 1920 296 1945 en
314 1906 463 1946 Ecosse
486 1920 592 1959 pour
620 1908 806 1960 negocier
837 1919 909 1944 son
934 1904 1249 1944 retablissement
1275 1904 1438 1956 lacques
1465 1904 1551 1942 Ha-

109 1961 281 2012 milton‚
317 1961 417 2000 chef
440 1961 492 2000 de
519 1976 562 2000 sa
590 1962 770 2010 maison,
798 1959 839 2000 la
866 1959 957 2014 plus
992 1960 1146 1999 illustre
1177 1959 1217 1998 d’
1238 1959 1400 1998 Ecosse.
1459 1958 1552 1997 Elle

109 2015 181 2069 luy
198 2016 333 2056 donna
355 2015 393 2055 le
411 2017 506 2055 titre
525 2017 575 2056 de
594 2031 668 2056 son
688 2018 926 2056 Lieutenant
954 2014 1113 2069 general
1145 2013 1244 2053 dans
1275 2013 1314 2053 le
1337 2027 1546 2066 royaume‚

51 2078 54 2079 ’
109 2078 152 2110 et
181 2070 207 2110 l'
228 2071 374 2124 adopta
403 2085 507 2124 pour
524 2086 596 2111 son
616 2086 712 2125 pere
728 2101 741 2122 ‚
769 2071 861 2109 titre
885 2084 1070 2110 nouveau
1088 2099 1100 2118 ‚
1130 2077 1289 2122 excepte
1310 2068 1411 2107 dans
1434 2067 1460 2107 l‘
1481 2082 1552 2107 an-

109 2126 198 2164 cien
228 2133 344 2165 tems.
404 2127 563 2166 Pitaval
586 2127 753 2166 Causses
774 2126 951 2165 Illustres
980 2126 1033 2164 T.
1058 2124 1129 2163 IX.
1161 2138 1254 2177 pag.
1285 2137 1374 2177 ¹¹79·
1431 2123 1547 2176 Syra-

109 2193 281 2219 cusanae
306 2180 419 2231 urbis
438 2182 659 2234 praefectus
682 2190 775 2221 ante
798 2180 1014 2220 Saracenos
1045 2180 1243 2219 Patricius
1267 2176 1548 2228 vocabatur.]*

109 2233 160 2274 ld
182 2242 243 2274 est
261 2243 521 2288 procurator,
552 2244 684 2276 rector
712 2237 910 2285 vicarius3
941 2235 1024 2274 vid.
1046 2234 1097 2273 ad
1123 2249 1164 2287 p.
1194 2232 1284 2285 154.
1321 2233 1368 2272 C.
1398 2246 1462 2271 ιο.
1489 2232 1548 2270 di-

109 2289 252 2329 cenda.
293 2290 353 2329 Ita
378 2291 591 2343 πατρίκιος
614 2289 819 2345 Ἀφρικῆς
843 2289 950 2343 apud
973 2289 1208 2342 Theophan.
1237 2302 1327 2342 pag.
1353 2286 1447 2326 235.
1468 2286 1545 2336 A.,

109 2343 326 2397 πατρίκιος
362 2344 436 2395 τῆς
473 2345 665 2397 Λαζεκῆς
701 2343 774 2384 καί
799 2343 1065 2397 Βαρνουκίου
1095 2358 1186 2397 pag.
1210 2344 1305 2397 509.
1334 2343 1380 2381 Β.
1438 2339 1544 2395 *[Ιιι

109 2397 213 2438 libro
241 2399 388 2438 diurno
420 2407 544 2438 exstat
569 2401 620 2439 ad
641 2401 859 2439 Patricium
878 2401 1107 2453 provinciae
1127 2397 1292 2451 epistola
1306 2427 1318 2447 ,
1346 2409 1427 2450 qua
1446 2397 1543 2435 Gar-

107 2455 243 2492 uerius
273 2454 370 2493 dicit
399 2454 565 2507 intelligi
593 2462 662 2494 aut
682 2455 927 2508 praefectum
956 2455 1189 2507 provinciae
1215 2467 1239 2492 a
1270 2453 1435 2491 CPtano
1461 2451 1544 2489 Im-

108 2515 292 2561 peratore
316 2510 359 2547 in
375 2509 621 2548 occidentem
652 2513 817 2549 missum
832 2539 843 2559 ‚
872 2516 941 2548 aut
967 2523 1058 2547 eum
1074 2539 1086 2558 ‚
1115 2510 1186 2561 qui
1203 2522 1230 2547 a
1250 2506 1405 2546 Galliae
1433 2507 1544 2559 Rege

110 2564 163 2601 sit
192 2563 396 2616 ablegatus
424 2577 466 2616 p.
506 2577 593 2618 107.
652 2565 699 2604 In
736 2565 934 2603 Chronico
972 2563 1164 2601 Vultum.
1198 2562 1304 2616 apud
1338 2564 1538 2600 Murator.

109 2616 160 2655 T.
191 2616 223 2655 I.
260 2617 346 2657 Ser.
379 2618 468 2656 Ital.
499 2633 590 2672 pag.
616 2618 713 2670 425.
746 2619 916 2658 habetur
942 2618 1041 2656 haec
1066 2617 1260 2657 formula:
1305 2616 1358 2655 In
1385 2617 1542 2654 nomine

111 2670 194 2710 Dei
222 2675 348 2711 nostri
372 2672 411 2710 I.
444 2674 489 2712 C.
520 2688 625 2713 anno
652 2676 811 2728 imperii
831 2673 916 2711 Dn.
946 2674 1073 2711 nostri
1098 2673 1340 2712 Cbnstantz'ni
1366 2670 1472 2710 VII.
1503 2678 1544 2708 et

114 2725 169 2764 V.
206 2740 310 2766 anno
346 2729 576 2781 patriciatus
610 2730 762 2768 domini
800 2729 924 2766 nostri
959 2727 1166 2782 Landulfi,
1212 2742 1282 2767 nec
1307 2740 1386 2765 non
1412 2735 1451 2764 et
1478 2724 1536 2763 V.

112 2793 214 2820 amm
229 2781 381 2821 domim·
396 2784 519 2822 nostri
535 2783 773 2838 Athenulpki
786 2783 979 2837 principis
993 2804 1013 2812 -
1026 2805 1046 2813 -
1061 2789 1100 2822 et
1117 2796 1158 2836 p.
1181 2781 1276 2836 417.
1292 2786 1542 2821 memoratur
