1884 3132
281 93 404 147 630
502 109 505 111 ·
564 110 637 150 10.
679 108 784 150 1Αο.
826 110 1023 150 Rsslsxu
1067 107 1447 149 COMMENTARH

283 227 361 266 qua
390 227 509 267 supra
538 213 618 252 dixi
648 215 690 252 in
727 212 870 251 ritibus
897 213 1175 251 Coronationis
1197 212 1488 265 Augustorum,
1516 220 1562 252 et
1579 212 1727 264 Noster

282 282 322 320 p.
345 269 438 307 522.
460 270 506 307 B.
537 283 593 307 10.
627 269 829 307 admonet.
889 268 1027 306 Potest
1059 274 1195 306 tamen
1222 281 1339 306 sensu
1359 266 1558 306 ordinario
1586 267 1636 306 de
1660 270 1725 306 in-

284 322 368 361 sula
386 324 523 362 induta
541 325 682 376 accipi,
710 337 830 376 quam
847 323 1109 375 Imperatores
1122 325 1163 361 in
1181 323 1358 375 ingressu
1381 323 1422 359 in
1438 321 1642 362 ecclesiam
1656 322 1728 372 de-

286 379 516 430 ponebant,
547 380 590 417 in
622 379 730 417 exitu
755 392 894 416 rursus
924 379 965 415 in
996 378 1122 430 capite
1155 377 1415 429 reponebant.
1675 401 1677 403 ·

371 433 470 472 525.
495 435 541 473 C.
562 432 635 472 ult.
665 433 775 487 [563‚
805 431 884 484 18.]
926 430 1247 483 κραματίζουσι.
1302 431 1466 484 Saepius
1495 429 1572 470 hoc
1597 431 1638 470 in
1661 445 1730 470 co-

287 488 376 526 dice
405 487 482 526 τοῦ
511 483 720 541 κράματος
751 485 824 526 καί
848 486 922 526 τοῦ
952 485 1220 538 κραματιζειν
1249 486 1292 524 fit
1326 487 1491 524 mentio.
1549 486 1625 524 Est
1655 500 1728 525 au·

287 549 367 581 tem
387 540 529 595 κράμα
570 550 611 581 et
637 544 806 581 mioeczmz
844 542 1108 588 deieiunatiO,
1151 540 1424 590 ientaculum,
1463 547 1503 579 et
1529 542 1729 592 mixture,

288 596 556 649 κραματίζειν
575 626 586 646 ,
616 597 873 646 deieiunare3
903 596 984 636 vid.
1011 597 1076 633 Du
1091 597 1222 650 Gange
1238 610 1279 634 v.
1306 596 1506 643 Mixtum,
1535 594 1607 633 uhi
1626 595 1732 634 mul-

288 659 329 690 ta
366 652 485 690 huius
507 652 805 705 significationis
834 650 1013 704 exempla
1032 650 1179 689 attulit.
1238 650 1428 690 Solebant
1454 663 1598 702 nempe
1614 651 1734 689 Grae-

289 709 335 744 ci*
360 708 481 745 ieiuni
525 707 576 745 ad
609 706 916 745 celebrationem
954 706 1080 744 divini
1116 705 1245 744 cultus
1279 713 1318 745 et
1356 707 1498 744 missae
1522 706 1733 758 praecipue

289 761 506 813 accederet,
551 764 644 815 quia
685 762 820 800 cibum
862 768 1022 814 gustare
1059 768 1151 799 ante
1200 767 1372 799 sumtam
1411 761 1733 799 communionem

290 831 364 868 pro
395 830 538 869 magno
578 818 744 855 crimine
782 816 947 855 habent.
1016 815 1073 854 Ne
1112 815 1233 867 igitur
1275 817 1394 854 nimis
1421 815 1491 853 diu
1519 814 1735 854 ieiunando

290 886 373 910 sese
403 872 569 924 fatigent
590 902 600 918 ,
633 871 777 920 solent,
807 879 1020 923 antequam
1049 884 1092 909 ex
1123 870 1285 909 ecclesia
1312 870 1528 919 decedant,
1557 868 1734 908 bucellas

289 927 403 978 panis
445 926 598 979 aliquot
639 934 677 964 et
704 928 787 965 vini
826 926 1018 979 poculum
1037 957 1048 975 ‚
1096 939 1164 963 seu
1195 925 1326 974 meri,
1367 939 1435 963 seu
1465 938 1567 977 aqua
1595 925 1732 973 mixti,

290 996 359 1019 seu
399 982 645 1019 aromatibus
665 1011 676 1030 ,
718 995 819 1033 quae
848 981 980 1019 Latini
1021 981 1221 1031 sequiores
1243 982 1445 1034 pigmenta
1479 977 1735 1031 appellabant

292 1039 349 1086 (v.
382 1037 447 1074 Du
477 1036 609 1088 Gange
642 1036 684 1073 h.
712 1040 797 1085 v.),
829 1035 1005 1082 conditi,
1037 1042 1075 1072 et
1105 1035 1258 1073 fructus
1288 1035 1455 1072 horaeos
1482 1041 1602 1086 atque
1642 1032 1734 1071 dul-

292 1091 412 1128 ciaria
441 1092 481 1128 in
514 1092 685 1142 porticus
713 1089 898 1128 ecclesiae
927 1090 1073 1127 inferre
1091 1119 1101 1134 ,
1132 1090 1258 1141 iisque
1287 1103 1368 1128 sese
1396 1088 1557 1127 reficere
1586 1088 1636 1126 ad
1663 1102 1738 1140 po·-

292 1147 386 1183 sitas
415 1145 469 1183 ibi
497 1144 635 1198 longas
663 1145 846 1192 tabulas,
879 1151 1093 1197 antequam
1122 1144 1286 1182 domum
1314 1145 1481 1197 quisque
1510 1156 1625 1182 suam
1652 1143 1734 1182 dis-

293 1200 452 1238 cedant.
524 1200 787 1252 Imperatores
821 1200 990 1248 Graeci,
1031 1212 1156 1251 quum
1197 1198 1328 1236 adhuc
1357 1204 1486 1237 essent
1509 1227 1520 1248 ,
1547 1211 1733 1250 proceres

292 1269 384 1292 suos
412 1256 453 1292 in
481 1256 691 1293 metatorio
734 1268 806 1293 suo
844 1268 913 1300 seu
959 1253 1109 1305 capella
1139 1253 1334 1305 imperiali
1363 1254 1567 1307 proposito
1595 1259 1635 1291 et
1669 1267 1737 1291 ex·-

297 1309 426 1347 hibito
469 1308 548 1347 hoc
594 1311 717 1347 mixto
764 1322 835 1348 seu
862 1307 1060 1347 ientaculo
1097 1308 1341 1360 excipiebant
1362 1337 1374 1358 ,
1421 1314 1460 1347 et
1485 1306 1646 1360 quando
1673 1307 1739 1346 die

296 1363 471 1415 quodam
518 1363 617 1402 festo
663 1364 854 1402 deberent
897 1377 1108 1416 procerum
1151 1362 1304 1415 aliquos
1363 1362 1414 1400 ad
1463 1375 1594 1400 sacras
1640 1375 1739 1414 epu-

295 1417 354 1456 las
381 1418 597 1468 adhibere,
627 1419 798 1457 debebat
826 1425 1006 1471 tempore
1033 1419 1217 1456 cramatis
1259 1417 1479 1456 Ati-iclinus
1504 1417 1745 1469 nominatimvv

298 1472 476 1526 singulos
496 1504 506 1521 ,
538 1487 640 1526 quos
668 1487 801 1512 secum
833 1473 1029 1526 prandere
1058 1479 1128 1510 aut
1156 1487 1324 1511 coenare
1350 1471 1471 1512 vellet
1495 1472 1738 1523 Imperator,

299 1529 471 1566 invitare
489 1557 500 1577 ,
557 1527 625 1566 ut'
650 1542 695 1567 ex
731 1543 773 1580 p.
795 1527 951 1578 421.B.
993 1542 1026 1565 1.
1067 1534 1177 1579 patet
1193 1558 1203 1575 ‚
1246 1527 1315 1566 ubi
1342 1525 1616 1566 memorabilia
1643 1526 1741 1564 haec

298 1582 422 1621 verba
450 1582 665 1635 leguntur:
703 1582 771 1621 δεῖ
791 1579 919 1634 ὑμᾶς,
947 1574 982 1620 ὦ
1011 1581 1138 1634 φίλοι,
1169 1581 1214 1621 ἐν
1239 1582 1289 1635 τῇ
1317 1581 1512 1634 βασιλικῇ
1537 1581 1739 1634 τραπέζᾳ,

299 1638 370 1675 suh
398 1639 515 1689 regiis
550 1639 675 1692 epulis
703 1639 914 1687 emutatis,
961 1636 1034 1675 τοῦ
1059 1634 1268 1686 κράματος
1295 1637 1369 1688 τῆς
1395 1633 1574 1688 μεγάλης
1602 1634 1745 1687 ἐκκλη-

300 1690 394 1737 σίας
424 1694 564 1730 καλεῖν
593 1691 652 1739 εἰς
682 1692 948 1731 συνεστιάσιν
975 1690 1059 1730 τῶν
1086 1689 1293 1741 βασιλέων
1319 1691 1587 1742 μεγιστᾶνας.
1634 1690 1744 1727 Haec

301 1753 360 1784 est
389 1746 520 1785 brevis
563 1746 650 1784 idea
689 1747 887 1786 cramatis.
960 1747 1045 1784 lam
1083 1746 1133 1784 de
1161 1747 1312 1798 origine
1338 1753 1378 1784 et
1405 1747 1463 1784 rei
1493 1752 1533 1783 et
1558 1743 1750 1797 vocabuli

302 1799 507 1854 aliquanto
551 1801 715 1840 uberius
763 1801 976 1840 dicendum
1006 1806 1077 1839 est.
1137 1801 1224 1853 Ego
1252 1799 1412 1853 quidem
1440 1807 1567 1852 puto,
1609 1813 1744 1839 erama

302 1870 386 1894 esse
416 1856 630 1908 reliquias,
661 1857 875 1908 imaginem
903 1862 941 1894 et
972 1857 1260 1894 successionem
1287 1862 1469 1895 veterum
1513 1867 1744 1907 agaparum.

303 1909 432 1948 Sentit
459 1911 621 1962 quidem
648 1910 762 1949 aliter
791 1912 960 1949 Ioannes
986 1909 1174 1948 Belethus
1201 1924 1238 1948 c.
1265 1924 1354 1964 ¹¹9·
1375 1905 1659 1962 Explicationis
1684 1909 1747 1946 di—

302 1965 387 2003 vini
416 1964 533 2003 officii
550 1995 561 2015 ,
591 1967 660 2017 qui
688 1967 856 2004 mixtam
883 1965 959 2003 hoc
993 1971 1061 2003 aut
1083 1979 1258 2018 parvum
1281 1965 1555 2019 prandiolam,
1585 1964 1653 2011 (ita
1673 1978 1745 2015 ap—

307 2019 462 2070 pellat,)
492 2020 675 2072 perhibet
702 2028 810 2058 metu
841 2021 1068 2058 institutum
1098 2019 1243 2068 fuisse,
1275 2033 1326 2058 ne
1355 2026 1537 2071 acceptae
1565 2018 1746 2056 euchari-

305 2075 403 2112 stiae
444 2075 665 2126 quidquam
694 2090 786 2113 cum
822 2073 945 2112 saliva
989 2080 1181 2126 exspuant
1217 2074 1286 2126 qui
1334 2073 1744 2122 communicaverint,

304 2128 373 2166 sed
402 2128 618 2168 collatione
658 2130 733 2168 hac
762 2129 842 2168 oris
870 2130 1004 2167 omnia
1044 2142 1154 2167 sacra
1181 2129 1308 2180 probe
1338 2128 1492 2167 detersa
1530 2129 1570 2166 in
1597 2128 1748 2166 ventri-

307 2182 443 2221 culum
487 2183 739 2224 descendant.
795 2184 926 2236 Digna
948 2190 1040 2221 sunt
1068 2197 1169 2235 quae
1200 2183 1266 2222 hic
1291 2182 1473 2236 legantur
1500 2185 1584 2224 eius
1611 2181 1747 2230 verba,

306 2251 437 2290 neque
455 2238 604 2290 pigebit
632 2239 870 2277 adscribere.
899 2238 1030 2276 Habet
1042 2251 1200 2290 quoque
1218 2238 1334 2276 huius
1353 2239 1574 2276 sententiae,
1587 2249 1747 2289 gravem

307 2300 525 2332 auctorem.
599 2293 676 2332 Sed
706 2308 774 2340 ea,
807 2306 899 2331 cum
929 2292 1063 2330 multis
1099 2293 1275 2331 ciusdem
1303 2293 1454 2331 farinae
1481 2292 1567 2330 aliis
1586 2319 1598 2340 ,
1626 2289 1747 2328 debe-

305 2354 374 2385 tur
403 2347 479 2386 illis
505 2347 777 2400 temporibus,
808 2348 954 2400 quibus
983 2347 1177 2385 antistites
1205 2347 1390 2386 ecclesiae
1418 2349 1459 2385 in
1487 2348 1598 2399 peius
1625 2358 1746 2381 ruen-

307 2403 360 2439 tis
398 2409 437 2440 et
485 2410 680 2455 gustatam
708 2402 828 2441 modo
871 2401 1094 2440 libertatem
1129 2410 1248 2454 atque
1277 2404 1526 2440 securitatem
1555 2401 1748 2437 insuetam

308 2470 391 2494 non
420 2457 581 2496 ferentis
623 2459 664 2495 in
711 2472 757 2496 eo
784 2464 899 2494 erant
925 2458 1029 2507 toti,
1059 2464 1105 2494 ut
1132 2464 1291 2495 coetum
1319 2470 1434 2495 suum
1455 2460 1660 2505 augerent,
1691 2460 1746 2502 et,

310 2524 411 2560 quos
459 2511 545 2549 aliis
584 2512 711 2550 modis
756 2512 1002 2564 nequibant,
1043 2512 1306 2549 asservatione
1332 2509 1536 2563 gentilium
1566 2509 1744 2554 rituum,

311 2565 378 2601 sed
421 2565 645 2605 christianis
674 2566 874 2605 coloribus
917 2567 1168 2614 fucatorum,
1207 2566 1280 2604 sibi
1309 2564 1579 2603 conciliarent.
1635 2563 1748 2611 Quos

312 2620 434 2655 secuti
473 2623 729 2671 posteriores,
775 2620 905 2659 callidi
936 2628 974 2658 et
1003 2619 1311 2659 dissimulatores
1339 2620 1495 2666 minus,
1527 2617 1596 2654 sed
1625 2618 1758 2670 magis,

314 2671 539 2723 ignorantes
576 2683 613 2714 ct
640 2690 826 2729 nugaces,
853 2675 1118 2714 exhauserunt
1149 2675 1350 2727 ingenium
1378 2673 1419 2711 in
1450 2671 1757 2728 comminiscens,
