1884 3132
345 160 453 236 798
527 169 539 176 ‘
631 178 703 221 10.
744 178 849 222 iAC.
892 182 1086 223 nmsxn
1132 180 1508 225 COMMENTARII

344 283 411 323 ille
438 283 557 325 suerit
581 284 828 338 appellatus,
859 285 1000 325 dubito
1017 316 1029 338 ,
1059 301 1185 341 quum
1214 287 1398 341 nuspiam
1428 287 1514 327 eius
1540 287 1787 329 mentionem

344 340 431 378 fieri
455 341 671 379 inveniam.

456 395 503 434 C.
523 394 565 447 4.
602 395 717 450 [6772
747 394 801 448 1.]
832 395 1004 444 τζαπία.
1069 397 1256 453 Sappae,
1302 411 1424 450 quam
1463 411 1602 438 vocem
1629 397 1791 438 Glossa-

345 452 449 488 rium
477 451 978 491 Romano-Theodescum
1019 453 1123 506 apud
1154 453 1380 492 Eccardum
1409 453 1461 492 T.
1505 453 1538 494 Ι.
1579 453 1686 493 Hist.
1717 454 1792 494 Fr.

346 506 491 544 orient.
523 507 563 544 in
594 506 809 560 appendice
847 507 978 547 reddit
1021 522 1093 561 per
1134 508 1302 547 Havva.
1372 507 1445 548 Est
1482 522 1578 561 ergo
1605 523 1688 548 non
1725 510 1784 560 id,

346 559 455 614 quod
484 562 647 616 ιῗυαιιειι,
680 560 759 615 ligo
779 591 790 611 ‚
819 563 888 601 sed
917 563 1025 616 quod
1053 563 1172 602 IIcme
1186 594 1197 611 ,
1230 563 1453 603 Radeluwe.
1510 564 1665 613 Nescio,
1686 578 1789 618 quo-

347 616 468 655 modo
498 618 631 656 Latini
661 616 739 655 hoc
768 619 1075 657 instrumentum
1106 618 1320 673 appellent.

431 673 526 726 591.
554 673 605 711 A.
635 687 670 711 ῐ.
699 671 814 726 [677‚
837 672 891 726 6.]
921 670 1101 725 γανωτιὶ.
1174 673 1343 712 Reddidi
1381 681 1577 713 stannata.
1650 674 1706 714 Et
1748 674 1791 714 id

347 741 442 766 sane
486 727 581 766 alias
623 728 818 780 significat
854 729 930 767 hoc
968 728 1226 768 vocabulum.
1301 729 1391 767 Huc
1417 736 1552 768 tamen
1586 730 1683 768 mihi
1708 743 1791 768 non

349 783 509 822 videtur
536 783 680 834 facere,
708 783 778 822 sed
805 783 915 823 aliud
938 784 1163 825 desiderare
1191 785 1268 823 loci
1298 798 1439 836 nexuS‚
1470 798 1596 838 genus
1624 784 1790 838 aliquod

352 851 573 877 armorum.

459 894 505 932 B.
525 893 564 933 8.
584 893 702 948 [677.,
725 893 806 948 2o.]
825 908 1101 948 κατασαρακ].
1139 894 1294 933 Dubito
1313 890 1417 933 κατὰ
1434 891 1717 948 Σαρακηνοῦς,
1732 910 1794 934 se-
1846 906 1849 909 ’
1880 886 1884 891 ’

351 949 517 988 cundum
550 950 790 996 Saracenos,
821 964 933 988 more
961 951 1276 997 Saracenorum,
1307 964 1359 988 an
1386 963 1468 988 una
1497 963 1594 989 voce
1621 964 1795 990 κατασα-

353 1001 554 1056 ρακηνικὰ
584 1004 724 1043 eodem
753 1017 867 1044 sensu
897 1005 1108 1056 legendum
1140 1007 1201 1044 sit.

461 1059 570 1098 QG.
601 1059 714 1113 [678‚
751 1059 806 1113 7.]
845 1056 995 1110 τουβιά
1039 1056 1360 1110 κουκουλάρικα.
1432 1057 1543 1110 Quid
1583 1073 1796 1100 commune

353 1114 404 1152 sit
431 1114 615 1162 cucullo,
662 1115 799 1168 capitis
837 1121 1092 1170 tegumento,
1141 1121 1180 1154 et
1220 1115 1342 1154 tubiis
1398 1127 1467 1153 seu
1510 1114 1795 1165 femoralibus,

356 1183 438 1207 non
469 1168 665 1220 intelligo.
1862 1214 1866 1220 .

463 1225 516 1262 D.
542 1225 582 1263 5.
612 1224 729 1279 [678‚
756 1222 837 1277 15.]
867 1221 918 1263 τὰ
943 1219 1125 1263 Πευκία.
1183 1225 1335 1264 Locum
1362 1223 1474 1264 hunc
1505 1238 1704 1278 nusquam
1731 1238 1799 1263 re-

354 1281 487 1333 perio,
522 1286 560 1318 et
587 1282 688 1318 sitne
716 1280 814 1319 urbs
841 1280 1059 1329 maritima,
1089 1294 1140 1318 an
1172 1279 1326 1330 insula,
1358 1280 1512 1332 ignoro.
1547 1279 1664 1318 Patet
1690 1280 1798 1318 enim

355 1349 401 1373 ex
431 1335 670 1385 sinuatione,
700 1337 904 1374 diversum
930 1349 1013 1374 esse
1041 1334 1093 1373 ab
1127 1333 1195 1374 illo
1225 1335 1336 1386 loco,
1367 1349 1487 1387 quem
1514 1341 1802 1374 commemorat

353 1389 508 1428 Niceta's
526 1392 566 1428 iu
597 1389 753 1441 Alexio,
771 1389 969 1429 Manuelis
996 1388 1092 1439 filio,
1119 1404 1205 1443 cap.
1233 1404 1274 1444 9.
1294 1421 1306 1442 ,
1340 1389 1409 1428 ubi
1439 1390 1518 1429 ait:
1549 1385 1600 1428 τοὶ
1631 1385 1800 1428 Hedum

357 1443 483 1491 τόπος
512 1443 600 1482 ἐστὶ
628 1444 671 1484 ἐν
699 1449 786 1491 τοῖς
814 1437 899 1484 ἄνω
930 1441 1199 1496 Χαλκηδόνος
1237 1443 1492 1494 ὸιακεᾲιενος
1527 1443 1689 1496 μέρεσι.
1758 1444 1802 1482 Si

356 1513 478 1552 supra
508 1500 802 1540 Chalcedonem
828 1502 957 1552 iacet,
1005 1499 1145 1539 aberat
1173 1515 1197 1539 a
1227 1502 1327 1540 mari
1355 1514 1494 1539 versus
1531 1500 1803 1538 continentem

359 1555 604 1598 orientalem,

471 1611 521 1648 D.
542 1611 583 1649 6.
616 1610 728 1665 [678‚
754 1609 840 1663 15.]
869 1612 960 1660 μιλ.
1017 1611 1166 1650 Deerat
1203 1610 1269 1649 hic
1311 1609 1389 1649 loci
1428 1623 1622 1649 numerus
1671 1608 1804 1648 milia-

362 1666 468 1704 rium
507 1667 764 1705 membraneo
792 1666 918 1704 codici
947 1680 970 1704 a
999 1668 1127 1719 prima
1156 1679 1293 1704 manu.
1339 1665 1551 1703 Recentior
1591 1679 1618 1717 η
1653 1664 1804 1704 adscri-

364 1728 508 1774 pscrat.
565 1723 716 1760 Tutum
738 1729 871 1759 tamen
893 1721 1001 1759 haud
1018 1723 1155 1774 putavi
1176 1728 1378 1759 auctorem
1399 1719 1545 1758 dubiae
1561 1719 1654 1758 fidei
1673 1720 1804 1772 sequi,
1864 1723 1867 1725 ’

363 1779 594 1828 praesertim
623 1791 713 1815 cum
742 1791 791 1815 ne
821 1775 889 1814 illo
917 1776 1079 1829 quidem
1107 1776 1277 1814 admisso
1306 1788 1472 1813 numero
1514 1788 1670 1814 summa
1707 1774 1805 1813 sub-

368 1831 485 1870 ducta
504 1834 542 1871 in
558 1833 633 1870 fine
648 1831 823 1871 collectis
840 1831 1107 1884 singularibus
1119 1831 1343 1884 quibusque
1358 1830 1535 1868 numeris
1552 1828 1804 1882 respondeat.

478 1888 532 1926 D.
562 1902 620 1926 10.
650 1886 766 1940 [Sy-8,
794 1886 878 1940 17.]
912 1884 1142 1938 Φούρνους.
1210 1886 1350 1939 Neque
1387 1885 1518 1934 hanc,
1562 1884 1736 1924 insulam
1761 1889 1809 1922 ut
1872 1895 1876 1897 ⁴

368 1941 530 1981 videtur
547 1973 557 1990 ,
588 1942 748 1981 chartae
777 1941 1066 1995 geographicae
1094 1948 1331 1980 auctoresve
1358 1939 1558 1980 exhibent.

479 1999 532 2037 D.
550 1997 701 2051 penult.
735 1997 849 2050 [ΘΙ-8.,
879 1998 958 2050 ι9.]
979 1989 1074 2035 Ἴον.
1134 1995 1264 2035 Hodie
1293 1996 1402 2034 Nion
1429 1994 1644 2048 appellant.

458 2053 550 2106 592.
580 2054 627 2091 A.
655 2067 685 2091 1.
718 2051 832 2106 [678,
858 2051 944 2105 πμ]
973 2048 1025 2090 τὰ
1058 2047 1309 2102 Χριστιανοὶ.
1383 2050 1477 2089 Vidi
1514 2050 1675 2088 chartas
1714 2062 1808 2102 geo-

372 2108 578 2161 graphicas
594 2137 606 2158 ‚
635 2121 737 2160 quae
760 2107 985 2147 Christiana
1013 2114 1051 2145 et
1076 2107 1195 2144 Diam
1222 2105 1542 2156 confundebant,
1571 2104 1671 2143 duas
1691 2105 1804 2143 insu-

373 2163 430 2203 las
462 2167 502 2201 in
531 2177 670 2201 uuam.

483 2219 538 2256 A.
560 2233 597 2271 ς.
628 2217 743 2271 [679‚
764 2219 824 2269 2.]
856 2212 1044 2265 ὀνόμασι.
1114 2214 1374 2269 *[Formulae
1401 2215 1737 2268 subscriptionum
1766 2214 1809 2252 in

377 2271 548 2326 epistolis
575 2273 806 2311 observatae
834 2286 855 2310 a
885 2270 1147 2309 Pontificibus
1174 2272 1363 2309 Romanis
1390 2277 1543 2308 exstant
1580 2270 1632 2307 ad
1661 2268 1810 2307 calcem

372 2327 465 2367 libri
493 2328 656 2376 diurni,
687 2342 726 2379 p.
760 2329 862 2376 150„
892 2326 961 2364 ubi
991 2326 1143 2375 forma,
1184 2340 1263 2378 qua
1293 2327 1555 2378 Imperatores
1599 2324 1650 2362 ad
1677 2323 1810 2374 Papas

376 2384 521 2421 veteris
553 2384 700 2421 Romae
729 2390 767 2420 et
795 2381 835 2419 hi
866 2381 915 2419 ad
944 2380 1034 2419 illos
1062 2381 1123 2418 usi
1151 2388 1256 2419 sunt.
1336 2379 1550 2431 Quomodo
1584 2377 1810 2432 patriarcha

379 2438 429 2476 ad
459 2439 608 2490 Papam
638 2445 677 2476 et
705 2437 879 2488 reliquos
911 2435 1155 2488 patriarchas
1179 2436 1351 2484 scribat,
1381 2449 1422 2474 v.
1451 2433 1638 2487 Append.
1665 2431 1812 2471 Codin.

379 2507 421 2544 p.
445 2492 556 2543 410-
574 2492 669 2543 410.
729 2492 938 2542 inscriptio
966 2490 1154 2542 epistolae
1183 2491 1343 2528 Ioannis
1369 2489 1502 2542 Papae
1535 2487 1584 2526 ad
1613 2486 1813 2538 Nicepho-

379 2561 470 2585 rum
488 2537 663 2586 Phocain
683 2547 788 2599 apud
805 2546 1107 2596 ‚Luitpranduin
1126 2546 1261 2597 Legat.
1291 2559 1328 2597 p.
1356 2545 1443 2584 153.
1484 2543 1558 2581 suit
1586 2541 1710 2598 haee:
1740 2541 1812 2580 Io·-

382 2615 501 2639 annes
531 2602 646 2655 Papa
669 2603 859 2639 Romanus
891 2600 1111 2654 Nic-ephoro
1128 2630 1137 2647 ,
1183 2600 1431 2638 Conslantino
1447 2628 1458 2644 ‚
1496 2597 1651 2636 Basilio
1672 2606 1699 2642 ,’
1726 2609 1814 2634 ma-

381 2657 468 2705 gnis
486 2657 789 2709 Impar-aimflues
819 2664 855 2692 et
881 2655 1076 2707 Augustis.
1134 2654 1270 2703 Liber,
1298 2667 1377 2707 quo
1391 2652 1645 2690 continentur
1666 2651 1813 2689 formu-

384 2709 444 2746 lae
467 2739 476 2757 ‚
521 2712 663 2761 quihus
690 2712 913 2748 Turoni-um
952 2713 1166 2762 imperator
1197 2708 1244 2747 ad
1278 2722 1372 2746 suos
1400 2706 1617 2759 praefectos
1659 2707 1812 2754 utitur,

383 2763 523 2800 Latine
552 2773 674 2802 exstat
704 2767 806 2803 inter
839 2765 993 2804 codices
1014 2764 1223 2803 orientales
1240 2763 1482 2801 Viennenses
1499 2760 1605 2813 apud
1623 2759 1815 2801 Lambec·
