1884 3132
299 151 412 218 486
583 165 1040 207 10.1AC.REISK11
1081 163 1465 208 COMMENTAmi

301 268 513 332 etflagitia
530 281 685 306 snorum
721 275 940 330 temporat-n
963 268 1240 321 recoquebant,
1274 274 1343 306 aut
1369 268 1500 320 potius
1518 270 1741 310 mizhzhbant

302 327 346 364 in
367 325 590 362 vetustiora.
650 321 760 360 Talis
790 323 968 384 nequitia
1006 329 1091 360 erat
1119 324 1161 361 in
1191 323 1384 362 conviviis
1410 321 1485 369 τὰς
1512 322 1668 374 ἀμίδας
1695 324 1739 364 ἐν

304 375 500 431 ἀλλήλοις
527 371 890 442 πεοικαταγνύιαι.

415 433 463 472 Β.
486 447 527 486 9.
547 431 658 486 [45o‚
678 429 743 495 8.]
768 428 788 469 ὃ
812 427 984 477 Ἰούλιος
1013 433 1203 484 Καῖσαρ.
1237 433 1298 471 Ita
1326 432 1595 472 membranae.
1630 434 1747 474 Verti

305 495 439 529 autem
466 501 512 526 ac
541 488 572 526 si
613 487 849 525 invenissem
879 483 900 523 ὁ
931 480 1045 536 ἅγιος
1074 488 1245 539 Καῖσαρ
1263 517 1275 536 ,
1316 488 1550 528 venerabilis
1583 489 1745 540 Caesar,

307 551 378 584 aut
403 557 515 581 sacra
542 543 722 581 malestas
750 541 1003 595 Imperlalis
1034 556 1177 595 nempe
1198 543 1447 582 Constantini
1474 544 1532 582 M.
1555 544 1650 595 ‚de
1666 559 1747 598 quo

305 606 413 638 totus
442 597 507 636 hic
538 596 695 635 libellus
726 596 917 650 loquitur.
976 597 1259 636 Plaedicatum
1286 598 1362 637 hoc
1387 598 1530 638 Sancti
1561 601 1751 652 competit

308 653 588 702 Constantino,
612 652 695 691 sive
714 658 759 690 ut
782 652 1016 704 Impelatori
1037 652 1319 692 considerato.
1350 668 1444 693 nam
1446 668 1596 722 “omnes
1602 657 1750 707 omni-

307 723 361 748 no
407 710 671 760 Imperatores
711 708 768 746 G1
771 708 851 745 aeci
892 707 1053 746 Graecis
1089 707 1397 760 appellabantur
1435 705 1548 761 αγιοι
1568 739 1580 760 ,
1619 724 1750 763 neque

307 765 402 804 satis
429 763 536 802 valet
564 769 870 816 axgumentum,
912 762 1021 814 quod
1061 762 1188 802 celeb.
1228 763 1479 818 ὃςῙιὸΡΗίῐιιιε
1516 765 1558 803 in
1586 765 1752 818 epistola

307 819 358 859 ad
388 818 445 857 ill.
481 818 530 857 de
559 791 716 871 Scheyb
747 819 802 868 (v.
852 817 956 855 Tab.
988 818 1221 871 Peutinger.
1261 819 1312 857 ab
1340 819 1416 858 hoc
1445 819 1572 858 editae
1598 834 1639 873 p.
1670 821 1753 871 25.)

310 888 335 913 a
362 872 482 912 titulo
510 872 648 910 Sancti
678 873 821 925 iepetit
852 872 903 910 ad
931 872 1199 925 probandum,
1229 876 1425 913 seniorem
1453 875 1600 928 potius,
1630 889 1754 928 quam

307 929 507 968 iuniorem
536 927 808 966 Theodosium
852 928 895 965 in
937 935 1197 967 controverso
1226 929 1277 967 Di
1282 929 1414 968 ckwili
1460 929 1632 969 Hiberni
1660 930 1750 969 loco

308 983 535 1036 designaii:
568 984 651 1022 sive
681 981 922 1034 singulaiem
964 990 1142 1035 spectes,
1171 997 1293 1036 quam
1323 984 1464 1022 Graeci
1493 984 1753 1024 Constantino

310 1040 372 1077 M.
398 1037 610 1084 tribuunt,
643 1037 974 1085 sanctimoniam,
1008 1038 1061 1076 ob
1089 1052 1210 1091 quam
1248 1052 1340 1077 eum
1376 1053 1511 1092 palem
1550 1040 1753 1092 Apostolis

311 1092 485 1140 faciunt,
517 1091 630 1131 nullo
659 1092 760 1130 forte
790 1090 868 1129 alio
910 1093 1051 1131 merito
1071 1121 1082 1142 ‚
1121 1107 1242 1145 quam
1280 1094 1390 1147 quod
1430 1094 1665 1134 Christianis
1702 1095 1752 1134 li-

310 1147 508 1186 bertatem
546 1153 585 1185 et
626 1148 714 1185 ima
749 1147 946 1200 quaedam
988 1162 1162 1201 opesque
1204 1149 1340 1188 noxias
1368 1148 1592 1202 indulgeret
1621 1150 1751 1213 clero,

312 1202 506 1256 daretque
543 1215 683 1241 ansam
719 1201 846 1240 multo
881 1202 998 1255 plura
1036 1216 1245 1256 nunquam
1267 1218 1450 1243 concessa
1476 1204 1551 1243 sub
1579 1206 1754 1244 nominis

311 1259 374 1296 sui
404 1263 609 1310 praetextu
638 1256 868 1295 invadendi.

424 1312 473 1352 C.
501 1313 542 1353 5.
563 1309 677 1365 [450,
709 1310 793 1364 15]
822 1307 970 1364 ᾐτεῖτο.
1026 1312 1148 1351 Forte
1176 1310 1408 1364 ἠσχολεῖτο.
1436 1314 1479 1353 Si
1506 1313 1609 1353 bene
1635 1314 1758 1354 habet

317 1366 466 1417 lectio,
497 1366 653 1405 notabit
682 1366 746 1413 id,
793 1366 902 1418 quod
931 1368 972 1405 in
999 1367 1152 1406 Latinis
1179 1367 1286 1406 dedi.
1345 1367 1548 1408 Cedrenus
1574 1384 1617 1423 p.
1654 1370 1754 1422 671.

312 1421 367 1464 D.
388 1421 428 1461 6.
454 1395 583 1460 ’θύειν
611 1416 663 1460 τιὶ
695 1418 887 1473 ἑξιτήρια
918 1421 996 1461 hoc
1026 1422 1153 1462 dixit.
1186 1437 1286 1461 sacr
1273 1422 1408 1477 ficare
1427 1438 1506 1478 pro
1532 1425 1674 1476 fausto
1700 1425 1760 1464 ad

316 1490 434 1515 arma
470 1477 609 1523 exitu,
654 1490 724 1515 seu
752 1475 895 1515 offerre
924 1484 1079 1530 gratum
1108 1478 1183 1516 deo
1211 1477 1479 1529 saeiificium‚
1509 1493 1664 1518 sumere
1691 1493 1756 1518 sa-

313 1545 422 1569 cram
457 1530 757 1580 euchaiistiam,
787 1545 908 1584 quam
937 1533 1090 1571 Glaeca
1118 1540 1238 1586 atque
1274 1533 1455 1572 Romana
1494 1533 1658 1574 ecclesia
1684 1549 1757 1587 pro

315 1586 508 1624 sacrificio
535 1585 673 1624 hahet.
732 1585 829 1624 Fuit
861 1587 968 1639 apud
997 1601 1134 1626 omnes
1164 1595 1300 1641 gentes
1324 1602 1410 1627 mos
1438 1596 1531 1628 ante
1557 1589 1755 1642 proelium

316 1641 541 1680 sacrificare
590 1647 631 1680 et
670 1641 790 1679 samis
817 1641 959 1681 ritihus
998 1657 1039 1682 se
1081 1642 1271 1682 adversus
1298 1643 1438 1682 mortis
1465 1643 1639 1707 pericula
1667 1659 1758 1683 mu-

317 1697 406 1734 nite
452 1702 521 1734 aut
566 1696 618 1734 ad
646 1696 771 1734 vitam
801 1695 967 1735 alteram
994 1711 1247 1751 praepa1·*.a1e
1303 1697 1379 1736 Vel
1408 1699 1483 1750 ipsi
1502 1698 1656 1738 Arabes
1683 1713 1757 1752 pa-

319 1752 412 1804 gani
441 1750 578 1789 fecisse
605 1750 810 1790 dicuntur.
869 1753 947 1791 Sed
975 1752 1040 1791 hic
1068 1753 1177 1792 locus
1207 1752 1302 1791 huie
1330 1766 1471 1792 causae
1497 1767 1579 1792 non
1610 1761 1683 1792 est.

501 1804 792 1899 yk50‚15.]
825 1801 1122 1859 ἀπερχόμενος.
1157 1807 1269 1846 Idem
1296 1806 1346 1846 de
1373 1807 1560 1846 Manuele
1587 1808 1759 1848 Comnffi

318 1873 373 1899 no
401 1867 539 1899 narrat
607 1861 725 1898 icetas
755 1861 824 1899 VI.
853 1876 886 1900 1.
907 1877 948 1915 p.
966 1861 1036 1915 94.
1059 1862 1114 1900 A.
1136 1876 1146 1900 ε
1176 1858 1230 1901 τὰ
1241 1858 1364 1928 πρὸς
1390 1858 1466 1925 τὴν
1484 1858 1626 1911 ἔξοδον
1652 1858 1758 1902 ἑτοι-

318 1909 560 1979 μασάμενος
603 1911 751 1953 εἴσεισι
788 1912 859 1955 τὸν
893 1917 1025 1967 μέγαν
1067 1914 1197 1980 νεών,
1238 1930 1284 1962 ος
1329 1912 1411 1955 dm>
1440 1915 1514 1969 τῆς
1541 1917 1662 1964 θείας
1689 1932 1760 1958 και

317 1963 506 2022 ἆρ’ῥήτου
539 1967 700 2022 Σοφιας
740 1964 1011 2021 ωνόμασται,
1042 1985 1110 2009 και
1136 1946 1197 2010 τὸ
1213 1971 1327 2010 θεῖον
1355 1969 1615 2012 ἐπικαλεῖται
1654 1986 1757 2012 συν-

319 2023 475 2075 έοιθον.

428 2079 483 2116 D.
517 2079 555 2121 5.
576 2077 693 2132 [45ι,
725 2078 785 2132 5.]
837 2078 1159 2131 συνοψισθῆναι.
1215 2081 1268 2119 In
1300 2090 1540 2135 conspectum
1568 2090 1607 2121 et
1638 2082 1761 2120 collo-

319 2133 452 2186 quium
491 2134 568 2187 ipsi
591 2135 728 2171 venire
742 2134 960 2188 populum,
989 2137 1014 2175 i.
1042 2149 1078 2172 e.
1097 2137 1325 2174 exercitum.
1383 2136 1446 2175 Eo
1474 2150 1590 2175 sensu
1617 2149 1760 2175 occur-

327 2189 382 2225 1it
412 2187 489 2225 hoc
517 2186 686 2226 vexbum
729 2188 835 2240 apud
864 2188 1103 2241 Theophan.
1139 2205 1181 2243 p.
1204 2190 1296 2243 567.
1319 2190 1372 2229 A.
1396 2205 1435 2244 7.
1520 2189 1760 2240 συνοψίζειν

320 2237 413 2280 τινά
442 2255 550 2289 τινι,
582 2242 752 2297 aliquem
773 2243 894 2281 alicui
914 2245 1122 2283 conczliare
1142 2274 1154 2295 ‚
1202 2260 1316 2284 unum
1350 2246 1408 2284 ad
1436 2246 1602 2284 alterum
1630 2244 1759 2282 addu-

321 2309 407 2333 cet-e
427 2306 637 2350 spectatum
662 2306 700 2335 et
726 2298 966 2347 collocutum,
997 2299 1169 2338 habetur
1196 2313 1261 2353 ap.
1277 2301 1452 2339 Leonem
1479 2301 1700 2338 Grammat.
1716 2312 1759 2351 p.

320 2347 480 2402 473.A
486 2365 558 2443 ,8.
575 2381 585 2400 ,
622 2351 668 2390 Β.
695 2365 726 2391 ι.
757 2360 797 2391 et
817 2353 1005 2406 Symeon.
1039 2356 1149 2407 Mag.
1170 2369 1211 2407 p.
1234 2353 1327 2406 456.
1352 2356 1407 2394 D.
1427 2355 1520 2393 fine.
1575 2353 1671 2393 Vid.
1705 2352 1757 2392 ad

323 2417 366 2455 p.
390 2405 482 2443 301.
578 2419 671 2456 pen.

430 2459 486 2497 D.
508 2460 548 2498 5.
574 2458 687 2513 [451‚
707 2459 771 2514 4.]
804 2458 874 2500 διὰ
904 2475 1046 2514 τριων.
1101 2461 1193 2501 Non
1221 2463 1347 2516 liquet
1383 2464 1489 2510 satis,
1518 2462 1761 2515 significetne

322 2512 396 2548 trib
399 2527 440 2550 us
456 2515 650 2565 ferculis,
683 2529 734 2553 an
780 2517 898 2554 tribas
931 2531 1017 2554 cum
1052 2519 1204 2556 amicis.
1262 2518 1514 2557 Probabilius
1541 2523 1674 2554 tamen
1703 2524 1763 2556 est

322 2566 461 2617 piius;
499 2568 583 2606 vid.
615 2570 664 2606 ad
693 2585 731 2622 p.
761 2569 854 2623 549.
876 2571 922 2608 C.
945 2571 983 2610 5.
1054 2571 1190 2610 Veiba
1218 2569 1324 2624 πλὴν
1352 2573 1427 2623 τῆς
1464 2570 1660 2622 κυριακῆς
1688 2572 1764 2609 ab·

325 2622 510 2682 ruptiora
551 2631 645 2660 sunt
699 2632 737 2662 et
779 2624 1159 2679 subintelligendum
1218 2627 1499 2678 Imperatorem
1559 2633 1647 2664 tum
1691 2621 1763 2664 διὰ

324 2670 534 2723 τεττάοωι
549 2706 559 2724 ‚
604 2688 770 2729 quatuor
791 2681 988 2730 ferculis,
1018 2694 1206 2733 pransum
1242 2681 1370 2722 fuisse.
1429 2680 1518 2718 Mos
1546 2680 1650 2718 enim
1679 2687 1764 2718 erat

331 2726 493 2765 illorum
539 2737 789 2782 tempomm,
835 2741 879 2771 ut
926 2734 989 2772 die
1027 2735 1225 2773 dominico
1269 2735 1382 2786 genio
1411 2733 1614 2786 aliquanto
1642 2736 1765 2787 magis
