1884 3132
161 162 236 204 An
273 145 587 204 CONSTANT.
616 148 812 200 Pomm.
860 158 931 197 DE
967 155 1148 198 cmm.
1185 148 1284 195 Lm.
1322 153 1356 191 1.
1398 131 1512 206 477

85 273 195 306 etum
220 266 297 319 pro
322 261 586 318 πατριάρχου
607 262 930 301 membranarum
945 290 956 307 ‚
990 259 1098 313 quod
1128 259 1391 311 incongruum
1418 253 1513 294 huic

84 321 173 362 loco
200 335 284 360 esse
315 327 426 374 puto.

195 377 244 414 C.
257 376 297 414 3.
315 374 433 430 [445‚
453 373 516 428 2.]
538 369 757 425 στιχάριον
780 367 852 409 καί
868 369 1025 422 σαγίον.
1054 369 1295 408 sticharium
1310 375 1367 407 est
1378 367 1514 406 tunica

84 431 273 480 interior,
292 430 444 476 talaris,
466 427 610 480 σαγίον
627 435 779 473 autem,
820 427 915 464 item
933 422 1095 476 χλανίς,
1114 432 1172 463 est
1192 438 1329 476 sagum
1349 437 1420 463 seu
1447 430 1514 462 tu-

84 485 175 524 nica
204 485 367 524 brevior
384 486 578 533 exterior3
610 479 657 522 τὸ
676 481 821 532 σαγιόν
839 488 878 519 et
897 478 971 532 τὴν
993 477 1168 528 χλανίδα
1183 479 1288 517 idem
1307 493 1390 518 esse
1418 480 1512 517 satis

87 540 208 579 credo
225 554 249 578 e
266 539 478 579 collatione
498 537 780 577 Ceremonialis
806 536 929 574 nostri
949 550 988 587 p.
1009 533 1050 573 6.
1071 534 1117 572 C.
1133 548 1175 587 9.
1194 548 1284 572 cum
1296 548 1337 586 p.
1353 533 1447 573 515.
1466 534 1512 572 B.

84 593 158 636 ult.
184 594 426 634 sciehat-mm
444 601 484 632 et
501 594 675 632 nichium
692 622 703 642 ‚
732 594 825 630 item
854 593 1008 642 stigium
1024 619 1035 634 ‚
1068 590 1137 638 (sic
1166 589 1324 627 diversa
1355 591 1511 627 ratione

34 685 38 690 .
84 649 192 689 idem
207 649 451 689 vocabulum
471 647 659 687 scribitur
674 649 702 698 ‚)
735 653 782 685 ut
800 653 838 684 et
852 647 947 684 stica
966 674 977 694 ‚
1010 645 1152 682 Latine
1171 644 1284 682 reddi
1298 642 1395 682 solet
1419 644 1513 682 stri·

82 706 258 744 cton‘um.
311 703 446 743 Facile
464 703 558 742 hinc
578 710 637 741 est
654 733 665 748 ,
695 700 975 755 etymologiam
994 700 1078 737 eius
1102 699 1302 752 indagare.
1356 699 1431 738 Est
1450 698 1512 736 di-

82 760 324 798 minutivum
342 758 559 799 secundum
581 757 744 796 alterius
774 756 999 794 diminutivi
1021 756 1198 807 primarii
1219 783 1230 803 ‚
1260 753 1366 792 idem
1386 754 1511 806 signi-

82 813 250 863 sicaniis,
271 813 443 865 στιχίον.
474 814 562 853 Hoc
582 815 691 851 venit
710 826 733 850 a
753 808 921 860 στιζειν,
937 806 1084 860 στίχω,
1100 824 1178 863 pet·
1194 809 1322 848 orbem
1343 810 1509 858 ambire,

82 875 124 907 et
145 868 223 908 hoc
249 882 273 907 a
300 866 429 907 στάω.
482 868 548 908 ΑΙ)
575 868 660 906 eius
687 867 821 906 futuro
848 863 1013 918 στήσω,
1041 865 1261 912 collocabo,
1289 863 1335 902 fit
1363 863 1508 912 στίζω,

79 929 127 962 ut
160 923 213 962 ab
240 918 434 976 οἰήσομαι
474 923 519 962 fit
553 918 720 973 ὄΐζομαι
736 951 749 970 ,
786 935 866 975 quo
906 922 1032 960 utitur
1060 919 1248 958 Moschus
1276 919 1318 956 in
1344 919 1511 971 Europa

78 991 122 1017 v.
152 977 208 1029 8.,
229 985 269 1017 et
295 978 421 1017 multa
447 978 570 1028 talia3
608 973 771 1029 χρυσὸν
809 972 1018 1025 ors-gorra,
1054 989 1195 1013 aarum
1233 974 1404 1013 ambiens
1442 972 1507 1011 vel

82 1034 353 1082 οἰητυηειαηε,
394 1032 516 1072 habet
554 1033 713 1071 Nicetas
728 1061 739 1081 ‚
783 1045 931 1071 vocum
971 1044 1175 1069 cascarum
1205 1037 1243 1068 et
1265 1031 1511 1080 poeticarum

80 1095 273 1140 captator,
302 1086 426 1141 p.41.
450 1089 501 1127 de
530 1088 767 1137 Germanica
790 1087 962 1139 quadam
988 1085 1217 1124 Amazone:
1244 1084 1334 1136 ἥτις
1359 1083 1406 1123 ἐκ
1433 1082 1510 1122 τοῦ

79 1141 286 1192 mazeum,-
310 1143 478 1194 χρυσοῦ
504 1142 578 1182 καί
602 1141 915 1193 περιτρέχοντος
939 1138 992 1180 τὰ
1021 1137 1194 1187 λώματα
1219 1139 1291 1178 τοῦ
1318 1133 1508 1189 ἐσθήμα-

80 1209 153 1244 τος
179 1195 422 1250 χρυσόπους
449 1194 782 1249 παρωνομάζετο.
812 1196 910 1235 Inde
927 1197 1093 1235 formata
1111 1195 1234 1232 verba
1253 1193 1507 1241 ἄποστίζειν,

78 1253 235 1291 seorsim
265 1253 456 1291 collocare
470 1283 480 1301 ‚
514 1260 554 1291 et
580 1248 842 1302 περιστιζειν,
872 1253 913 1290 in
935 1252 1064 1290 orbem
1082 1250 1273 1290 collocare
1286 1278 1298 1299 ‚
1327 1250 1506 1287 amicire.

78 1306 158 1346 Illo
181 1308 311 1346 utitur
338 1307 526 1346 Moschus
555 1308 595 1346 in
626 1307 786 1346 Oarista
815 1320 854 1345 v.
888 1307 955 1355 54.
975 1321 987 1345 ε
1028 1303 1134 1358 φεῦ,
1179 1303 1285 1357 φεῦ,
1325 1300 1399 1342 καὶ
1432 1299 1509 1354 τὴν

78 1359 233 1413 μίτραν
259 1361 514 1412 α’πέστιχεςς
563 1369 669 1400 recte
704 1362 874 1400 vertitur
911 1363 1067 1399 mitram
1095 1355 1155 1408 (τὸ
1183 1354 1415 1408 ε’πιμάζιον)
1444 1372 1509 1396 re-

78 1417 266 1454 movisti?
291 1423 331 1454 et
357 1417 557 1456 immerito
588 1423 813 1468 suspectum
842 1416 917 1455 fuit
948 1418 1079 1454 visum
1106 1415 1257 1466 magnis
1286 1414 1381 1451 viris
1411 1412 1508 1451 Sca-

80 1469 205 1523 ligero
222 1477 262 1509 et
273 1470 525 1510 casaubono.
582 1470 724 1509 Altero
750 1470 874 1509 verbo
901 1469 1151 1518 περιστιζειν
1179 1469 1305 1506 utitur
1327 1467 1509 1506 Herodo-

80 1531 146 1564 tus
172 1525 247 1564 bis.
278 1526 402 1564 Libro
413 1526 486 1564 lV.
508 1540 543 1564 2.
562 1540 602 1579 p.
620 1525 714 1564 223.
736 1524 777 1575 4.
801 1522 1094 1576 περιστιξαντα
1123 1519 1225 1561 zara*
1246 1521 1390 1573 ἀγγεῖα
1409 1518 1509 1568 τούς

77 1576 264 1632 τυφλοὺς
280 1610 293 1631 ,
317 1581 479 1634 singultis·
499 1581 628 1634 gaulis
648 1581 759 1618 laetis
775 1594 852 1634 per
868 1580 998 1618 orbem
1021 1578 1395 1616 cirfflmcollocantes
1416 1591 1509 1629 gre-

75 1649 165 1687 gem
193 1649 393 1674 semomm
427 1650 639 1675 caecorum.
696 1635 851 1673 Deinde
880 1634 1056 1672 eiusdem
1092 1632 1182 1670 libri
1212 1646 1298 1684 cap.
1335 1645 1429 1670 202.
1460 1646 1503 1684 p.

78 1687 173 1728 286.
194 1688 236 1728 8.
254 1690 479 1742 περιέστιξε
507 1690 578 1729 καί
602 1687 781 1729 τούτοισι
817 1685 862 1728 τὸ
891 1693 1038 1739 τεῖχος.
1080 1689 1185 1726 Hinc
1213 1686 1508 1725 emendandum

77 1743 215 1796 Ery-cii
242 1745 286 1783 in
323 1745 563 1797 Sophoclem
591 1747 833 1798 epigramma
859 1758 901 1797 p.
927 1742 1022 1797 274.
1043 1743 1139 1782 edit.
1162 1742 1287 1781 Henr.
1317 1741 1507 1795 Stephani

79 1811 114 1838 c.
136 1798 205 1841 fin.
223 1813 267 1838 n.
293 1799 410 1850 1468.
423 1814 435 1838 :

296 1853 404 1895 ,Αἰεί
423 1868 486 1894 τοι
512 1851 714 1905 βούπαισι
742 1851 1016 1905 neoto-uzone
1040 1850 1261 1902 μελίσσαις

336 1908 494 1960 τύμβος
510 1940 522 1959 ,
545 1907 764 1962 ιἸζιιηττείῳ
792 1902 1027 1958 λειβόμενος
1053 1905 1203 1955 μέλιτι.

78 1960 212 2014 Vulgo
239 1961 342 2001 male
370 1961 659 2013 περιστάζοιτο
689 1963 859 2016 legitur3
897 1962 1005 2014 quod
1034 1962 1065 2000 si
1094 1961 1268 2009 valeret,
1312 1961 1409 2015 quid
1435 1961 1507 2002 fie-

77 2023 140 2055 ret
165 2017 216 2055 de
242 2013 502 2067 λειβόμενος,
533 2019 640 2071 quod
668 2017 808 2071 procul
834 2017 957 2056 dubio
984 2025 1081 2055 tunc
1108 2017 1328 2055 abundaret
1354 2017 1507 2056 inutili-

79 2073 174 2110 ter?
227 2070 391 2126 Semper
420 2075 470 2111 sit
492 2074 657 2111 obsessus
695 2083 732 2111 ec
758 2088 836 2127 per
863 2073 993 2111 orbem
1020 2072 1186 2110 ambitus
1217 2073 1384 2110 tunudus
1419 2081 1503 2110 &aas

76 2126 128 2164 ab
149 2125 308 2179 αρὶὂιιε,
337 2127 450 2165 boum
478 2128 629 2179 sobole,
645 2128 797 2167 stillam
819 2127 834 2180 (
839 2129 892 2165 ita
917 2134 962 2165 ut
983 2126 1121 2178 stillet)
1141 2126 1342 2177 Hymetttb
1371 2127 1500 2164 melle.

75 2179 152 2219 Est
177 2193 271 2233 ergo
297 2181 463 2231 στίχος,
491 2184 606 2230 stica,
638 2181 795 2232 στιχίον
809 2211 819 2228 ‚
850 2183 1047 2227 nichium,
1091 2188 1131 2219 et
1159 2195 1225 2219 στι
1225 2178 1375 2233 χάριον
1393 2210 1404 2227 ,
1434 2196 1504 2219 ve-

74 2236 143 2274 stis
166 2235 344 2284 adstans,
385 2237 644 2276 circumstans
670 2237 847 2285 homini,
878 2237 1011 2274 stricte
1043 2235 1282 2285 inhaerens3
1324 2235 1505 2288 adeoque

76 2289 184 2328 idem
211 2289 321 2342 quod
345 2286 477 2340 χιτών
504 2288 676 2341 στατὸς,
704 2291 755 2329 de
781 2304 862 2344 quo
890 2290 1105 2329 Salmasius
1131 2289 1182 2328 ad
1209 2290 1503 2329 Tertullianum

77 2343 272 2396 disputat.

184 2398 239 2437 D.
262 2399 302 2437 5.
324 2397 439 2452 [443.
469 2397 553 2452 13]
578 2395 651 2437 τὸν
680 2398 983 2451 εὐτυχέστατον
994 2398 1210 2450 Καίσαρα.
1246 2398 1406 2439 Titulus·
1433 2397 1504 2438 εὕ-

76 2451 306 2503 τυχὲστατε
338 2460 376 2492 et
402 2455 615 2492 serioribus
644 2454 808 2492 saeculis
828 2455 948 2492 etiam
965 2452 1322 2503 πανευτυχέστατε
1342 2455 1501 2496 Caesari

78 2513 165 2544 erat
192 2508 404 2559 proprius3
433 2508 517 2547 vid.
550 2522 591 2560 p.
616 2509 703 2547 152.
724 2508 772 2546 Β.
794 2523 834 2561 7.
856 2516 896 2546 et
925 2508 1020 2557 264.
1041 2508 1088 2546 Β.
1130 2521 1191 2545 10.
1250 2508 1432 2548 Habetur
1458 2513 1501 2550 iu

77 2558 259 2600 formulis
297 2562 578 2601 salutationum
610 2561 880 2615 epistolarium
916 2562 967 2600 ab
1006 2562 1184 2600 Haben-to
1213 2562 1330 2602 editis
1348 2578 1360 2602 :
1391 2558 1500 2612 ὅπως

77 2609 232 2667 γράφει
258 2613 281 2654 ὅ
309 2616 605 2668 μητροπολίτης
631 2614 737 2667 πρὸς
764 2613 979 2668 δεσπότην,
1021 2615 1226 2666 βασιλέως
1262 2613 1378 2656 υἱόν·
1405 2621 1498 2659 τολ-

76 2667 221 2720 μηρῶς
248 2667 443 2723 ἀναφέρω
469 2671 522 2725 τῇ
545 2667 737 2725 βασιλείᾳ
764 2683 856 2718 σου,
885 2669 1241 2722 πανευτυχέστατε
1270 2669 1462 2713 δέσποτα.

185 2722 239 2761 D.
260 2723 336 2763 ult.
358 2724 471 2779 [443,
493 2726 582 2779 22.]
612 2723 741 2766 duem
763 2754 774 2766 .
801 2754 810 2764 .
838 2754 849 2766 .
884 2725 1014 2765 Debui
1042 2725 1197 2780 punctis
1218 2739 1336 2766 sensu
1364 2729 1499 2769 vacuis
