1884 3132
358 120 468 199 75'4
630 139 702 181 ιο.
744 138 849 182 1Ac.
891 141 1086 181 nmsxn
1128 138 1506 182 COMMENTARH

357 247 407 286 ad
436 247 585 299 species
613 244 787 283 colorem
815 244 954 283 dantes
995 243 1235 295 accedebat,
1282 243 1623 298 quemadmodum
1647 246 1701 292 «in
1739 257 1801 283 se-

358 302 490 341 cundo
534 302 634 339 iure.
693 300 823 338 Panni
858 300 942 350 alii,
974 300 1165 338 dilutiore
1197 299 1332 339 colore
1363 300 1596 350 imbuendi,
1636 300 1799 344 immer-

357 358 554 411 gebantur
593 356 632 394 in
662 357 736 405 ius,
766 362 904 394 natum
936 370 981 394 ex
1012 357 1178 393 recoctis
1204 356 1345 394 iisdem
1373 355 1578 408 speciebus
1616 353 1801 393 coloran-

358 413 466 451 tibus
520 425 613 450 cum
659 410 794 449 addita
844 412 961 448 urina
1010 417 1079 448 aut
1127 409 1205 448 alio
1249 409 1331 450 sale
1393 409 1605 463 particulas
1658 408 1801 447 eoloris

358 482 496 507 omnes
519 473 752 520 penetrante
771 473 809 504 et
830 465 1052 505 resolvente
1069 472 1106 503 et
1125 464 1247 504 veluti
1275 472 1528 519 emungente.
1573 464 1800 503 Secundum

357 523 435 562 hoe
462 518 639 574 βάμμα,
671 528 882 574 propterea
912 521 1019 574 quod
1050 520 1320 560 additamento
1354 521 1524 559 alcalino
1551 519 1687 558 fuisset
1714 533 1801 558 acu-

358 586 445 617 tum
463 609 473 626 ,
506 573 594 625 ὀξύ,
627 586 782 615 acutiam
803 578 878 626 ias,
908 576 1110 615 audiebat.
1170 575 1390 615 Obtinebat
1408 583 1625 628 utrumque
1644 574 1720 614 hoe
1743 575 1802 613 ius

359 648 441 672 non
476 635 515 671 in
544 647 723 685 purpura
754 639 935 680 tantum,
971 631 1039 671 sed
1067 631 1186 669 etiam
1215 632 1252 669 in
1287 639 1451 681 veneto,
1482 630 1676 680 violaceo,
1709 644 1802 683 pra-

357 690 446 728 sino
473 696 512 726 et
539 687 626 726 aliis
659 686 886 737 coloribus3
932 687 1131 739 iidemque
1172 689 1292 738 panni
1320 701 1402 726 non
1431 693 1614 740 poterant
1645 692 1804 724 utrum*

360 758 439 797 que
471 745 532 782 ius
562 743 726 789 bibere,
761 743 828 781 sed
861 743 931 795 qui
962 743 1136 795 primum
1169 756 1238 780 seu
1271 756 1426 780 merum
1455 750 1496 781 et
1527 755 1669 780 verum
1699 740 1801 779 hau-

360 801 524 848 sissent,
560 800 586 837 ii
615 798 877 851 profundius,
910 798 1123 836 saturatius
1157 796 1292 836 lumen
1326 797 1502 847 dabant;
1529 797 1598 849 qui
1629 810 1724 835 vero
1750 809 1805 834 se-

361 854 558 902 cundum,
592 855 618 891 ii
642 853 823 891 dilutius.
881 853 943 891 Dc
977 867 1072 891 vero
1101 859 1140 890 et
1171 859 1289 891 acuto
1310 854 1396 891 iure
1432 852 1512 891 vid.
1548 851 1715 891 Salmas.
1751 851 1802 889 ad

360 908 602 948 Tertulliani
633 907 806 947 Pallium
845 922 886 960 p.
925 908 1011 972 '75'
1056 907 1121 946 ed.
1151 908 1282 946 Paris.
1341 907 1488 946 Adhuc
1516 914 1641 957 noto,
1674 908 1804 953 visum

361 963 579 1016 aliquando
608 963 749 1014 fuisse,
779 961 1062 1015 ἄληθιικαεργα
1094 962 1171 1014 legi
1204 963 1364 1001 debere.
1423 963 1545 1012 Quod
1584 976 1692 1001 nunc
1722 976 1804 1000 non

360 1020 513 1073 probo3
548 1019 648 1057 forte
675 1033 756 1057 non
785 1018 911 1065 desit,
943 1019 1010 1070 qui
1043 1017 1304 1056 nihilominus
1335 1018 1492 1070 probet.
1551 1018 1673 1056 Forte
1703 1031 1803 1070 quo-

360 1088 440 1126 que
469 1075 566 1124 erit,
598 1074 667 1126 qui
697 1072 938 1112 vocabulum
968 1069 1079 1124 ἔριον
1107 1074 1147 1110 in
1178 1073 1253 1111 hac
1282 1087 1378 1111 voce
1406 1073 1479 1111 sibi
1507 1072 1709 1111 videbitur
1744 1073 1803 1111 in-

360 1129 547 1178 venisse,
590 1136 781 1181 tanquam
817 1128 848 1166 si
888 1135 987 1166 esset
1023 1129 1240 1180 composita
1280 1142 1325 1167 ex
1371 1121 1568 1180 ἀληθινὸν
1606 1134 1646 1166 et
1682 1123 1803 1180 ἔρον,

360 1183 467 1223 unde
498 1183 736 1235 productum
766 1180 898 1236 ἔριον,
931 1183 1027 1221 lana
1054 1197 1166 1221 vera.

475 1238 521 1276 C.
556 1252 595 1276 2.
628 1238 745 1292 [6,41,
775 1237 855 1290 11.']
887 1235 982 1285 ὀξέα
1019 1235 1199 1290 χροακά.
1267 1239 1325 1276 Μ.
1367 1245 1405 1277 ct
1442 1237 1546 1276 hanc
1589 1237 1805 1277 dictionem

362 1302 403 1334 et
433 1301 665 1345 sequentem
694 1291 908 1345 φουνδάτα
936 1288 1099 1344 χροακά
1131 1292 1242 1332 velut
1269 1307 1394 1331 unam
1428 1307 1567 1332 vocem
1593 1293 1802 1340 exhibent,

363 1350 416 1388 ad
452 1348 560 1387 hunc
590 1348 782 1399 modum,
813 1343 1071 1399 (ἷξεαχροακά
1099 1355 1138 1386 et
1166 1344 1568 1400 φουνὸαταχροακά.

475 1404 521 1442 C.
566 1418 626 1442 10.
659 1402 775 1458 [04¹³
807 1402 890 1457 17.]
920 1398 994 1454 zy'.
1061 1404 1157 1442 Post
1186 1403 1283 1441 haec
1311 1403 1461 1451 verba,
1501 1404 1542 1441 in
1571 1402 1717 1456 quibus
1744 1403 1806 1441 fo-

363 1458 463 1498 lium
501 1458 597 1498 216.
620 1458 662 1497 b.
694 1458 949 1497 membranae
988 1458 1203 1510 Lipsiensis
1232 1458 1396 1508 desinit,
1446 1459 1564 1511 periit
1606 1459 1806 1511 integrum

363 1514 524 1562 folium,
556 1515 597 1552 ni
626 1513 769 1567 plura,
799 1522 839 1552 et
866 1515 907 1552 in
935 1527 982 1552 eo
1011 1513 1210 1552 indiculus
1229 1514 1520 1566 Imperatorum
1549 1513 1806 1552 CPtanorum

363 1583 388 1608 a
406 1569 668 1608 Constantino
698 1570 753 1608 M.
782 1570 875 1607 inde
903 1583 1028 1621 usque
1056 1569 1107 1606 ad
1139 1576 1340 1607 auctorem
1371 1569 1491 1608 huius
1519 1568 1624 1607 libri.
1685 1569 1807 1620 Quod

363 1631 522 1663 constat
550 1638 595 1663 ex
626 1623 801 1662 indiculo
830 1624 1002 1676 generali
1032 1624 1205 1676 capitum
1236 1624 1354 1663 huius
1398 1623 1560 1662 secundi
1599 1623 1691 1662 libri
1729 1625 1805 1677 ipsi

363 1679 554 1732 praefixo.
626 1679 717 1718 Non
745 1694 888 1732 magna
923 1679 1083 1732 quidem
1112 1679 1210 1718 haec
1237 1681 1389 1718 iactura
1421 1687 1505 1727 est,
1552 1685 1592 1717 et
1627 1686 1808 1732 prostant

364 1734 464 1773 tales
493 1734 657 1773 indiculi
689 1749 833 1788 magno
862 1748 1043 1781 numero,
1075 1741 1121 1772 ut
1149 1734 1257 1787 apud
1284 1735 1503 1786 Scriptores
1531 1734 1703 1773 Graecos
1731 1736 1807 1772 mi—

364 1803 483 1828 nores
498 1789 687 1829 historiae
700 1792 901 1828 Romanae
929 1804 950 1827 a
979 1789 1192 1843 Syllmrgio
1221 1789 1347 1828 editos
1373 1805 1414 1842 p.
1434 1788 1667 1843 894-9οο.,
1699 1790 1806 1842 apud

367 1844 581 1883 Petavium
615 1860 719 1898 pone
748 1845 963 1898 Nicephori
985 1845 1138 1883 CPtani
1166 1845 1373 1883 historiam
1401 1859 1443 1897 p.
1465 1844 1558 1894 286.
1591 1859 1707 1897 sqq.‚
1736 1845 1805 1897 qui

366 1899 566 1939 indiculus
607 1915 734 1953 usque
771 1900 821 1938 ad
858 1900 1045 1938 Alexium
1074 1900 1325 1938 Comnenum
1363 1899 1544 1952 procedit
1582 1901 1689 1938 etin
1717 1914 1806 1938 meo

369 1954 581 2007 exemplari
603 1955 654 1993 ab
675 1957 759 1994 eius
778 1956 942 2008 antiquo
962 1955 1138 2000 domin0‚
1171 1962 1308 1993 nostro
1337 1955 1595 1993 celeberrimo
1615 1955 1682 1992 Du
1700 1955 1806 1992 Can-

366 2011 433 2063 gio
466 2013 609 2062 passim
639 2011 871 2049 emendatus
899 2017 978 2056 est,
1008 2010 1078 2062 qui
1097 2011 1214 2048 etiam
1235 2010 1285 2047 ad
1309 2011 1492 2048 Codicem
1511 2010 1661 2062 regium
1685 2009 1807 2059 3214.

368 2066 565 2115 remittit3
597 2067 691 2103 item
721 2066 825 2117 apud
839 2065 1122 2104 Lambeccium
1144 2066 1181 2103 in
1205 2065 1358 2103 Codino
1386 2066 1470 2103 eius
1492 2079 1530 2117 p.
1557 2064 1622 2118 75.
1662 2063 1807 2116 *[Fra-

370 2127 530 2172 gmenta
558 2120 647 2159 talis
676 2120 844 2174 catalogi
881 2122 973 2159 msti
1004 2121 1131 2172 Impp.
1165 2120 1397 2158 CPtnorum
1432 2120 1539 2171 apud
1568 2119 1722 2158 Boivin.
1754 2118 1806 2157 ad

369 2175 579 2226 Nicephor.
591 2173 754 2228 Gregor.
772 2176 907 2229 p.749.
924 2175 1191 2227 Chronologia
1206 2175 1386 2213 Romana
1405 2175 1601 2213 aCaesare
1614 2187 1739 2226 usque
1753 2173 1805 2212 ad

368 2230 620 2268 Constantin.
636 2231 749 2269 Vlll.
771 2238 894 2269 exstat
906 2232 945 2268 in
967 2229 1265 2270 Vindobonensi
1281 2230 1417 2268 codice
1433 2228 1518 2280 54„
1537 2229 1806 2280 >Chronologia

373 2284 504 2337 Impp.
533 2285 800 2323 CPtnoruma
822 2285 1083 2323 Constantino
1097 2286 1154 2322 M.
1169 2285 1347 2338 usquead
1373 2284 1645 2323 Theodosium
1673 2282 1806 2321 Adra-

368 2347 574 2392 mytenum
593 2340 779 2378 Lambec.
791 2341 845 2378 V.
860 2340 947 2378 cod.
964 2340 1050 2378 CV.
1071 2338 1175 2392 16.]*
1196 2347 1235 2378 et
1253 2354 1315 2378 res
1332 2339 1423 2379 illae
1436 2346 1554 2378 notae
1567 2345 1658 2377 sunt
1674 2335 1805 2376 aliun—

371 2394 443 2433 de:
477 2402 750 2433 verumtamen
772 2397 961 2446 potuisset
973 2396 1068 2434 hinc
1084 2409 1203 2433 verus
1227 2402 1367 2433 auctor
1385 2394 1478 2433 libri
1500 2403 1539 2433 et
1560 2400 1666 2431 aetas
1681 2421 1692 2440 ‚
1723 2406 1804 2444 qua

370 2451 618 2502 conscriptus
646 2449 712 2488 ille
748 2450 835 2498 suit,
867 2449 1049 2503 intelligi.
1110 2450 1210 2501 Quis
1238 2450 1370 2500 novit,
1397 2463 1476 2503 qua
1505 2454 1637 2487 mente
1664 2445 1805 2486 solium

371 2503 449 2543 hoc
480 2504 689 2555 evulserit,
721 2505 898 2558 quisquis
931 2505 1051 2544 fecit?

481 2559 527 2597 C.
557 2559 628 2598 ult.
659 2559 774 2613 [642,
798 2559 855 2612 2.]
886 2559 982 2610 περί
1003 2559 1086 2598 τῶν
1112 2554 1258 2612 τάφων
1283 2558 1366 2598 τῶν
1391 2553 1608 2608 βασιλέων.
1666 2557 1806 2605 Quum

369 2612 584 2652 editionem
616 2615 733 2652 huius
770 2616 899 2667 operis
927 2615 1148 2653 institueret
1178 2613 1226 2652 cl.
1256 2614 1447 2651 Decessor
1483 2624 1618 2660 meus,
1663 2611 1806 2650 edebat

370 2666 560 2718 singulari
590 2669 684 2708 solio
713 2669 884 2708 duarum
913 2670 1150 2723 paginarum
1177 2670 1218 2708 in
1243 2668 1370 2707 forma
1385 2668 1555 2706 maxima
1570 2665 1708 2720 capitis
1727 2666 1804 2706 hu-
