1884 3132
210 148 285 192 An
322 147 619 192 cons‘rm.
658 145 856 189 ponpa.
903 146 975 188 nn
1012 145 1195 189 cmm.
1234 147 1337 187 Lm.
1379 148 1411 185 1.
1450 125 1556 195 441

138 253 239 302 fuit,
269 261 310 293 et
336 267 439 307 quae
465 251 516 292 de
545 252 667 292 tubits
694 252 760 292 hic
789 250 929 300 attuli,
960 252 1003 291 in
1030 251 1148 291 hosas
1175 265 1335 305 quoque
1352 251 1564 304 quadrant,

138 309 189 348 de
215 310 361 362 quibus
386 309 439 348 ad
463 323 506 362 p.
527 307 624 363 417.
644 309 693 347 B.
723 323 765 362 7.
794 306 871 348 ult.
907 307 1013 347 dico.
1070 307 1171 346 Nam
1200 307 1305 346 idem
1332 314 1426 345 sunt
1455 308 1570 346 hosne

138 371 180 403 et
207 365 329 404 tubia.
385 364 444 405 At
470 365 583 403 cuius
618 363 805 402 materiae
832 369 946 402 erant
970 362 1113 401 tubia?
1156 362 1307 413 Linea,
1338 361 1476 413 lanea,
1508 377 1570 402 se-

139 419 222 458 rica
252 427 381 459 erant.
438 418 496 457 At
532 425 696 457 erantne
737 431 897 471 quoqne
927 419 1139 456 coriaeea?
1177 418 1264 456 Non
1304 424 1457 470 putem.
1515 418 1574 457 At

138 474 341 568 9⁰⁵222m⁶
364 473 480 568 3¹¹⁰ssss
502 473 542 512 Μ
557 473 841 566 ἶῗιῗωῃῗῑῗὲὲ
858 471 1256 578 Ἑξ-ἕῗηῖᾟὸἒὲῗὲῖ
1282 479 1375 565 {51¹³
1389 471 1568 567 3335,
1583 474 1643 509 ’Μ’
1660 476 1696 511 ¹*
1714 478 1776 522 '³⁹

504 543 529 566 n
614 543 675 566 icu
951 543 963 565 ι
1074 553 1086 566 .
1258 543 1283 566 ιι

141 544 275 623 ffatim
295 544 464 638 Quidem
480 543 612 622 amcedii
638 557 748 632 aevi}
767 581 935 630 tibialia,
967 542 1101 635 q1i⁷alia
1128 595 1215 632 nos,
1244 542 1409 631 filu-inii,
1438 557 1569 634 lanea}

141 639 211 680 filo
235 639 343 679 lineo
385 646 454 678 aut
493 637 629 692 xylino
660 637 778 676 sacta.
831 637 929 676 Vid.
967 638 1036 676 Du
1063 636 1198 689 Gange
1237 651 1277 676 v.
1306 638 1442 675 Calvia
1459 667 1470 685 ‚
1501 639 1570 677 ubi

138 694 324 747 producit
346 701 462 734 vetus
488 693 692 732 schedium
706 722 718 743 ,
747 693 788 731 in
813 707 894 746 quo
922 699 1195 732 memorantur
1226 692 1374 731 calciae
1382 693 1572 747 filtrinae

139 757 180 789 et
205 750 353 790 calciae
377 748 619 796 venelanae‚
643 748 684 787 id
712 755 773 786 est
800 748 850 787 de
878 746 948 787 illo
973 749 1094 801 panni
1123 748 1226 786 lanei
1250 761 1392 801 genere
1422 748 1566 798 saetas,

138 803 248 859 quod
275 803 447 844 solemus
474 804 623 842 Flanel
649 803 864 856 appellare.
921 804 1022 842 Voc.
1053 803 1282 841 Filacicimn
1310 802 1430 841 habet
1459 803 1568 842 hunc

140 858 274 899 locum
302 874 324 899 e
350 873 537 913 processu
565 859 616 898 de
655 857 917 898 translatione
940 858 982 898 S.
1011 858 1239 897 Antonini:
1270 857 1455 896 Sanctum
1481 873 1569 897 cor-

133 929 210 969 pus
237 915 376 968 caligis
399 929 456 954 ex
470 914 641 969 filaticio
661 943 672 961 ‚
704 923 746 952 ut
770 914 928 963 dicunt,
966 913 1056 952 albo
1097 922 1136 952 et
1172 913 1398 952 sandalibus
1422 928 1478 953 ex
1504 928 1569 952 et·-

139 971 284 1010 mesina
309 970 426 1009 rubro
438 992 461 1000 -
479 991 502 1000 -
516 983 623 1008 more
639 970 1017 1024 arcln'eptssscopomm
1044 968 1259 1007 calceatum
1279 970 1440 1011 exstitit.
1494 969 1574 1008 Sed

140 1024 254 1063 tubia
280 1024 322 1064 id
349 1038 432 1064 non
457 1023 641 1075 suerunt,
668 1037 798 1078 neque
835 1030 991 1063 constat
1020 1024 1193 1063 Graecos
1221 1022 1399 1073 tibialia,
1437 1022 1573 1077 qualia

140 1087 278 1119 nostra
301 1087 420 1129 sunt,
450 1087 632 1132 gestasse.
690 1079 806 1118 Conf.
847 1079 1013 1118 Salmas.
1038 1079 1088 1117 ad
1115 1078 1204 1117 Ser.
1237 1079 1342 1118 Hist.
1377 1078 1483 1131 Aug.
1517 1080 1568 1119 T.

142 1135 177 1173 1.
207 1149 249 1188 p.
267 1135 363 1189 976.
419 1137 556 1175 Liceat
585 1134 683 1173 mihi
712 1133 787 1173 hac
814 1135 1019 1174 occasione
1046 1133 1181 1173 locum
1210 1135 1400 1186 insignem
1423 1134 1574 1174 Hama-

141 1187 207 1229 sae
234 1205 304 1230 seu
330 1189 598 1243 Anthologiae
628 1189 824 1228 Arabicae
851 1189 1072 1242 explicare,
1104 1189 1172 1242 qui
1195 1189 1236 1227 in
1253 1189 1460 1243 Excerptis
1489 1191 1574 1229 eius

89 1287 92 1289 ,
142 1259 166 1283 a
191 1245 244 1284 cl.
272 1244 522 1285 Schultensio
540 1245 654 1284 editis
670 1259 714 1298 p.
730 1245 825 1285 580.
846 1251 988 1285 exstat.
1039 1244 1291 1284 Describitur
1314 1243 1372 1283 ibi
1402 1246 1463 1284 vir
1490 1245 1575 1284 for-

141 1300 192 1339 tis
212 1330 224 1348 ,
250 1302 320 1354 qui
348 1300 496 1339 dicitur
523 1301 644 1340 fuisse

398 1366 548 1441 &than
581 1366 701 1423 254>
732 1369 863 1428 00⁰5:
895 1376 987 1434 <5⁹³
1023 1385 1064 1424 ⁸²?
1098 1369 1228 1434 0²⁴¹>
1262 1387 1354 1433 ΟΜ

196 1440 263 1480 De
289 1443 446 1482 illorum
471 1457 651 1494 numero,
676 1458 770 1498 quos
797 1445 1018 1498 concipiunt
1042 1454 1184 1483 matres
1199 1474 1209 1491 ‚
1247 1458 1364 1499 quum
1397 1445 1524 1483 stricti

468 1506 556 1536 sunt
581 1498 678 1536 nodi
701 1498 858 1536 roetlzaki
873 1528 883 1546 ,
931 1513 1044 1553 quem
1067 1508 1221 1551 gerunt.

145 1562 300 1602 Gerunt
326 1577 470 1618 nempe
507 1561 718 1603 Arabissae
732 1594 745 1614 ,
770 1578 852 1602 non
880 1565 976 1603 item
1004 1563 1158 1602 Arabes
1176 1594 1188 1612 ‚
1223 1562 1340 1602 hosas
1366 1578 1435 1602 seu
1462 1563 1576 1603 tubia

143 1631 225 1656 non
254 1626 447 1672 angusta,
488 1618 557 1659 sed
586 1618 849 1672 amplissima,
894 1618 1027 1671 qualia
1066 1633 1140 1657 nos
1181 1619 1475 1658 Plcmderlzosen
1501 1634 1577 1671 ap-

141 1673 334 1726 pellamus
351 1702 364 1723 ,
406 1681 446 1713 et
481 1688 656 1727 quorum
689 1672 855 1726 effigiem
889 1680 1063 1727 praestat
1100 1673 1151 1712 de
1178 1672 1217 1712 la
1244 1674 1407 1726 Rocque
1435 1675 1477 1711 in
1502 1688 1576 1712 suo

145 1728 311 1782 Voyage
334 1730 436 1769 dans
461 1730 505 1768 la
523 1729 719 1768 Pal-eseiae
746 1743 787 1783 p.
804 1727 896 1769 250.
954 1728 1157 1768 Describit
1183 1727 1286 1767 illud
1310 1730 1478 1767 vestitus
1506 1743 1578 1782 ge-

142 1807 220 1833 nus
237 1823 249 1844 ‚
278 1795 373 1846 ipsis
399 1784 540 1859 &lh-3,
570 1795 734 1843 Nemeto,
762 1793 1215 1845 dictum‚Rauchwolff
1238 1794 1420 1833 Itinerar.
1452 1794 1505 1832 11.
1532 1794 1573 1834 5.

142 1848 208 1888 his
249 1850 383 1888 verbis
398 1865 410 1888 ε
451 1852 563 1889 hosas
603 1865 682 1889 non
721 1859 862 1903 gerunt
879 1849 1032 1890 Arabes
1046 1879 1058 1900 ,
1086 1850 1157 1888 sed
1183 1858 1330 1888 tantum
1347 1849 1574 1897 Araba-sae,

138 1904 365 1958 pleramque
389 1914 526 1944 veneto
553 1906 692 1944 tinctas
718 1905 850 1944 colore
873 1935 884 1953 ,
915 1913 953 1944 et
979 1919 1095 1959 usque
1120 1904 1178 1942 ad
1201 1905 1402 1943 malleolos
1431 1904 1577 1959 pedum

137 1960 394 2012 pertinentes,
451 1961 510 1999 ad
542 1961 698 1999 modum
742 1961 970 1999 Tun-mum.
1037 1960 1072 1998 F
1074 1961 1230 1998 oemina
1249 1988 1261 2009 ‚
1302 1973 1406 2012 quae
1444 1960 1578 1998 virum

144 2013 354 2052 admittere
379 2014 524 2062 vellet,
555 2029 711 2054 necesse
738 2022 823 2054 erat
838 2045 850 2064 ‚
878 2023 924 2054 ut
949 2014 1049 2054 tales
1077 2014 1193 2053 hosas
1210 2043 1222 2064 ,
1254 2011 1386 2062 ζώνας
1413 2020 1483 2052 aut
1505 2012 1576 2064 μί-

144 2081 249 2120 τρας
274 2067 470 2119 solveret3
499 2084 628 2124 neque
656 2077 810 2123 poterat
837 2071 900 2109 vir
929 2070 985 2109 illi
1014 2070 1170 2108 misceri
1188 2098 1200 2119 ,
1250 2069 1441 2122 quamdiu
1481 2082 1576 2107 con-

144 2122 339 2163 nodatum
386 2124 549 2164 haberet
611 2126 781 2165 foemina
817 2139 935 2164 suum
972 2125 1202 2164 nethacum.
1265 2125 1414 2164 Poetae
1456 2123 1578 2176 igitur

146 2177 304 2217 Arabes
340 2179 374 2217 si
410 2194 529 2233 quem
571 2179 750 2228 laudant,
795 2187 841 2219 ut
877 2187 964 2219 tum
1001 2186 1235 2232 conceptum
1259 2208 1270 2226 ‚
1294 2193 1420 2232 quum
1451 2185 1578 2217 mater

145 2234 231 2272 eius
267 2247 406 2272 zonam
442 2235 612 2274 solutam
650 2250 732 2275 non
770 2234 932 2274 haberet
949 2265 961 2285 ,
1000 2234 1069 2273 sed
1111 2235 1269 2285 corpori
1314 2234 1544 2272 adstrictam
1562 2262 1575 2283 ,

147 2288 385 2340 significant,
411 2289 532 2329 talem
559 2304 641 2329 non
665 2305 710 2329 ex
738 2291 922 2337 homine,
951 2290 1022 2329 sed
1050 2303 1094 2328 ex
1116 2289 1308 2327 daemone
1325 2295 1575 2340 conceptum,

146 2349 194 2381 ut
221 2345 291 2396 qui
320 2358 411 2382 cum
439 2344 605 2384 muliere
627 2345 815 2399 congredi
839 2346 983 2398 possit,
1014 2345 1167 2384 etiamsi
1196 2357 1294 2382 zona
1322 2357 1402 2382 non
1430 2342 1573 2382 soluta.

145 2397 246 2436 Tale
290 2398 498 2438 hominum
541 2414 664 2453 genus
683 2430 695 2448 ‚
744 2400 794 2439 de
831 2415 911 2454 quo
953 2399 1078 2439 multa
1105 2398 1336 2438 fabulantur
1386 2397 1542 2436 Arabes
1562 2426 1578 2447 ,

146 2452 335 2492 excellere
361 2454 479 2493 rebus
506 2456 547 2493 in
573 2456 757 2494 omnibus
774 2484 786 2502 ,
814 2453 1029 2494 virtutibus
1057 2455 1265 2508 vitiisque,
1308 2452 1472 2492 modum
1498 2451 1576 2490 hu-

147 2519 310 2547 manum
335 2509 559 2562 perhibent.

226 2562 323 2613 245.
346 2565 392 2604 C.
423 2567 579 2617 penult.
601 2564 716 2620 [4239
735 2562 799 2618 7.]
844 2560 1034 2615 ἕσηκώθη
1074 2554 1149 2602 οὗν
1175 2559 1314 2602 ἐπάνω
1350 2561 1427 2601 τοῦ
1454 2573 1577 2601 σκου-

148 2615 294 2667 ταρίου
334 2616 562 2670 ἱστάμενος.
619 2621 681 2659 De
708 2633 818 2658 more
846 2619 1108 2670 Imperatores
1131 2632 1266 2658 recens
1293 2616 1436 2656 electos
1465 2624 1577 2655 scuto

152 2671 404 2724 imponendi,
443 2690 535 2715 cum
565 2684 706 2729 torque
734 2676 774 2713 in
804 2675 932 2727 capite
951 2703 963 2723 ‚
1019 2680 1131 2713 scuto
1159 2680 1198 2712 et
1223 2672 1336 2711 hasta
1362 2679 1510 2711 stantes
1536 2671 1578 2709 in

150 2734 260 2767 scuto
286 2730 517 2770 sublevandi
554 2739 593 2771 et
647 2745 670 2771 e
695 2729 884 2770 tribunali
914 2729 1057 2769 turbae
1093 2727 1340 2772 monstrandi
1354 2756 1366 2780 ,
1394 2727 1578 2780 frequens
