1832 3126
154 178 230 220 An
267 175 568 221 coNs'rmr.
606 174 804 219 Pomm.
841 175 914 218 DE
953 175 1135 218 cssmm.
1180 175 1279 218 Lm.
1319 178 1354 217 1.
1411 159 1512 233 167

82 280 367 332 Imperatorem
395 279 438 319 in
468 278 632 317 Circum
654 285 815 317 euntem
840 279 1019 331 stipasse.
1079 277 1176 317 vid.
1204 277 1361 318 Codicis
1390 280 1516 318 nostri

81 349 125 388 p.
149 333 219 374 52.
244 334 291 373 B.
319 333 415 374 fine.
471 333 682 373 scribones
710 340 750 372 et
780 333 1037 372 Mandatores
1055 333 1263 386 gestabant
1291 335 1446 389 virgas,
1477 341 1518 374 et

81 391 135 484 {2
149 388 468 483 zzoeessionspus
487 387 879 481 equestribusdibant
905 388 1151 481 pediges‚tp.
1179 387 1247 481 fip.
1276 389 1344 483 C.d
1380 390 1518 428 Mitte-

80 458 176 538 dassss.
195 456 766 553 ssssffissssffifflffiffi,
791 456 1089 536 ἳῗᾚίἲαὲἑ
1106 457 1518 552 ..Pessssffizpssismss‘sst

80 556 269 606 gistmtus
286 567 492 607 supremos
521 558 698 605 agerent.
755 552 894 605 Lupus
925 552 1192 605 Protospatha
1219 553 1341 595 Anno
1381 554 1516 596 :0580

86 609 259 661 Ibomlff
290 609 483 664 patra-cias
500 608 608 660 ficit
630 605 804 647 occidere
830 608 1044 647 scribonem
1071 609 1114 647 in
1139 609 1298 650 civitate
1326 609 1517 650 Com-oni.

191 664 240 703 C.
261 662 304 703 5.
347 662 474 717 68,7.
528 662 764 715 προσκαλεῖ.
819 663 879 701 Μ.
909 663 1223 713 προσκαλεῖται.

186 718 233 758 C.
258 716 299 758 5.
345 717 415 768 68,
431 731 474 772 9.
526 711 549 754 ὅ
578 715 626 756 δὲ
647 712 860 782 βασιλεὺς.
919 719 978 756 Μ.
1010 711 1095 766 ὅ,τε
1123 717 1166 768 β.

29 819 34 822 ,
188 772 419 828 C.ult.[68,
445 769 531 826 16.]
564 767 610 811 τὸ
640 785 661 810 ο
690 769 819 811 δεῖνα.
878 772 938 811 lta
964 779 1022 812 est
1046 772 1087 811 in
1126 770 1290 824 codice,
1334 771 1404 814 sed
1436 772 1516 828 leg.

20 842 23 845 ·
80 826 139 881 τῷ
172 825 364 880 watra,
403 825 717 880 subintelligitur
756 823 969 878 διδόασιν,
1016 827 1110 866 boni
1145 827 1301 867 domini
1326 828 1426 868 dant
1446 830 1519 868 hoc

79 883 147 922 illi
167 891 207 923 et
230 883 319 934 illi,
363 882 429 922 vel
456 882 577 922 etiam
607 879 665 935 τῷ
701 878 819 921 δεῖνα
857 880 1012 932 δίδοτε,
1052 874 1088 920 αἶ
1115 875 1273 933 ἆγαθοί
1297 879 1518 935 δεσπόται,

79 938 147 979 illi
168 946 208 978 et
231 938 298 978 illi
319 938 424 987 date,
453 952 479 978 o
497 937 591 976 boni
613 937 780 976 domini.
836 937 933 976 Vid.
955 951 998 990 p.
1027 951 1091 976 ιι.
1114 937 1163 976 C.
1189 951 1252 976 12.

188 993 244 1033 D.
265 991 308 1033 8.
329 991 419 1047 [68,
440 990 530 1046 22.]
557 990 616 1046 τῷ
639 987 820 1042 μεγάλω.
872 992 1040 1045 ᾹῙαςηο,
1070 991 1111 1031 id
1137 998 1197 1031 est
1219 993 1367 1032 seniori
1389 991 1518 1032 domi-

78 1055 372 1143 2325.ssssss
382 1047 506 1144 ’mid
487 1046 881 1142 θῖἷεῗῗοήῐιέιὲῖῗ
894 1047 1518 1142 {3¹1³ss³·⁰{2f³{dii⁰32‘v'²1'm²ir¹¹¹ss¹⁰

1019 1118 1031 1141 l
1297 1131 1308 1142 ο
1409 1131 1420 1142 ο
1492 1119 1519 1143 U.

78 1158 215 1212 Gange
237 1171 280 1198 v.
305 1132 546 1199 domicellus.
602 1115 744 1196 Giiggci
770 1171 932 1210 quoque
962 1165 1115 1198 veteres
1145 1157 1278 1209 μέγας
1304 1164 1345 1197 et
1369 1155 1518 1210 μικρὸς

79 1227 155 1267 pro
179 1228 269 1252 sene
293 1221 334 1253 et
359 1214 498 1252 iuvene
522 1211 725 1267 ponebant
744 1240 756 1262 ‚
785 1226 828 1251 v.
850 1213 899 1253 cl.
930 1211 1113 1253 Abi-esch
1137 1212 1191 1250 ad
1212 1212 1402 1266 Aeschyl.
1427 1228 1519 1267 pag,

81 1269 174 1323 287.
196 1269 315 1322 Diog.
335 1269 470 1307 Laert.
488 1282 529 1321 p.
557 1266 651 1308 305.
683 1265 744 1318 14.
773 1267 834 1307 ed.
867 1268 1066 1307 wetsten.
1082 1297 1094 1318 ‚
1133 1267 1203 1307 ubi
1242 1266 1346 1307 male
1370 1282 1518 1309 nomen

79 1324 286 1376 proprium
306 1337 352 1363 ex
374 1336 422 1362 eo
446 1322 625 1362 fecerunt
639 1352 652 1372 ‚
682 1322 727 1362 it.
751 1335 791 1375 p.
810 1321 877 1377 49.
907 1337 1028 1377 segm.
1055 1337 1120 1379 79.
1135 1351 1147 1373 ,
1187 1322 1258 1362 ubi
1285 1322 1336 1363 de
1357 1323 1517 1364 Pittaco

80 1379 300 1418 recentiore
320 1391 452 1418 sermo
473 1384 545 1418 est.
595 1378 607 1387 ‘

134 1433 202 1479 42.
218 1432 271 1474 A.
285 1430 326 1483 4.
345 1431 433 1486 [69,
452 1430 512 1486 4.]
542 1426 612 1470 &a
641 1428 717 1482 τῆς
741 1429 886 1483 μέσης.
940 1431 1024 1471 Per
1041 1431 1178 1472 Mesen
1195 1462 1206 1481 ,
1237 1446 1308 1472 seu
1326 1432 1512 1472 mediam.

79 1486 181 1527 Erat
210 1487 252 1525 id
274 1500 419 1526 nomen
449 1485 592 1539 longae
614 1484 718 1525 latae
743 1485 899 1538 plateae
912 1516 924 1534 ‚
958 1501 1062 1540 quae
1093 1486 1145 1525 ab
1171 1501 1294 1526 aurea
1322 1495 1438 1541 porta
1464 1488 1517 1527 ad

79 1540 273 1594 palatium
300 1554 427 1594 usque
455 1539 703 1593 pertinebat,
734 1547 775 1579 et
796 1541 968 1579 mediam
998 1541 1143 1579 urbem
1168 1541 1341 1580 secabat.
1395 1542 1518 1581 Unde

6 1618 8 1620 ·
80 1596 256 1646 sactum,
291 1602 338 1634 ut
374 1609 492 1648 saepe
517 1608 678 1649 quoque
712 1594 884 1633 mediam
914 1595 1056 1634 urbem
1087 1602 1223 1648 notet,
1268 1603 1307 1635 et
1333 1603 1516 1636 vertatur

73 1665 154 1706 pet·
181 1650 352 1689 mediam
382 1651 525 1690 urbem.
584 1648 678 1688 Vid.
711 1649 850 1703 Cangii
881 1649 980 1688 CPl.
1006 1649 1154 1689 Christ.
1178 1665 1220 1703 p.
1245 1664 1314 1704 70.
1369 1651 1516 1690 Memi-

78 1706 140 1744 nit
163 1705 285 1744 huius
316 1704 470 1759 plateae
497 1712 536 1744 et
564 1702 631 1743 hic
661 1711 796 1743 noster
827 1703 957 1742 Codex
977 1734 987 1751 ,
1030 1712 1070 1744 et
1095 1704 1163 1742 alii
1192 1706 1426 1758 Byzantini‚
1469 1714 1516 1746 ut

76 1759 367 1813 Tbeophanes‚
397 1760 600 1798 cedrenus
614 1788 627 1809 ,
657 1759 740 1798 Leo
759 1759 1051 1798 Grammaticus
1067 1789 1078 1809 ‚
1109 1759 1372 1799 continuator
1387 1760 1515 1801 Theo-

20 1866 23 1867 ⁷
79 1815 248 1881 phanis,
275 1815 591 1868 perfrequenter.
648 1813 702 1853 V.
720 1813 902 1866 Theoph.
924 1828 1011 1868 pag.
1034 1813 1100 1854 88.
1125 1814 1170 1855 Β.
1190 1813 1228 1853 8.
1252 1828 1346 1853 200.
1372 1814 1424 1854 A.
1451 1829 1515 1856 10.

83 1869 176 1911 008.
196 1871 248 1910 D.
272 1871 367 1923 372.
397 1870 447 1908 D.
469 1869 509 1909 8.
555 1870 639 1908 Leo
684 1869 861 1910 Gramm.
887 1867 983 1920 462.
1017 1869 1061 1908 Β.
1103 1867 1143 1907 6.
1167 1867 1263 1922 470.
1286 1869 1338 1908 D.
1362 1871 1399 1910 3.
1417 1869 1514 1924 496.

81 1924 131 1964 G.
162 1938 195 1964 1.
217 1923 310 1967 510.
335 1925 380 1965 C.
403 1924 574 1965 Cedren.
593 1937 636 1977 p.
660 1922 751 1978 757.
777 1923 821 1964 C.
839 1939 876 1978 7.
907 1923 1024 1962 Cont.
1046 1922 1229 1975 Theoph.
1261 1937 1299 1976 p.
1319 1923 1383 1965 55.
1402 1925 1455 1963 A.
1471 1941 1515 1980 9,

82 1979 199 2018 Patet
222 1993 269 2018 ex
294 1979 356 2019 his
375 1979 472 2019 locis
490 2009 501 2028 ,
536 1978 738 2018 interdum
767 1976 793 2030 ἦ
818 1975 924 2031 μέση
945 1977 1176 2030 simpliciter
1190 2007 1203 2028 ‚
1232 1977 1434 2017 interdum
1449 1981 1513 2019 ad-

83 2034 168 2072 dito
195 2034 368 2075 πλατεῖα
395 2041 465 2073 aut
490 2030 703 2086 λεωφόρος
729 2034 871 2073 efferri.
927 2034 1001 2072 Est
1026 2032 1094 2071 illa
1126 2032 1246 2085 longa
1267 2040 1307 2072 et
1329 2032 1408 2072 [ata
1428 2035 1510 2083 via,

84 2090 199 2128 cuius
220 2089 399 2127 meminit
422 2088 527 2128 della
549 2088 667 2128 Valle
690 2089 737 2128 L.
765 2090 794 2128 1.
818 2089 1028 2127 Itinerarii.
1085 2087 1222 2126 Potest
1240 2095 1374 2127 tamen
1392 2090 1512 2130 etiam

83 2145 186 2184 verti
205 2157 284 2198 per·
310 2144 579 2185 intermediam
605 2145 715 2182 viam
733 2173 744 2195 ,
787 2143 1074 2196 qualiscunque
1111 2142 1312 2181 ecclesiam
1339 2150 1378 2182 et
1399 2143 1511 2196 pala-

82 2199 187 2237 tium
217 2198 446 2240 intercedit:
495 2195 522 2251 ἦ
548 2196 684 2251 μέση,
729 2212 874 2252 nempe
911 2194 1033 2248 ὁδὸς,
1079 2197 1184 2236 idem
1222 2204 1282 2236 est
1313 2205 1434 2252 atque
1462 2197 1510 2239 τὰ

84 2251 236 2306 μέσον,
275 2252 341 2291 vel
370 2249 415 2291 τὸ
448 2252 493 2292 ἐν
517 2252 646 2303 μέσω.
699 2253 870 2306 Procop.
898 2253 948 2292 de
986 2252 1141 2292 aedific.
1166 2252 1318 2292 Iustum
1357 2250 1511 2307 περόνῃ

79 2306 219 2359 χρυσῆ
245 2306 299 2360 τῇ
323 2305 512 2358 χλαμύδι
538 2291 744 2359 gusiano,
773 2309 893 2348 λίθον
920 2305 992 2346 ἐπὶ
1016 2305 1146 2358 μέσης
1171 2303 1510 2359 περιφράττουσά

83 2374 179 2401 τινα
205 2357 390 2412 ἔντιμον,
428 2363 470 2400 in
502 2362 629 2401 medio
655 2364 730 2401 sui.
787 2364 868 2402 Leo
895 2363 1113 2400 Grammat.
1137 2376 1226 2414 pag.
1250 2360 1345 2412 450.
1377 2364 1421 2404 C.
1449 2379 1512 2404 ι2.

85 2413 112 2467 ἦ
139 2412 247 2468 μέση
272 2413 344 2467 τῆς
372 2412 486 2466 ὁδοῦ,
513 2417 644 2456 media
668 2418 753 2456 υία.
796 2418 966 2460 Cedren.
987 2432 1026 2470 p.
1049 2414 1141 2456 518.
1168 2417 1219 2455 D.
1247 2416 1286 2468 4.
1315 2414 1418 2457 κατὰ
1441 2417 1510 2469 μέ-

85 2483 175 2521 σην,
202 2471 333 2509 media
363 2471 406 2509 in
431 2472 517 2510 via.
557 2471 666 2510 Idem
682 2487 720 2525 p.
742 2470 834 2522 548.
858 2474 900 2513 Β.
926 2471 964 2522 4.
989 2479 1027 2509 et
1045 2470 1136 2511 551.
1155 2470 1199 2511 C.
1224 2469 1262 2512 8.
1290 2470 1335 2510 ἐν
1360 2472 1410 2525 τῇ
1434 2472 1511 2523 με’-

87 2537 138 2578 οῃ
176 2524 248 2576 τῆς
275 2519 444 2570 πόλεως.
500 2525 560 2564 lta
588 2526 691 2567 infra
717 2527 823 2579 apud
856 2527 1042 2566 Nostrum
1069 2540 1158 2578 pag.
1190 2525 1256 2575 81).
1284 2527 1325 2566 B.
1351 2541 1391 2581 9.
1437 2526 1509 2567 dui

86 2576 214 2630 μέσης
241 2578 316 2617 τοῦ
345 2578 492 2629 Ναοῦ,
522 2594 600 2642 per·
625 2581 793 2620 medium
817 2582 998 2636 templum
1016 2609 1028 2630 ,
1057 2594 1094 2632 p.
1121 2579 1186 2634 87.
1212 2570 1261 2620 Ji.
1287 2581 1359 2620 ult.
1387 2582 1432 2621 ἐν
1458 2582 1511 2636 τῇ

88 2630 192 2685 μέσῃ
219 2633 294 2671 τοῦ
319 2628 476 2686 φόρου,
518 2647 560 2674 ιη
589 2637 715 2675 medio
729 2637 855 2686 soro,
901 2641 940 2674 et
968 2633 1103 2687 paullo
1126 2642 1214 2687 post
1242 2634 1287 2674 ἐν
1313 2636 1364 2687 τῆ
1389 2636 1498 2689 μέση

89 2685 172 2724 τῶν
198 2684 505 2737 ἀξιωματικῶν,
551 2703 591 2742 p.
615 2690 702 2741 124.
722 2691 773 2728 D.
798 2690 834 2730 5.
873 2689 933 2736 εἰς
961 2685 1037 2740 τὴν
1062 2689 1193 2744 μέσην
1218 2690 1300 2732 τῶν
1328 2677 1512 2745 τῖ”ιιάπαίιι

91 2751 130 2795 p·
158 2738 242 2795 142.
263 2742 308 2786 C.
338 2756 376 2796 7.
411 2741 470 2790 εἰς
499 2738 574 2796 τήν
600 2745 731 2799 μέσην
758 2745 830 2786 τοῦ
860 2740 1081 2799 τρικλίνου.
