1884 3132
221 137 295 187 AD
337 135 631 179 CONSTANT.
672 137 868 179 ponpa.
908 138 978 178 DE
1024 136 1205 179 cmm.
1245 139 1344 180 Lm.
1387 140 1419 178 1.
1453 116 1564 174 ..2161

146 239 388 294 praefatione
407 239 512 287 dixi,
542 239 803 293 quamobrem
835 254 982 292 gnarus
1005 247 1045 280 et
1075 240 1249 294 prudens
1269 239 1343 279 hac
1376 239 1417 278 in
1446 253 1490 285 re
1521 238 1570 278 li-

149 295 284 335 brario
303 295 432 347 potius
448 325 459 345 ,
488 297 557 348 qui
587 295 836 335 membranas
853 302 1007 335 nostras
1030 297 1203 336 exaravit
1222 323 1235 346 ,
1265 309 1385 350 quam
1410 294 1566 334 saeculo

138 357 286 390 ,nostro
305 364 456 389 morem
482 353 681 403 gesserim.

258 406 304 444 Β.
328 403 368 456 4.
410 404 505 455 581,
531 402 612 456 11.]
642 402 900 454 πανδουρῶν.
930 405 1059 454 Quale
1082 406 1133 444 sit
1155 407 1462 444 instrumentum
1480 416 1570 443 mu-

151 461 276 499 sicum
303 473 381 512 pan
411 473 511 508 ura,
553 473 597 497 ex
615 459 761 497 Nostro
789 459 948 511 quidem
978 474 1058 499 non
1084 468 1260 513 apparet.
1318 459 1372 497 At
1400 459 1571 498 Chroni-

151 529 227 555 σου
252 514 564 555 Alexandrinum
593 514 726 579 prodit
748 513 885 551 tibiam
918 528 1020 563 esse,
1061 517 1173 554 cuius
1199 529 1236 568 p.
1267 514 1361 553 268.
1383 514 1480 552 hacc
1511 513 1569 553 le-

149 577 298 625 guntur
315 585 328 609 :
358 567 396 608 οἱ
431 561 504 607 οὖν
530 563 700 607 ἕκαστον
723 566 910 618 ἀριθμοῦ
940 567 1191 620 πανδοῦροι,
1220 570 1389 608 tibicines
1432 570 1562 607 untias-

151 627 328 681 cuiusque
347 625 508 663 cohortis
519 651 538 670 ,
565 618 646 661 ἀπὸ
676 617 1056 687 ἓσπέραςῑνεερεηι
1097 625 1173 663 diei
1212 623 1478 677 antecedenti]
1511 622 1571 669 εἰς

150 676 250 726 ‘cotie
277 675 413 725 οἴκους
440 673 629 724 ἀπιόντες
656 676 737 716 τῶν
766 678 996 730 κςαλουντων
1027 675 1101 725 οὓς
1147 672 1297 729 ἤθελον
1325 677 1388 717 ἐπ’
1418 676 1572 732 ἀρίστῳ

151 733 210 782 εἷς
233 730 308 786 τὴν
331 729 447 785 ἑξῆς,
489 725 640 797 Ἆῦλουν
667 727 772 784 πρὸς
807 728 852 771 τὸ
891 733 1042 784 γνῶναι
1077 733 1221 773 ἐκεῖσε.
1279 734 1329 771 lt.
1361 733 1444 772 vita
1471 739 1575 771 msta

153 791 329 830 Simeon.
350 787 472 827 Sam:
499 788 647 837 ελαβεν
665 786 709 826 ἐν
735 786 814 841 μιᾷ
838 785 1065 840 ηανὸοὐριν
1083 786 1155 827 καί
1180 782 1327 841 ἤρξατο
1347 787 1488 826 αὐλεῖν
1514 786 1573 833 εἷς

151 839 421 895 στενυρύμην.
481 843 567 882 Hoc
591 842 678 881 ideo
698 842 942 882 monendum
959 843 1077 892 duxi,
1107 844 1200 896 quia
1226 850 1374 882 veteres
1401 841 1574 881 trichor-

152 899 250 939 dum
275 898 498 952 pandu'ram
519 897 796 950 appellabant3
814 897 896 936 vid.
925 897 1091 936 Salmas.
1123 899 1174 938 ad
1205 898 1291 937 Ser.
1325 897 1429 936 Hist.
1463 896 1571 950 Aug.

151 955 204 994 T.
223 955 255 992 1.
276 969 318 1008 p.
338 953 434 1008 874.
490 952 770 992 Panduramne
793 952 921 992 voluit
946 953 1177 992 Anastasius
1197 983 1210 1004 ,
1235 954 1277 992 in
1306 952 1417 991 cuius
1450 951 1572 990 Adri-

151 1023 228 1048 ano
255 1009 287 1047 1.
315 1023 359 1061 p.
399 1022 486 1062 ¹⁰7·
514 1007 612 1046 haee
652 1007 869 1061 leguntur:
908 1007 1075 1047 Diremit
1108 1010 1149 1047 in
1186 1009 1267 1048 eius
1303 1005 1454 1060 [Caroli
1492 1007 1573 1058 M.]

152 1077 349 1103 occursum
371 1065 566 1102 universos
588 1063 732 1101 iudices
747 1092 758 1114 ,
783 1063 936 1115 adfine
958 1063 1023 1102 30.
1053 1065 1182 1102 millia
1213 1063 1263 1101 ab
1292 1063 1366 1100 hac
1394 1062 1572 1100 Romana

153 1119 269 1167 urbe,
300 1120 343 1157 in
369 1118 508 1166 lomcm,
526 1118 596 1172 qui
614 1117 921 1166 dicitur-Nonas,
957 1119 1023 1156 ubi
1055 1133 1140 1156 eum
1173 1132 1256 1157 cum
1286 1116 1460 1156 bandora
1489 1131 1572 1155 sus-

152 1181 344 1228 ceperunt.
401 1173 479 1212 Sed
506 1173 646 1225 procul
668 1171 791 1212 dubio
822 1174 978 1226 scripsit
1014 1172 1080 1212 ille
1113 1188 1198 1212 cum
1244 1172 1371 1211 bando
1412 1171 1474 1229 [id
1515 1178 1575 1210 est

152 1227 297 1268 vexillo
316 1227 530 1281 imperiali]
551 1242 592 1265 re
615 1237 867 1291 susceperunt.

267 1283 315 1323 Β.
333 1281 372 1322 5.
393 1281 510 1337 [581,
537 1280 616 1335 1¹.]
647 1295 811 1334 γουνας.
871 1282 1003 1322 Vestes
1023 1284 1238 1338 pelliceas,·
1279 1281 1363 1321 vid.
1400 1280 1576 1320 Linden-

155 1338 271 1389 brog.
295 1337 346 1376 ad
369 1337 504 1376 Amm.
518 1336 696 1376 Marcell.
719 1338 860 1389 p.125.
877 1337 924 1375 B.
946 1345 985 1377 et
1003 1339 1070 1376 Du
1089 1338 1220 1391 Gange
1246 1338 1314 1376 Gi.
1338 1343 1508 1389 utroque
1532 1335 1577 1374 h.

155 1405 200 1432 v.
218 1391 425 1447 *[Pa1cper·
446 1401 484 1430 et
495 1401 679 1444 gunnata,
696 1393 742 1430 id
762 1401 817 1430 est
823 1393 990 1446 pellicea
1011 1393 1204 1440 Scuonia,
1224 1393 1381 1445 Luitpr.
1395 1389 1576 1444 p.154.]*

157 1447 232 1486 Est
252 1461 294 1499 p.
309 1445 402 1496 485.
422 1445 476 1485 A.
499 1446 593 1484 edit.
607 1447 756 1484 Murat.
777 1447 978 1486 Remansit
995 1461 1072 1486 vox
1088 1448 1129 1486 in
1149 1461 1327 1486 sermone
1339 1445 1573 1498 Anglicano‚

155 1502 198 1540 in
221 1515 301 1554 quo
324 1514 444 1552 gown
478 1507 591 1538 notat
620 1501 787 1554 pallium
803 1531 814 1549 ‚
856 1500 1002 1540 scilicet
1032 1502 1162 1541 medio
1189 1515 1287 1540 aevo
1315 1501 1463 1553 ubique
1496 1506 1576 1537 ter-

155 1569 293 1594 rarum
314 1568 436 1607 paene
467 1554 591 1607 pelliti
612 1554 848 1594 incedebant
884 1563 923 1593 et
964 1558 1129 1596 extimae
1151 1556 1394 1594 honestiores
1421 1559 1574 1602 vestes,

158 1611 200 1650 id
222 1618 280 1650 est
298 1609 439 1662 pallia,
467 1609 602 1662 pellita
622 1616 756 1657 erant,
785 1611 840 1648 sic
866 1617 912 1649 ut
943 1610 1097 1649 hirsuta
1116 1625 1207 1663 pars
1230 1611 1395 1648 interius
1419 1622 1576 1662 gerere-

156 1673 238 1704 tur.
295 1665 462 1703 Possent
489 1664 610 1702 Gothi
650 1671 690 1703 et
727 1672 859 1717 gentes
899 1664 1220 1717 septentrionales
1257 1665 1384 1703 videri
1419 1677 1574 1702 morem

157 1720 266 1760 hunc
294 1719 499 1759 invexisse.
556 1719 634 1757 Sed
678 1720 847 1758 Romani
886 1721 964 1759 iam
996 1720 1200 1773 gestabant
1235 1718 1399 1772 penulas
1414 1748 1425 1770 ,
1455 1718 1496 1756 id
1521 1724 1580 1756 est

158 1775 280 1828 pallia
302 1774 463 1827 pellita3
493 1774 674 1827 quamvis
705 1788 800 1813 usus
834 1789 970 1814 eorum
1003 1782 1085 1813 tam
1111 1775 1295 1827 frequens
1333 1788 1416 1812 non
1447 1779 1547 1811 esset
1565 1800 1579 1823 ‚

160 1837 280 1882 atque
316 1829 389 1867 suit
421 1843 519 1867 aevo
557 1829 703 1867 medio.
760 1830 880 1868 Unde
905 1831 1042 1868 mirari
1076 1830 1207 1876 subit,
1234 1830 1302 1881 qui
1336 1829 1425 1874 fiat,
1456 1834 1502 1865 ut
1537 1828 1580 1864 in

160 1885 361 1923 mentione
383 1891 443 1922 tot
467 1898 655 1937 generum
675 1885 837 1923 vestitus
874 1892 1007 1923 noster
1027 1885 1148 1923 codex
1180 1891 1313 1922 tamen
1330 1882 1579 1936 pelliciorum

160 1952 286 1992 paene
311 1938 460 1977 nullam
486 1939 604 1977 faciat
620 1969 631 1986 ⁷
661 1939 779 1992 idque
805 1953 852 1978 eo
875 1941 1015 1992 magis,
1036 1954 1160 1992 quum
1186 1939 1324 1977 Graeci
1343 1937 1578 1975 commercia

160 2007 252 2032 cum
286 1993 421 2032 Russis
458 2001 706 2044 exercerent,
750 2009 773 2032 a
809 1995 952 2046 quibus
978 1995 1132 2047 pellicia
1163 1992 1300 2046 procul
1326 1992 1448 2030 dubio
1476 1991 1581 2029 acci-

191 2048 337 2086 iebant.
392 2047 468 2086 Sed
489 2048 563 2087 hac
591 2048 640 2086 de
671 2063 714 2087 re
750 2048 844 2087 alibi
874 2049 984 2098 dico,
1015 2049 1084 2087 ubi
1113 2049 1162 2086 de
1191 2047 1372 2086 castoreis
1398 2060 1485 2099 ago.
1513 2044 1578 2084 Ad

160 2062 268 2141 Eune
296 2101 427 2140 locum
443 2102 572 2141 adhuc
591 2110 685 2141 noto
700 2134 711 2153 ‚
736 2103 968 2142 ioculatores
992 2103 1064 2142 hos
1081 2103 1234 2156 pellitos
1256 2117 1279 2140 a
1301 2101 1448 2154 Papia,
1477 2099 1579 2139 forte

163 2171 210 2196 ex
236 2157 323 2196 aevi
342 2158 402 2195 sui
426 2171 558 2208 more,
589 2165 658 2196 aut
685 2166 790 2197 certe
816 2173 861 2197 ex
896 2160 1086 2210 scriptore
1116 2158 1289 2210 quodam
1322 2156 1441 2194 medii
1465 2156 1579 2205 aevi,

162 2213 340 2265 setiger-os
358 2211 559 2264 appellari.
614 2212 782 2265 Setiger,
817 2213 1004 2252 ioculator
1028 2214 1153 2251 cilicio
1191 2212 1237 2266 [f.
1258 2209 1438 2265 pellicio]
1465 2210 1580 2247 vesti-

138 2275 219 2312 ,τηε
235 2281 251 2315 ,·
281 2267 354 2304 nisi
377 2267 544 2306 cilicium
562 2280 634 2318 pro
648 2268 750 2319 pelle
770 2268 921 2306 hirsuta
936 2297 946 2315 ‚
992 2267 1203 2320 diphthera
1222 2265 1408 2320 posuerit.
1449 2264 1577 2303 Porro

162 2322 219 2362 ait
240 2321 382 2360 Noster
406 2329 571 2374 gestatas
591 2319 678 2360 illas
708 2337 831 2375 gunas
852 2323 968 2361 fixisse
1002 2321 1045 2369 ἐξ
1073 2318 1346 2374 ἀντιστρόφου
1362 2349 1373 2369 ‚
1400 2321 1550 2357 inverse
1565 2348 1578 2369 ‚

164 2375 219 2416 ita
245 2382 292 2414 ut
320 2389 411 2429 pars
456 2376 633 2422 hirsuta,
664 2391 765 2429 quae
802 2378 1002 2415 communi
1030 2391 1140 2415 more
1172 2376 1270 2415 solet
1303 2375 1408 2413 intus
1439 2387 1579 2413 versus

165 2430 288 2476 cutim
317 2431 458 2484 gestari
503 2439 541 2470 et
576 2443 647 2482 pro
673 2433 840 2470 maxima
875 2439 986 2483 parte
1020 2438 1273 2484 conspectum
1301 2430 1423 2481 fugit,
1468 2434 1577 2467 extro

166 2491 370 2532 vertatur,
400 2492 446 2523 ut
467 2485 558 2536 ille,
587 2484 636 2521 de
661 2499 740 2537 quo
767 2487 954 2524 Moschus
982 2486 1208 2524 in'Limone
1237 2499 1274 2523 c.
1296 2484 1384 2524 126.
1414 2490 1575 2522 narrat:

167 2536 212 2576 ἓν
237 2539 315 2593 μιᾷ
341 2540 518 2593 κυριακῇ
547 2537 733 2588 εἰσῆλθεν
760 2538 818 2585 εἷς
843 2537 917 2591 τὴν
952 2538 1168 2591 ἐκκλησίαν
1205 2538 1390 2590 στρέψας
1421 2533 1468 2576 τὸ
1501 2551 1577 2575 κα-

169 2587 320 2640 μάσιον
348 2589 479 2633 αὐτοῦ
507 2593 578 2632 καί
614 2591 692 2643 ἔξω
727 2594 909 2646 φορέσας
942 2590 991 2632 τὰ
1019 2591 1164 2633 τούτου
1194 2593 1362 2644 μαλλιά.
1417 2591 1494 2631 Sed
1522 2591 1578 2630 ibi

168 2642 222 2683 τὰ
249 2649 408 2698 aalma
428 2650 502 2688 τοῦ
530 2647 733 2698 καμασίου
761 2655 852 2687 sunt
879 2647 1014 2699 flocci,
1041 2648 1125 2687 villi
1140 2648 1233 2688 linei
1248 2655 1316 2687 aut
1335 2647 1452 2687 lanei.
1479 2646 1579 2684 Nam

171 2702 379 2744 ,camasium
399 2703 548 2744 lineum
568 2712 634 2743 aut
650 2704 808 2743 laneum
826 2711 906 2742 emt
923 2718 933 2742 ι
964 2704 1012 2743 de
1043 2717 1122 2757 quo
1142 2717 1280 2757 genere
1309 2703 1412 2747 insta
1432 2702 1576 2753 dicam,
