1832 3126
337 167 438 223 18'2
639 185 710 225 10.
751 184 855 226 IAC.
897 186 1090 225 Rfflsxu
1127 176 1508 228 COMMENTARH

326 285 438 340 puta.
496 284 549 324 Et
590 286 684 338 qula
720 285 926 325 saeculum
967 286 1069 325 illud
1111 289 1381 326 stauromanla
1419 287 1654 339 laborabat,
1701 289 1766 328 cui

326 341 429 382 nihil
457 341 658 394 placeret,
700 342 808 395 quod
837 355 921 380 non
949 349 1018 380 aut
1046 342 1098 382 ad
1133 344 1260 381 instar
1286 344 1416 382 crucis
1443 343 1768 394 conformatum,

327 404 397 435 aut
424 410 542 435 cruce
570 396 703 436 saltim
732 398 930 451 signatum
957 404 1085 448 esset,
1133 393 1374 452 effingebant
1417 398 1459 436 in
1485 400 1615 438 crucis
1644 399 1770 438 instar

327 452 395 490 illa
423 466 585 505 quoque
612 451 832 491 retinacula
848 482 860 503 ,
900 467 1004 506 quae
1040 453 1236 492 ambobus
1263 455 1306 492 in
1334 453 1512 493 humeris
1539 462 1768 507 congestam

325 507 437 560 pallii
457 507 604 547 molem
635 508 916 547 continuerant
943 516 982 547 et
1011 515 1280 561 represserant
1296 539 1310 560 ,
1349 509 1512 548 Graecis
1541 508 1770 559 α’ναβολέας

326 569 366 601 et
395 557 632 613 α’ναλάβους
661 563 766 603 dicta
783 593 794 612 ,
826 564 981 603 Latinis
1008 565 1330 604 rebrachiatoria.
1387 565 1493 604 Nam
1520 562 1770 616 ἀνέβαλλον,

326 619 553 657 reiiciebant
583 619 624 658 in
652 620 849 658 cervicem
865 649 876 668 ,
923 626 963 658 et
982 617 1199 670 α’νέλαβον,
1240 633 1400 659 sursum
1438 619 1683 659 assumebant
1709 623 1773 659 atss·

325 673 600 726 tollebantque
632 673 743 713 illam
771 675 959 728 utrinque
986 674 1096 728 pallii
1124 681 1306 728 partem,
1346 689 1450 729 quae
1489 673 1640 728 absque
1675 675 1771 728 ipsis

326 735 413 767 erat
440 728 652 782 delapsura
665 760 675 777 ,
719 737 758 769 et
786 744 874 769 eam
914 739 1017 769 retro
1052 731 1212 769 brachia
1249 730 1498 784 regerebant.
1558 730 1772 770 Cassianus

326 784 376 822 de
405 784 612 824 monachis
640 784 837 838 Aegypti:
886 785 1051 824 Gestant
1075 785 1274 826 resticulas
1301 784 1426 840 [male
1453 785 1522 824 alii
1547 785 1771 825 vesciculas.

325 839 448 878 Recte
476 841 598 894 igitur
624 840 844 890 resticulas,
882 840 924 879 id
954 848 1012 880 est
1038 840 1260 892 brandeas,
1288 839 1480 894 taenias]
1507 841 1681 895 duplices
1707 841 1771 880 la-

326 909 398 933 neo
430 895 578 949 plexas
614 896 868 949 subtegmine,
908 910 1005 951 quas
1034 896 1182 935 Graeci
1216 890 1455 947 ἆναλάβους
1487 903 1653 944 vocant,
1700 910 1772 935 nos

326 964 420 988 vero
447 952 701 990 succinctoria
714 982 724 997 ‚
768 967 832 990 seu
869 952 1126 1000 redimicula,
1169 951 1237 990 vel
1263 952 1428 1006 proprie
1466 951 1776 991 rebrachiatoria

319 1019 521 1060 possumus
548 1006 774 1060 appellare,
806 1021 906 1062 qnae
931 1007 1203 1045 descendentia
1225 1021 1302 1061 per
1324 1020 1475 1045 summa
1501 1007 1666 1045 cer-vicis
1690 1015 1730 1045 et
1748 1022 1772 1046 e

325 1061 509 1099 latet-ibas·
535 1063 631 1101 colli
656 1062 789 1101 divisa
816 1072 990 1102 utrarum
1020 1077 1066 1101 ue
1093 1062 1251 1100 alaram
1278 1063 1383 1101 sinus
1409 1061 1471 1116 [id
1499 1068 1558 1101 est
1586 1061 1654 1100 illa
1681 1061 1771 1114 pal-

324 1113 395 1165 lii,
425 1131 528 1168 quae
546 1117 734 1156 humeros
754 1124 912 1171 tegunt,
944 1131 997 1156 vo
1014 1116 1173 1171 nmina]
1203 1117 1402 1166 ambiunt,
1434 1125 1550 1172 atque
1577 1117 1773 1157 hincinde

275 1183 283 1191 ·
326 1169 486 1224 [dextro
519 1174 760 1225 sinistroque
798 1172 988 1226 humero]
1022 1175 1267 1225 succingunt,
1311 1181 1352 1211 ut
1377 1173 1680 1226 constringentia
1707 1172 1770 1212 la-

323 1227 528 1266 titudinem
556 1229 775 1267 vestimenti
811 1229 868 1266 ad
892 1242 1031 1282 corpus
1066 1229 1319 1276 contrahant,
1366 1235 1482 1282 atque
1507 1229 1766 1281 coniungant,

323 1290 361 1319 et
387 1283 444 1320 ita
471 1284 724 1322 inconstrictzs
762 1283 930 1322 brachiis
959 1284 1123 1338 impigri
1154 1283 1213 1322 ad
1238 1297 1351 1322 omne
1388 1296 1485 1336 opus
1520 1283 1773 1338 expeditique

324 1336 555 1376 reddantur.
613 1338 857 1377 Sozomenus
886 1339 961 1377 ΙΙΙ.
996 1337 1058 1388 14.
1101 1338 1206 1377 Hist.
1246 1336 1399 1377 Eccles.
1440 1345 1531 1391 apte
1569 1337 1621 1376 ad
1659 1337 1769 1380 hunc

324 1390 485 1431 locum:
533 1388 641 1445 ζώνη
671 1392 717 1432 δὲ
746 1391 820 1431 καί
846 1388 1099 1444 ἅναβολεύς,
1129 1390 1155 1445 ἦ
1186 1391 1266 1443 μὲν
1292 1387 1367 1444 τὴν
1393 1388 1530 1446 ὀσφύν
1556 1391 1772 1446 περισφίγ-

322 1459 481 1501 γουσα,
512 1443 533 1484 ὃ
568 1447 614 1487 δὲ
650 1443 749 1495 τούς
788 1441 928 1497 α’)’μους
955 1444 1030 1486 καί
1060 1443 1158 1493 τούς
1185 1443 1418 1500 βραχιόνας
1452 1443 1628 1500 ἀνέχων,
1656 1441 1768 1487 ἑτοί-

321 1513 431 1549 μους
460 1496 567 1541 εἶναι
594 1505 712 1540 ποιεῖ’
732 1500 792 1550 εἷς
821 1500 1034 1542 διακονίαν
1063 1501 1177 1542 Θεοῦ
1207 1501 1281 1541 καί
1306 1501 1519 1554 ἐργασίαν.
1573 1502 1671 1542 Vid.
1701 1501 1770 1542 Du

323 1555 456 1610 Gange
485 1571 527 1596 v.
557 1555 818 1608 Ἀνάλαβος,
867 1565 906 1597 et
943 1558 1315 1596 Rebraclziatorimn.
1378 1557 1486 1596 Haec
1525 1557 1649 1610 igitur
1675 1558 1767 1597 vin-

322 1610 413 1650 cula
442 1627 646 1667 compages
673 1612 847 1666 appellat
876 1612 1136 1665 Anastasius;
1165 1613 1311 1666 quibus
1330 1611 1475 1651 similia
1494 1612 1628 1666 quoad
1649 1626 1767 1652 usum

321 1674 437 1705 erant
474 1670 517 1706 in
542 1668 644 1721 togis
670 1669 948 1708 Romanorum
985 1668 1054 1707 illa
1068 1698 1080 1721 ,
1127 1682 1230 1721 quae
1257 1666 1532 1707 Tertullianus
1560 1668 1604 1706 in
1633 1667 1765 1707 Pallio

321 1735 394 1759 suo
423 1723 608 1778 jbrcipes
649 1724 820 1763 custodes
859 1722 1047 1777 appellat.
1106 1722 1395 1762 custodiebant
1436 1723 1543 1762 enim
1578 1729 1764 1776 togarum

319 1777 517 1817 umbones
532 1808 543 1827 ,
572 1778 718 1832 quibus
746 1779 1005 1818 subiacebant
1021 1809 1031 1827 ,
1061 1792 1113 1818 ne
1141 1779 1379 1818 diffluerent.
1436 1777 1535 1817 Vid.
1593 1777 1762 1818 Salmas.

320 1831 372 1870 ad
399 1832 569 1872 Tertull.
602 1849 643 1887 p.
668 1832 762 1884 348.
821 1834 894 1873 His
924 1834 1045 1887 igitur
1073 1832 1290 1887 palliorum
1316 1832 1544 1872 retinaculis
1571 1834 1763 1884 rescissis,

318 1899 477 1927 necesse
507 1896 592 1927 erat
605 1918 617 1937 ‚
660 1895 705 1927 ut
740 1888 907 1942 pallium
920 1919 930 1937 ,
972 1889 1165 1928 hactenus
1201 1891 1307 1927 circa
1342 1888 1534 1928 humeros
1570 1901 1765 1942 rugosum

321 1949 360 1979 et
397 1943 645 1991 confertum,
692 1944 832 1984 solutis
866 1946 947 1983 iam
983 1943 1154 1983 vinculiS
1191 1942 1440 1983 relaberetur
1478 1944 1521 1982 in
1553 1944 1764 1996 pristinam

320 1997 623 2050 amplitudinem
640 2029 651 2046 ,
685 1998 814 2052 qualis
835 2000 1064 2038 exercitium
1093 1999 1310 2038 functionis
1339 1997 1572 2052 episcopalis
1599 1998 1764 2052 impedi-

134 2051 196 2084 ΕΛ.
215 2052 254 2085 L·
265 2052 308 2086 58
320 2060 405 2100 ret,
458 2054 710 2106 formamque
749 2055 971 2104 amitteret,
1015 2053 1230 2107 episcopali
1266 2053 1390 2107 pallio
1431 2053 1632 2102 debitam,
1683 2067 1763 2107 qua

320 2121 462 2160 nempe
491 2116 583 2148 ante
624 2116 762 2161 pectus
799 2116 838 2148 et
865 2109 998 2148 medio
1032 2111 1075 2148 in
1113 2109 1231 2148 dorso
1262 2108 1460 2162 dependet
1497 2110 1623 2148 acutis
1659 2108 1734 2148 alis
1748 2140 1760 2157 ‚

321 2163 361 2200 in
391 2163 567 2202 humeris
595 2170 728 2202 autem
755 2171 953 2217 regestum
981 2171 1052 2203 est.
1110 2164 1290 2213 Verum,
1320 2171 1367 2203 ut
1393 2164 1501 2216 dixi,
1541 2163 1764 2217 proceden—

319 2225 359 2256 te
386 2226 564 2271 tempore
593 2219 707 2258 desiit
734 2233 819 2258 mos
845 2218 941 2258 talia
977 2219 1098 2272 pallia
1125 2233 1218 2258 cum
1248 2219 1470 2259 istiusmodi
1504 2219 1764 2272 compagibus

321 2281 390 2311 aut
429 2274 643 2327 forcipibus
672 2274 723 2313 ad
760 2275 888 2313 crucis
922 2274 1047 2313 instar
1086 2274 1202 2314 factis
1242 2275 1447 2328 gestandi,
1490 2282 1531 2314 et
1571 2275 1764 2314 remansit

319 2328 463 2368 umbra
490 2343 652 2378 eorum,
685 2328 854 2383 pallium
879 2328 1000 2368 hodie
1027 2330 1082 2368 sic
1103 2329 1277 2379 dictum,
1309 2328 1428 2384 quale
1456 2329 1620 2384 quidem
1638 2329 1764 2382 Chry·

317 2387 479 2423 sostomi
508 2392 546 2423 et
573 2385 800 2438 aequalium
826 2391 987 2438 patrum
1015 2386 1206 2438 imagines
1234 2385 1466 2439 praeferunt
1484 2414 1497 2435 ‚
1542 2383 1671 2423 nolim
1699 2390 1762 2423 ta-

316 2451 408 2476 men
436 2447 643 2493 propterea
678 2440 841 2489 credas,
880 2439 969 2478 illos
1003 2454 1163 2493 quoque
1197 2441 1295 2479 haec
1329 2439 1552 2479 recentiora
1568 2469 1580 2490 ,
1626 2446 1666 2478 et
1690 2453 1762 2493 ge·-

317 2499 422 2531 statu
450 2495 690 2547 expeditiora
718 2494 951 2548 omophoria
973 2502 1158 2548 gestasse.
1214 2496 1383 2535 Vetusta
1406 2494 1463 2534 illi
1481 2493 1638 2544 solida,
1665 2507 1763 2547 pon·

316 2546 457 2586 derosa
486 2549 605 2601 pallia
633 2551 838 2604 gerebant.
896 2551 1050 2589 Verum
1076 2552 1246 2603 pictores
1276 2549 1354 2589 illis
1383 2549 1639 2589 saeculorum
1667 2561 1761 2588 suo-

315 2615 406 2641 rum
435 2603 618 2642 habitum
643 2606 888 2644 tribuebant.
947 2605 1080 2644 Medio
1109 2619 1208 2644 aevo
1236 2619 1364 2658 quum
1391 2605 1517 2644 fastus
1548 2611 1589 2643 et
1616 2605 1762 2656 impor-

311 2658 461 2696 tunitas
483 2660 699 2698 immanem
728 2663 769 2699 in
799 2660 963 2699 modum
992 2661 1210 2699 crevissent
1226 2689 1237 2709 ,
1264 2674 1346 2699 non
1373 2660 1590 2713 imaginem
1619 2657 1762 2698 solum-

313 2712 432 2753 modo
465 2715 607 2752 veteris
637 2715 746 2767 pallii
765 2745 776 2761 .,
807 2716 875 2754 sezl
902 2716 1019 2754 simul
1051 2730 1141 2754 cum
1163 2729 1209 2753 ea
1241 2715 1374 2767 ipsum
1403 2729 1569 2768 quoque
1595 2713 1763 2767 pallium

312 2767 530 2818 gerebant,
578 2777 623 2808 ut
649 2785 692 2808 ex
723 2772 894 2824 imagine
923 2771 1064 2810 Graeci
1101 2769 1328 2823 pontificis,
1376 2784 1498 2823 quam
1531 2771 1598 2813 Du
1627 2767 1763 2822 Gange
