1884 3132
288 108 404 176 634
598 126 822 169 1o.1Ac
860 129 1054 170 Rmsxn
1091 128 1465 172 COMMENTARu

288 228 441 296 logium
472 227 594 281 (apud
618 229 687 268 Du
715 229 909 283 Gangium
937 230 1003 269 Gl.
1029 232 1101 269 Gr
1132 245 1172 296 p.
1191 230 1283 285 752.
1288 231 1300 281 )
1319 247 1331 271 :
1371 228 1657 281 λαμβάνουσιν
1686 232 1726 274 οἱ

286 282 475 351 α’ὸελφυί
495 280 671 323 κλαστὸν
697 285 770 324 καί
789 284 893 337 πρὸς
913 285 956 324 ἐν
984 283 1255 337 κρασοβόλιον
1270 286 1316 325 ἐν
1334 286 1392 340 τῶ
1428 283 1618 339 νάρθηκι,
1649 289 1722 329 καὶ

285 337 410 381 πλέον
422 337 560 390 ου’ὁὲν,
579 341 931 394 acecpiuntsratres
950 342 1161 380 crustulum
1178 350 1215 379 ec
1231 342 1400 394 Singulos
1414 343 1572 391 ‹grathos
1585 345 1675 383 vini
1681 346 1724 384 in

285 393 483 433 Nartlzece
496 403 533 433 et
550 395 673 434 nilulo
683 396 789 460 plus.
819 395 1059 434 Triodium
1049 411 1090 434 m
1109 396 1284 435 Sabbato
1299 398 1464 435 Sancto:
1489 396 1724 459 εισέρχεται

287 445 314 486 ὅ
332 449 603 501 κελλαρίτης,
645 464 715 488 και
742 449 960 489 ἐπιδίδωσι
1006 453 1093 497 τοῖς
1111 449 1211 489 οἶδε)
1202 454 1315 517 φοΐς
1339 447 1421 490 α’νὰ
1451 445 1616 501 κλάσμα
1646 452 1724 491 τοῦ

284 495 419 555 ἄρτου
449 503 521 543 καί
555 500 637 544 ἀνὰ
669 503 712 551 ἓξ
739 502 926 555 ἰσχάδων
955 498 982 556 ἢ
1010 504 1205 558 φοινίκων
1242 519 1311 544 και
1343 501 1421 544 α’νά
1450 499 1542 552 ἑνὸς
1573 520 1725 559 κρασο-

283 557 430 610 βολιόυ
461 556 590 598 οὶνου.
663 560 752 598 Huc
781 560 1078 611 quodammodo
1106 562 1225 599 etiam
1252 561 1425 613 pertinet
1451 559 1518 598 ille
1545 575 1633 602 mos
1661 562 1725 613 (de

283 627 368 667 quo
389 628 430 654 v.
459 613 637 653 Casalius
672 613 722 654 de
751 615 908 654 Ritibus
939 622 1065 654 veter.
1089 615 1303 656 Christian.
1330 630 1372 668 p.
1390 614 1474 666 61.)
1501 615 1563 654 lac
1595 624 1634 655 et
1663 619 1724 656 vi-

286 682 387 708 num
414 669 531 708 dulce
557 671 724 709 mixtum
752 683 889 708 recens
916 670 1121 722 baptizatis
1149 671 1286 710 dandi.
1344 671 1447 708 Nam
1475 678 1521 710 ut
1547 670 1645 711 haec
1662 686 1724 712 re-

284 724 404 763 sectio
432 724 632 764 conclusio
670 726 823 763 rituum
854 724 1039 778 baptismi
1083 733 1122 764 et
1147 726 1258 765 velut
1285 727 1501 779 gratiarum
1529 727 1633 765 actio
1660 742 1724 767 sa-

284 779 457 820 cerdotis
485 780 536 819 ad
572 780 818 833 baptizatum
862 794 934 833 pio
978 788 1158 834 suscepta
1185 781 1263 820 fide
1288 787 1396 820 erat:
1430 781 1486 819 sic
1513 789 1597 820 erat
1624 797 1726 835 quo-

284 849 364 887 que
391 849 527 874 crama
566 834 768 874 conclusio
807 835 933 874 divini
970 835 1089 876 officii
1110 865 1121 887 ‚
1154 850 1280 899 eoque
1307 835 1434 874 clerus
1468 837 1566 887 prof
1569 837 1729 877 tebatur

285 891 401 943 quasi
446 889 594 953 populo
623 897 781 943 gnatum
823 891 1002 928 animum
1030 891 1083 929 ob
1110 893 1338 954 piaestitam
1367 889 1443 929 sibi
1468 905 1658 943 operam,
1687 902 1729 934 et

283 944 362 984 hoc
390 946 502 998 quasi
531 945 752 998 praemium
781 945 899 984 studii
928 946 1062 985 dtbat.
1121 946 1162 984 Si
1192 947 1422 998 quaeiitur‚
1452 946 1559 985 unde
1586 949 1728 1001 panis,

285 1001 455 1048 vinum,
489 1000 670 1051 bellaria,
699 1007 806 1039 totus
836 1007 1046 1053 apparatus
1075 1001 1263 1039 ientaculi
1292 1001 1382 1039 talis
1408 1008 1560 1040 sumtus
1588 1002 1722 1052 fuerit,

282 1055 453 1095 coniicio
495 1062 771 1107 procuratores
814 1055 1000 1094 ecclesiae
1027 1056 1217 1108 cuiusque
1244 1055 1332 1094 illas
1360 1056 1509 1106 species
1539 1070 1560 1095 e
1587 1057 1725 1097 rediti-

282 1109 359 1150 bus
386 1108 572 1149 ecclesiae
598 1123 870 1162 comparasse:
906 1111 1151 1154 consuevisse
1175 1125 1335 1163 quoque
1362 1109 1496 1148 fideles
1523 1114 1727 1163 portiones

285 1165 426 1218 panis,
456 1164 569 1215 vini,
598 1165 769 1204 alimum
795 1179 931 1203 rerum
958 1179 1092 1204 secum
1125 1167 1165 1203 in
1196 1164 1399 1204 ecclesiam
1427 1164 1594 1216 afferre,
1623 1182 1725 1220 quo-

283 1234 377 1260 rum
403 1227 555 1273 partem
584 1220 767 1259 saceidos
805 1227 979 1259 sumeret
1006 1221 1196 1259 sacrificio
1226 1221 1317 1259 inde
1345 1220 1616 1268 conficiendo,
1647 1221 1723 1261 ali-

282 1289 351 1314 am
379 1289 528 1329 agapae
555 1289 625 1314 seu
669 1275 881 1325 antidoro‚
921 1274 1040 1314 aliam
1068 1275 1232 1314 cromati
1262 1275 1512 1314 destinatam.
1571 1277 1725 1317 Trans-

282 1344 420 1369 eamus
465 1344 571 1369 nunc
602 1329 654 1369 ad
694 1330 960 1383 indagandam
1006 1331 1179 1370 nominis
1227 1329 1523 1383 etymologiam.
1579 1332 1724 1372 Crama

281 1385 413 1440 potuit
451 1384 515 1424 vel
548 1384 636 1424 ideo
679 1386 735 1424 sic
765 1385 917 1424 dictum
945 1385 1093 1432 fuisse,
1126 1384 1234 1438 quod
1261 1384 1519 1424 miscellaneis
1564 1387 1606 1424 in
1634 1401 1724 1439 spe-

283 1439 419 1480 ciebus
449 1447 489 1480 et
533 1439 682 1479 velut
671 1455 714 1479 m
742 1447 875 1479 satura
907 1440 1082 1492 quadam
1109 1439 1222 1479 lance
1250 1440 1502 1480 consisteret:
1531 1440 1594 1480 vel
1614 1443 1724 1495 quod

282 1493 580 1547 κεκραμμένον,
607 1495 649 1534 id
676 1503 735 1534 est
762 1497 933 1547 itgficsum
951 1524 963 1544 ‚
993 1509 1135 1548 nempe
1165 1497 1319 1547 vinum,
1348 1494 1509 1534 exhibex
1511 1501 1625 1547 etur
1653 1505 1724 1537 aut

284 1550 397 1603 quod
428 1552 685 1603 misceretur,
715 1551 757 1589 id
784 1558 844 1589 est
872 1550 1147 1590 infundexetur
1175 1551 1214 1590 in
1248 1564 1295 1589 eo
1324 1550 1488 1589 vinum:
1521 1550 1583 1589 vel
1607 1552 1723 1590 deni-

283 1620 363 1658 que
390 1605 499 1659 quod
534 1608 673 1645 vinum
714 1606 877 1644 daretm
908 1620 1012 1658 aqua
1040 1607 1206 1644 mixtum
1233 1612 1273 1644 et
1298 1611 1576 1658 temperatum.
1638 1606 1723 1645 Ha-

281 1660 381 1700 bent
424 1674 563 1700 omnes
599 1668 680 1700 tres
721 1661 982 1714 etymologiae
1019 1661 1215 1713 speciem,
1260 1659 1328 1699 sed
1366 1660 1577 1705 maximam
1618 1660 1725 1700 duae

280 1717 536 1769 posteriores.
610 1716 788 1755 Miaccum
816 1716 964 1768 opponi
998 1715 1098 1754 solet
1125 1730 1232 1755 mero
1271 1722 1310 1754 et
1336 1715 1476 1766 κρᾶμα
1506 1714 1564 1752 ττῖὶ
1591 1711 1722 1765 α’κριὶ-

281 1784 364 1824 τῳε
397 1785 436 1813 v.
466 1771 534 1809 Du
563 1770 698 1823 Gange
725 1785 768 1811 v.
794 1771 943 1810 Mer-us.
1002 1771 1151 1810 Suadet
1178 1783 1337 1824 quoque
1361 1771 1583 1821 primorum
1612 1770 1722 1809 Chri-

281 1826 502 1865 stianorum
523 1855 534 1876 ‚
579 1841 602 1866 a
640 1826 784 1879 quibus
822 1826 888 1864 hic
924 1839 1008 1864 mos
1037 1828 1243 1878 manavit,
1291 1832 1386 1864 nota
1413 1825 1627 1872 sobrietas,
1658 1827 1722 1864 vi-

280 1894 377 1919 num
394 1912 406 1931 ‚
445 1880 554 1934 quod
581 1882 621 1919 in
651 1895 776 1934 agape
802 1879 985 1919 fidelibus
1015 1880 1206 1931 daretur,
1239 1894 1342 1933 aqua
1369 1880 1536 1918 mixtum
1563 1886 1604 1918 et
1630 1880 1724 1918 ideo

281 1935 426 1985 κρᾶμα
464 1936 615 1974 dictum
657 1936 802 1986 fuisse,
831 1936 941 1988 quod
970 1935 1216 1974 miscendum
1249 1941 1350 1974 esset
1379 1948 1484 1987 aqua
1512 1941 1551 1973 et
1579 1937 1721 1973 misce-

281 1997 417 2053 retur,
449 1990 570 2043 idque
588 1991 832 2029 Christianos
859 1990 1055 2038 maluisse,
1087 2004 1209 2043 quam
1239 1991 1483 2029 Graecoium
1513 1984 1723 2055 gentilium

283 2058 465 2096 ακρατον
483 2075 494 2092 ‚
526 2046 667 2085 vinum
694 2059 849 2085 merum
868 2059 991 2098 ‚quo
1018 2044 1075 2084 illi
1107 2046 1149 2084 in
1178 2046 1259 2083 suis
1281 2039 1472 2095 ἀκράτοις
1499 2043 1564 2085 vel
1591 2057 1718 2095 ακρα-

279 2103 453 2148 τισμοῖς,
476 2101 835 2150 deteiunabcbnibus,
885 2100 1114 2139 utebantur.
1145 2099 1261 2138 Clare
1287 2098 1329 2137 id
1355 2105 1476 2165 patet
1492 2112 1515 2137 e
1542 2098 1631 2138 loco
1650 2100 1720 2137 Iu·-

281 2155 376 2192 stini
404 2155 625 2218 Martyris
634 2157 675 2194 in
705 2155 929 2222 Apologia:
979 2153 1180 2206 ἀλλήλους
1208 2149 1417 2216 φιλήματι
1446 2150 1720 2202 ἀσπαζόμεθα

279 2205 540 2272 παυσάμενοι
567 2208 648 2249 τῶν
665 2209 818 2261 εὐχῶν,
839 2207 976 2254 ἔπειτα
993 2207 1287 2273 προσφέρεται
1305 2208 1362 2246 vni
1388 2206 1611 2260 προεστῶτι
1637 2207 1720 2245 τῶν

280 2260 478 2316 ἀδελφῶν
507 2257 632 2316 ἄρτος
660 2265 733 2304 καί
765 2261 957 2317 ποτήριον
982 2258 1134 2309 ὕδατος
1162 2263 1234 2302 καί
1263 2275 1490 2314 κραματος.
1548 2262 1621 2300 Est
1646 2261 1715 2300 hic

283 2332 417 2357 crama
434 2320 574 2358 vinum
591 2334 811 2386 meracum,
839 2319 907 2358 sed
937 2332 1041 2371 aqua
1070 2319 1332 2366 miscendum3
1362 2324 1587 2382 propterea
1596 2315 1718 2380 paulo

280 2380 372 2436 post
396 2387 469 2426 pro
511 2388 558 2413 ea
598 2388 697 2414 voce
735 2387 843 2414 οινον
870 2374 1098 2413 substituit:
1148 2386 1185 2412 οι
1213 2369 1460 2422 καλούμενοι
1491 2369 1587 2435 παρ’
1605 2367 1717 2431 ἡμῖν

283 2425 467 2466 διάκονοι
496 2425 687 2469 διδόασιν
716 2424 871 2483 audoveo
899 2427 982 2468 τῶν
1010 2423 1227 2479 παρόντων
1263 2426 1511 2477 μεταλαβεῖν
1538 2420 1618 2461 ἀπὸ
1641 2423 1718 2462 τοῦ

282 2479 605 2534 ευχαρισθέντος
648 2477 774 2535 ἄρτου
820 2497 891 2521 και
931 2479 1041 2522 οἰνου
1080 2482 1151 2522 καί
1194 2477 1360 2527 ν’ὃατος.
1434 2478 1717 2519 Patiocinatur

281 2534 376 2574 huic
405 2537 664 2591 etymologiae
692 2552 850 2591 quoque
878 2551 953 2577 vox
979 2550 1200 2600 ευκρατον,
1235 2536 1283 2574 de
1307 2549 1396 2600 qua
1412 2547 1454 2572 v.
1484 2532 1551 2570 Du
1582 2533 1715 2586 Gange

284 2588 353 2627 Gl.
381 2592 450 2633 G1.
483 2607 526 2645 p.
548 2591 645 2643 445.
701 2593 774 2632 Est
813 2599 947 2631 autem
976 2604 1177 2643 ευκρατον
1205 2597 1244 2629 et
1271 2583 1424 2640 εὖκράς
1451 2600 1561 2625 more
1589 2601 1718 2627 novo-.

281 2655 373 2685 rum
400 2625 646 2686 Gi-aeemum
687 2662 712 2685 v
742 2661 814 2700 pio
840 2661 876 2698 γ
893 2647 1172 2699 usurpantium
1218 2644 1336 2688 idem,
1382 2641 1490 2693 quod
1519 2638 1715 2693 ἔγκοατον

283 2702 322 2745 et
365 2692 809 2753 oiyx9arov.1'otest
835 2710 967 2743 tamen
1008 2715 1031 2740 a
1058 2702 1155 2747 vino
1181 2697 1243 2738 vel
1273 2697 1438 2739 maxime
1465 2710 1620 2739 meraco
1649 2696 1718 2735 diff
