1884 3132
205 119 281 164 An
321 121 622 167 consum.
663 123 862 168 ponpa.
899 126 972 167 nn
1015 125 1198 169 centu.
1238 128 1338 171 Lm.
1379 131 1413 173 1.
1460 110 1564 168 251

123 222 299 264 nationis
325 224 621 278 Imperatorum
648 226 895 268 Graecorum
931 223 976 267 τὸ
1019 225 1303 282 α’ποκόμβιον,
1342 232 1451 286 quod
1487 233 1570 272 Im-

219 286 285 319 tor
310 294 449 321 recens
473 289 686 322 coronatus
727 283 769 321 in
797 297 868 322 ara
895 297 1064 336 magnae
1105 285 1293 325 ecclesiae
1324 288 1568 341 deponebat.

122 333 174 373 ld
200 335 311 388 quod
338 343 425 375 erat
439 339 702 377 -centenarius
731 340 819 378 auri
841 353 886 378 ex
905 353 1032 377 more.
1081 339 1300 380 Cinnamus
1317 343 1367 382 L.
1389 345 1445 383 11.
1475 345 1567 383 Ma-

120 389 283 429 inuelem
312 390 566 430 Comnenum
591 407 759 432 narrans
787 408 811 433 a
839 393 1037 433 Michaffle
1064 394 1300 435 Pati-iarcha
1328 397 1396 436 ἐπ’
1421 398 1567 452 ἐκκλη-

118 443 218 491 σίας
245 445 447 499 (Magnam
484 445 670 501 intelligit
708 462 780 488 seu
807 449 851 488 S.
879 449 1084 501 Sophiam)
1112 450 1169 504 τῷ
1196 452 1400 508 βασιλικῷ
1427 467 1569 493 τεται-

119 498 304 538 νιῶσθαι
339 496 590 553 διαδήματι,
631 502 743 542 addit
769 517 814 557 p.
842 503 905 543 18.
935 505 1044 544 fine:
1067 499 1134 543 ὅτε
1166 505 1240 544 καί
1262 508 1446 559 χρυσίου
1473 523 1568 548 κεν-

121 551 320 608 τηνάριον
335 555 518 611 τραπέζῃ
539 556 592 611 τῇ
609 553 703 613 ἱερᾷ
716 558 929 608 καταθείς,
957 557 1048 598 τότε
1074 558 1154 608 μὲν
1175 555 1297 614 ἐξῄει,
1324 559 1371 601 τὸ
1394 562 1566 603 ἐλευθέ-

118 620 212 660 ριον
242 607 379 649 αὐτοῦ
404 611 478 649 καί
501 613 812 664 μεγαλοπρεπὲς
838 614 885 654 ἐν
911 617 995 660 τοῖς
1032 609 1227 654 ἁπάντων
1254 616 1565 666 καταλελοιπώς

115 660 343 714 στόμασιν.
373 663 522 720 [Atqui
537 673 658 721 typus
674 667 742 707 ille
771 676 941 717 erat,vet
969 684 1106 709 omnes
1133 670 1323 725 dabant]
1353 670 1563 713 εἰσέπειτα

117 715 166 757 δὲ
178 714 254 758 καὶ
277 717 447 770 ἐτησίαν
475 720 532 774 τῷ
556 718 696 776 κλήρω
710 722 756 763 ἐκ
773 723 982 763 παλατίου
1001 727 1278 776 κεντηιάρίων
1298 724 1379 766 δύο
1399 740 1563 779 προσα-

116 767 280 826 φοὶρισε
303 769 435 814 δόσιν.
462 778 636 816 καλοῦσι
665 762 712 817 δὲ
738 778 857 818 τοῦτο
887 774 932 818 τὸ
958 775 1144 829 νόμισμα
1172 777 1383 835 δεύτερον,
1440 783 1559 823 conf.

114 826 216 868 alius
254 829 433 869 eiusdem
474 834 647 872 auctoris
687 832 798 874 locus
834 835 939 874 infra
978 835 1030 874 ad
1057 850 1150 889 pag.
1178 837 1270 876 123.
1302 837 1357 876 A.
1387 838 1431 877 3.
1460 838 1561 878 alle-

139 882 283 923 andus.
339 885 428 924 DC.
455 885 509 926 ad
534 886 650 928 illum
675 891 925 942 superiorem
952 889 1086 930 locum
1113 891 1338 946 exemplum
1352 893 1562 934 Michaelis

111 895 335 993 {hangabe
365 941 461 980 citat
478 970 490 991 ‚
528 945 616 996 qui,
656 951 757 983 teste
795 946 1044 1000 Theophane
1082 961 1125 999 p.
1144 945 1239 997 418.
1262 948 1310 987 C.
1328 978 1341 999 ,
1370 947 1561 1002 ε’στὲφθη

111 989 230 1046 παρᾷ
272 993 525 1049 Νικηφόρον
561 996 829 1052 πατριάρχου
861 1001 907 1041 ἐν
945 1001 1004 1056 τῷ
1043 994 1208 1051 ἅμβωνι
1251 1002 1328 1054 τῆς
1375 1002 1561 1056 μεγάλης

111 1045 332 1101 ἐκκλησίας
342 1081 355 1101 ,
405 1050 477 1104 ἐφ’
503 1043 537 1106 ᾦ
573 1050 688 1107 κοινῆ
717 1053 964 1106 dyambum.-
988 1057 1154 1108 γέγονεν
1171 1086 1184 1108 ,
1212 1055 1286 1097 καὶ
1313 1054 1559 1111 ἐδωρήσατο

111 1101 171 1169 τῷ
205 1100 449 1160 πατριάρχῃ
494 1106 674 1160 χρυσίου
724 1106 872 1162 λίτρας
908 1109 1164 1164 πεντήκοντα
1209 1109 1283 1152 καί
1321 1114 1380 1168 τῷ
1418 1110 1557 1170 κλήρῳ

109 1154 376 1200 εικοσίπεντε.
429 1161 519 1201 Hae
547 1163 615 1216 75.
634 1163 761 1204 librae
788 1165 1012 1206 efficiebant
1036 1174 1133 1206 tunc
1153 1169 1344 1222 temporis
1360 1169 1558 1208 Centena-

110 1212 218 1307 Ξιὶιέξι
231 1243 264 1308 ,d
286 1229 413 1268 quum
449 1216 548 1259 olim
586 1227 748 1260 centum
783 1235 875 1261 eum
918 1222 1196 1264 confecissent.
1265 1225 1330 1264 De
1366 1226 1558 1264 unctione

194 1282 211 1308 ι
267 1270 276 1278 ”
326 1277 413 1310 uto.

221 1283 339 1365 Bisa).
363 1325 476 1380 [ι94,
500 1326 556 1383 1.]
595 1328 667 1370 ἐπὶ
689 1333 893 1387 στεψίμῳ.
948 1332 996 1372 Id
1035 1340 1094 1372 est
1121 1331 1194 1374 ἐπὶ
1214 1333 1363 1384 στέψει
1389 1333 1456 1374 vel
1484 1332 1558 1375 ἐπὶ

107 1370 248 1431 ἦμέρᾳ
287 1382 494 1437 στεψίμῳ.
547 1384 919 1436 *[Coronati0nem
962 1389 1256 1442 Imperatorum
1298 1390 1555 1430 CPtanorum

108 1430 300 1475 describit
333 1435 633 1478 Cantacuzenus
656 1443 698 1480 in
728 1442 961 1482 Andronico
990 1457 1032 1495 p.
1053 1444 1148 1483 281.
1209 1444 1324 1485 Ordo
1352 1445 1402 1483 ad
1429 1445 1553 1484 bene-

110 1485 326 1528 dicendum
354 1490 643 1544 Imperatorem
670 1496 1010 1551 [occidentalem]
1038 1498 1202 1552 quando
1229 1513 1418 1538 coronam
1447 1501 1553 1539 acci-

105 1542 168 1595 pit
207 1543 312 1583 ord.
338 1545 513 1586 Roman.
554 1563 596 1602 p.
627 1551 720 1591 216.
763 1552 938 1591 Ditmar.
969 1554 1059 1592 init.
1097 1555 1145 1592 L.
1176 1552 1329 1607 vl1.]*
1383 1555 1554 1594 Adscri-

106 1605 240 1649 pserat
280 1598 342 1639 Cl.
385 1602 571 1643 Leichius
607 1606 653 1645 in
693 1606 948 1647 Adversariis
979 1608 1108 1647 multa
1143 1607 1232 1648 loca
1270 1623 1292 1648 e
1336 1608 1548 1649 Ceremon.

106 1651 330 1706 Francico,
358 1663 404 1695 ut
430 1658 532 1698 T.I.
560 1674 603 1713 p.
630 1673 693 1700 11.
731 1661 795 1714 14.
831 1677 894 1717 ¹7·
926 1663 996 1704 23.
1027 1663 1093 1714 24.
1127 1662 1195 1703 28.
1226 1671 1265 1702 et
1284 1663 1352 1715 46.
1374 1679 1422 1704 eo
1452 1680 1550 1705 con-

106 1705 197 1747 silio
213 1737 226 1759 ‚
254 1710 398 1762 procul
425 1713 549 1753 dubio
568 1744 580 1765 ,
620 1722 668 1755 ut
698 1719 975 1757 coronationes
1000 1732 1142 1772 regum
1177 1719 1428 1759 Francorum
1456 1735 1550 1760 cum

105 1762 422 1816 Byzantinorum
446 1772 704 1811 coronatione
738 1773 951 1813 conferret.
1009 1775 1125 1825 Quae
1152 1775 1344 1828 quoniam
1369 1778 1551 1828 proxime

105 1817 159 1857 ad
193 1832 281 1859 rem
322 1827 418 1862 non*
442 1824 618 1874 faciunt,
649 1829 804 1867 omitto.
862 1828 1197 1880 *[C01·onationes
1235 1832 1550 1883 Byzantinorum

106 1872 404 1926 Imperatorum
439 1882 586 1932 passim
615 1883 819 1923 celebrant
845 1884 958 1925 istius
986 1886 1174 1924 historiae
1202 1887 1430 1938 scriptores.
1487 1887 1550 1926 Ita

104 1929 215 1980 apud
234 1930 473 1985 Theophan.
489 1950 559 1988 p.2
572 1951 631 1976 ιο.
662 1939 839 1978 Iustinus
850 1939 1058 1980 Tiberium
1071 1942 1280 1980 Caesarem
1295 1941 1549 1981 renunciasse

102 1982 267 2035 dicitur,
295 1993 336 2026 et
360 1988 429 2027 hic
446 1991 610 2032 missilia
631 1994 672 2032 in
691 1995 838 2048 vulgus
865 1997 1065 2048 sparsisse.
1123 1997 1211 2038 Leo
1229 1995 1432 2035 Armenus
1456 2010 1549 2036 wts-

103 2036 234 2092 ‹12861'9
259 2034 341 2079 ὖπὸ
372 2042 616 2101 Νικηφόρον
643 2050 721 2088 τοῦ
739 2049 1001 2104 πατριάρχου
1015 2053 1162 2105 Georg.
1182 2051 1383 2091 Monacho
1400 2050 1544 2106 p.499.

102 2103 352 2135 memoratur
377 2105 418 2136 et
444 2100 558 2154 Sym.
588 2104 699 2157 Mag.
727 2120 771 2158 p.
788 2104 885 2158 409.
905 2114 946 2146 et
972 2114 1063 2160 post
1082 2108 1427 2160 inaugurationem
1446 2109 1549 2146 ima-

131 2150 237 2190 ‘nem
275 2151 494 2194 Salvatoris
530 2157 583 2196 ad
621 2167 781 2212 portam
821 2152 987 2202 C‘halces
1022 2163 1207 2202 adorasse
1241 2162 1390 2201 dicitur
1427 2162 1540 2217 Sym.

146 2218 211 2258 ag.
220 2204 316 2256 402.
375 2208 624 2263 Theophilus
645 2222 684 2254 et
699 2216 823 2255 Icasia
851 2225 1095 2257 coronantur
1120 2219 1162 2256 in
1179 2217 1222 2256 S.
1241 2217 1433 2270 Stephani
1449 2232 1543 2257 ora-

99 2261 206 2299 torio
232 2261 275 2300 in
304 2262 369 2302 die
396 2263 651 2308 Pentecostes
684 2271 831 2325 Georg.
864 2274 978 2313 Mon.
1015 2287 1109 2326 pag.
1138 2271 1235 2324 415.
1294 2272 1544 2326 Theophilus

98 2313 229 2362 filium
259 2320 468 2360 coronavit
493 2321 872 2377 φιλοτιμησάμενος
903 2323 1063 2372 πάντας
1089 2323 1147 2373 ὦς
1178 2323 1276 2375 ἔθος
1295 2326 1340 2367 3⁹
1358 2327 1416 2381 ’ῖῷ
1447 2339 1545 2368 ⁰²⁶²·

98 2369 220 2419 ψᾴιω
263 2373 411 2428 Georg.
441 2376 554 2415 Mon.
587 2393 629 2431 p.
664 2379 759 2434 427.
818 2382 986 2422 Basilius
1015 2385 1055 2422 in
1084 2382 1183 2422 festo
1213 2383 1467 2422 pentecostes
1493 2397 1543 2423 ex

98 2409 328 2468 accubitore
365 2431 588 2483 Imperator
616 2442 770 2474 creatus
797 2444 856 2475 est
873 2467 884 2484 ‚
915 2437 1019 2477 lecto
1046 2445 1156 2476 tomo
1182 2451 1254 2491 per
1284 2439 1488 2477 Castorem
1515 2453 1542 2478 a

98 2483 281 2530 secretis,
312 2486 379 2524 cui
417 2486 564 2526 deinde
591 2489 853 2530 acclamatum
883 2500 959 2543 est,
989 2489 1171 2543 ΙΠιχαὴλ
1207 2492 1282 2531 καί
1314 2491 1541 2540 Baccheos·

98 2531 232 2575 πολλοὶ
259 2533 311 2577 ἰα’
343 2535 429 2592 ἔτη.
484 2543 601 2596 Sym.
622 2545 960 2599 Logoth.p.44q.
1020 2547 1244 2587 Coronatus
1271 2547 1338 2587 ille
1366 2547 1408 2587 in
1434 2555 1540 2588 tem-

98 2586 168 2640 plo
193 2590 368 2644 Sophiae
395 2595 485 2636 fuit.
546 2598 798 2639 Constantia.
829 2603 904 2641 vit.
921 2593 1056 2641 ‘BasiL
1085 2617 1123 2641 c.
1148 2602 1210 2642 16.
1268 2604 1351 2642 Leo
1371 2617 1539 2643 corona-

97 2648 167 2682 tur
204 2658 277 2697 per
321 2650 589 2706 Euthymium
631 2656 912 2708 patriarcham.
973 2657 1120 2710 Georg.
1150 2658 1339 2698 Monach.
1369 2672 1408 2711 p.
1439 2659 1534 2700 561.

97 2695 162 2737 De
188 2706 443 2747 coronatione
471 2707 749 2764 Christophori
764 2741 777 2764 ‚
816 2711 888 2753 filii
915 2713 1108 2762 Romani,
1149 2713 1232 2758 vid.
1265 2713 1410 2768 Script.
1450 2721 1540 2768 post
