1884 3132
206 148 282 193 ΑΒ
320 128 633 193 οοΝετΑΝτ.’
657 147 855 190 ponpa.
898 149 970 190 m:
1008 148 1190 190 cssmm.
1230 149 1331 188 Lm.
1372 150 1405 190 1.
1452 127 1563 202 447

130 253 224 294 dem
256 268 374 294 sensu
400 268 521 308 supra
549 253 721 293 habetur
748 268 790 307 p.
819 251 909 306 194.
946 252 991 290 Β.
1016 251 1057 292 6.
1089 249 1350 302 εὑρίσκονται
1374 281 1386 297 ,
1409 259 1566 305 praesto

127 309 286 349 adszmt.
342 310 396 348 Et
425 309 548 362 paulo
576 316 663 362 post
690 323 730 348 v.
753 307 847 362 249.
870 309 917 346 B.
940 306 982 356 4.
1006 305 1082 345 οὐκ
1111 304 1300 359 ἠδυνήθη
1328 302 1566 358 εὑρεθῆναι.

239 365 287 403 C.
310 365 352 405 5.
373 364 485 419 [428‚
506 362 572 417 6.]
600 359 913 404 Ἰουστινιανὸν.
949 362 1087 401 videri
1116 368 1236 414 queat
1258 360 1487 401 Ἰουστῖνον
1505 360 1563 399 le-

124 419 299 473 gendum
328 433 427 459 esse.
484 419 573 472 Ego
601 426 734 457 tamen
764 433 788 457 a
815 417 975 471 vulgata
1003 431 1084 456 non
1112 417 1284 458 discedo,
1336 417 1429 455 Non
1457 418 1563 456 euim

128 489 230 527 opus
257 481 328 516 est.

234 529 281 568 C.
335 557 346 566 .
367 527 476 582 [428‚
495 526 555 582 9.]
584 525 633 566 τὸ
653 528 809 579 σχῆμα.
864 527 925 566 Ita
954 529 996 566 in
1023 528 1153 580 specie
1183 525 1458 579 appellabatur
1483 526 1556 566 ba-

123 583 231 623 bitus
260 542 332 623 ve?
353 586 518 622 vestitus
546 585 705 636 regius,
747 583 916 635 insignia
939 585 1065 635 regni.
1095 583 1159 621 Eo
1186 596 1302 620 sensu
1344 583 1424 620 iam
1452 583 1560 635 apud

121 638 388 679 Themistium
420 653 463 691 p.
484 638 546 677 ¹3.
562 637 608 676 C.
630 639 671 689 4.
685 637 749 676 ed.
777 637 903 676 Hard.
919 638 1120 688 occurrit3
1140 651 1183 675 v.
1205 637 1272 674 Du
1287 636 1418 690 Cange
1435 637 1528 676 h.v.

228 695 284 733 D.
304 692 344 745 4.
367 691 479 748 [428‚
508 691 595 746 14.]
634 688 820 744 γρόνθον.
878 693 962 730 Vox
1000 707 1129 732 novae
1157 693 1371 741 Graeciae,
1412 700 1556 733 notans

114 751 248 803 pugni
266 751 310 788 in
334 749 483 787 vultum
511 748 775 797 1‘nsli1·tzbnem.
830 747 990 786 Dicitur
1017 749 1136 787 etiam
1161 742 1343 798 7963093
1374 748 1455 786 vid.
1487 749 1555 788 Du

116 803 251 856 Gange
278 802 409 842 Gloss.
441 802 516 841 Gr.
535 793 590 841 ¹h.
620 817 661 841 v.
693 810 734 841 et
763 801 1004 856 Theophan.
1042 818 1135 856 pag.
1158 801 1251 841 208.
1288 803 1334 842 Β.
1371 802 1411 842 5.
1430 833 1442 854 ,
1482 803 1554 843 ubi

113 857 400 912 γροθίζεσθαι.

197 911 292 967 249.
317 913 370 952 A.
390 911 431 964 4.
457 911 582 966 [429‚
618 909 679 964 4.]
726 910 764 950 Γ
762 909 906 951 ωὸίλα.
964 912 1095 952 Huius
1124 913 1202 951 viri
1231 912 1389 950 videtur
1416 913 1550 952 Theo-

113 967 264 1020 phanes
289 983 331 1021 p.
358 967 445 1006 150.
466 970 511 1006 B.
529 975 569 1007 et
603 969 691 1017 145.
710 966 767 1006 A.
790 980 828 1004 2.
857 970 1098 1007 mentionem
1125 968 1268 1007 facere.
1326 967 1389 1006 De
1416 968 1550 1009 lance-

110 1024 205 1062 ariis
231 1022 314 1063 vid.
338 1023 475 1063 vales.
505 1023 556 1062 ad
578 1022 713 1062 Amin.
734 1023 862 1061 Marc.
883 1038 923 1076 p.
944 1025 988 1063 31
1003 1038 1038 1062 1.
1056 1025 1111 1065 A.

218 1078 273 1117 A.
301 1092 360 1118 10.
381 1077 500 1132 [429‚
519 1077 579 1132 8.]
618 1075 695 1116 τὸν
736 1076 954 1130 στέφανον.
1011 1077 1125 1117 Nihil
1153 1078 1219 1117 hic
1251 1076 1301 1116 de
1324 1081 1514 1119 unctione
1532 1111 1546 1132 ,

109 1147 231 1186 quam
260 1134 411 1172 Iustino
438 1133 592 1172 dedisse
605 1133 805 1186 gloriatur
822 1132 889 1172 ille
911 1135 1080 1173 Ioannes
1108 1134 1150 1172 in
1182 1133 1346 1186 epistola
1364 1135 1415 1173 ad
1438 1137 1545 1174 Hor-

110 1188 278 1227 misdam
307 1189 461 1242 Papam
487 1189 594 1241 apud
623 1190 838 1227 Baronium
866 1188 918 1228 A.
940 1190 986 1228 C.
1006 1188 1099 1228 518.
1120 1203 1162 1228 n.
1181 1188 1248 1228 60.
1304 1190 1457 1230 Verum
1477 1191 1545 1232 illa

108 1243 276 1296 epistola
295 1244 456 1283 Baronii
483 1251 543 1282 est
558 1274 570 1294 ‚
597 1258 679 1282 non
707 1244 882 1282 Ioannis.

214 1299 262 1337 B.
286 1299 325 1338 3.
342 1298 453 1352 [429‚
483 1297 559 1351 14.]
587 1298 798 1348 κουὲστορ.
852 1299 1086 1348 Quaestoris
1117 1301 1223 1338 enim
1251 1301 1411 1353 proprie
1438 1310 1541 1352 erat,

104 1353 303 1392 orationes
341 1353 571 1405 litterasque
601 1361 639 1392 et
666 1353 854 1391 mandata
882 1354 1054 1407 Augusti
1079 1369 1215 1393 coram
1240 1363 1379 1394 senatu
1400 1363 1440 1394 et
1466 1372 1541 1409 po-

102 1406 201 1459 pulo
242 1409 410 1446 recitare
426 1437 438 1458 ‚
477 1407 617 1446 saltem
662 1407 911 1461 temporibus
950 1409 1027 1448 illis
1066 1411 1202 1462 quarti
1234 1410 1285 1448 ad
1324 1413 1539 1463 septimum

103 1476 230 1515 usque
257 1462 472 1502 saeculum.
504 1462 671 1501 Photius
698 1477 742 1501 n.
765 1462 890 1503 LXV.
923 1479 967 1517 p.
990 1464 1149 1517 59.c.f.
1168 1479 1180 1503 :
1211 1460 1291 1502 ὅσα
1322 1466 1371 1514 (T
1373 1466 1536 1518 iberius)

100 1515 160 1562 εἰς
187 1517 413 1557 νουθεσίαν
440 1511 530 1556 εἶπε
558 1514 804 1567 Μαυρικίου
821 1546 833 1564 ,
873 1516 1044 1572 Ἰωάννῃ
1072 1519 1130 1574 τῷ
1155 1518 1395 1570 κοιαίστωρι
1424 1517 1607 1572 χρώ-1511·
1624 1519 1661 1553 1⁴·
1681 1519 1738 1565 ¹41

98 1583 222 1621 μενος
253 1569 448 1626 ὑπουργῷ
490 1572 574 1610 τῶν
614 1568 768 1623 λόγων,
807 1568 854 1619 ὃς
890 1568 995 1625 πρός
1034 1585 1080 1611 τε
1118 1570 1248 1612 αὐτὸν
1291 1574 1537 1625 ΙΗαυρίκιον

97 1625 171 1665 καί
205 1623 278 1665 τὸν
317 1625 450 1678 δῆμον
488 1623 566 1678 τὴν
594 1625 639 1666 ἐν
665 1627 722 1681 τῷ
749 1624 856 1683 λόγῳ
885 1627 1038 1681 πρᾶξιν
1067 1623 1223 1680 ἐτάχθη
1255 1630 1438 1682 πληροῦν
1462 1631 1537 1670 τοῦ

125 1680 318 1727 ασιλέως.
561 1724 564 1726 ,

95 1680 126 1731 β
181 1734 277 1789 249.
306 1735 355 1775 C.
377 1749 413 1776 1.
449 1734 570 1790 [450,
605 1734 664 1788 2.]
699 1735 1022 1775 Κωνσταντίνου
1052 1736 1160 1776 νέου.
1214 1738 1396 1779 Titulum
1423 1740 1533 1782 hunc

93 1790 318 1843 complures
345 1791 607 1844 Imperatores
629 1791 780 1829 CPtani
809 1790 1070 1840 affectarunt,
1098 1791 1205 1844 quod
1230 1802 1390 1842 norant,
1423 1797 1531 1835 Con-

94 1846 258 1883 stantini
285 1846 345 1884 M.
373 1860 542 1896 nomen,
570 1854 654 1884 tam
682 1847 785 1885 bene
812 1846 863 1884 de
893 1846 991 1885 CPli
1019 1849 1234 1897 meritum,
1264 1850 1372 1902 apud
1399 1865 1530 1904 popu-

97 1898 183 1938 lum
212 1914 358 1954 magno
386 1902 429 1940 in
457 1901 612 1940 honore
639 1902 779 1940 haberi
810 1909 848 1940 et
876 1901 1080 1954 adamari3
1109 1908 1155 1940 ut
1182 1902 1278 1941 olim
1306 1904 1530 1945 Antonino-

89 1968 180 1992 rum
208 1957 422 2007 expetitum
449 1957 639 1995 Romanis
666 1971 813 1995 nomen
841 1956 1093 1995 affectabant.
1151 1957 1247 1996 Vid.
1285 1959 1445 1999 Selden.
1477 1962 1529 2001 de

88 2008 217 2047 Titul.
242 2010 349 2048 Hon.
366 2026 408 2064 p.
429 2011 500 2050 63.
555 2011 802 2066 *[Adrianus
836 2012 947 2064 Papa
975 2013 1019 2051 in
1046 2012 1211 2065 epistola
1248 2014 1299 2052 ad
1336 2015 1525 2056 Carolum

88 2064 147 2103 M.
175 2065 358 2103 meminit
397 2066 623 2105 donationis
670 2067 951 2116 Constantini,
991 2081 1160 2120 eamque
1194 2069 1236 2106 in
1264 2070 1524 2112 Lateranensi

86 2119 235 2158 scrinio
262 2119 402 2159 haberi
431 2122 501 2159 ait.
559 2121 749 2160 Carolum
780 2122 1072 2162 Constantinum
1099 2137 1243 2162 novum
1269 2133 1402 2165 vocat.
1440 2127 1524 2166 Νο-

84 2179 151 2212 tae
178 2174 229 2212 ad
257 2175 407 2214 Donat.
438 2176 644 2215 Constant.
671 2191 763 2230 pag.
783 2176 892 2229 5o.]*
947 2178 1057 2230 Ergo
1087 2186 1275 2230 apparet,
1310 2180 1519 2221 Petavium

84 2235 192 2267 recte
216 2229 425 2268 'themistii
456 2230 590 2269 locum
618 2246 659 2284 p.
682 2246 747 2285 7⁰·
767 2232 816 2270 D.
838 2232 878 2271 6.
903 2233 959 2271 sic
987 2235 1236 2273 constituisse
1254 2248 1266 2272 τ
1294 2233 1419 2281 ποίας
1445 2231 1522 2275 οὐκ

84 2279 263 2347 ἀφήσεις
292 2281 463 2337 φωνάς,
505 2285 725 2338 alloquitur
753 2287 893 2325 urbem
922 2287 1204 2335 Constantini,
1226 2311 1247 2318 -
1264 2311 1285 2319 -
1311 2286 1415 2338 μετὰ
1443 2289 1519 2331 τὸν

83 2335 179 2376 mia
195 2367 207 2387 ,
235 2335 339 2388 μετὰ
368 2337 440 2377 τὸν
468 2338 719 2393 ἀδελφιδοῦν
735 2341 1052 2380 Κωνσταντίνου
1069 2372 1081 2392 ,
1112 2339 1243 2382 αὐτὸν
1270 2341 1423 2382 ἐκεῖνον
1448 2342 1519 2385 τὸν

82 2387 191 2431 πάνυ
226 2393 549 2432 Κωνσταντῖνον
577 2389 838 2449 ἀπείληφας,
861 2405 953 2450 post
982 2397 1227 2436 Constantini
1230 2398 1372 2452 filium
1391 2399 1514 2450 (Con-

82 2448 340 2498 stantinum),
356 2458 448 2502 post
480 2449 648 2487 eiusdem
681 2465 735 2488 ex
748 2452 887 2500 fratre
913 2460 1088 2504 nepotem
1117 2454 1129 2502 (
1141 2452 1341 2492 lulianum
1353 2457 1381 2505 ),
1401 2455 1513 2494 illum

81 2501 205 2593 {num
230 2516 413 2554 magnum
432 2503 726 2543 Constantinum
753 2504 816 2559 [in
851 2505 1082 2560 Ioviniano]
1121 2521 1349 2562 ηἐιφεναες
1376 2522 1414 2551 v.
1444 2510 1513 2550 Du

117 2568 217 2607 ange
235 2556 303 2595 Gl.
325 2559 397 2596 Gr.
414 2573 455 2596 v.
482 2558 603 2605 Νέος.

162 2609 255 2649 250.
273 2611 320 2649 B.
344 2626 384 2650 2.
407 2612 520 2667 [431‚
538 2611 594 2665 8.]
642 2609 722 2665 πρὸ
755 2612 854 2652 δέκα
892 2613 1012 2653 πέντε
1040 2615 1269 2655 καλανδῶν.
1324 2618 1510 2659 Sumtum

79 2661 159 2700 boo
185 2677 208 2702 a
236 2666 386 2705 Latinis
403 2697 414 2712 ‚
446 2669 515 2720 qui
533 2698 544 2714 ‚
575 2668 739 2721 quando
767 2668 909 2707 volunt
937 2669 1043 2707 diem
1081 2669 1142 2709 15.
1164 2670 1375 2711 calendar.
1422 2675 1509 2714 De-

78 2716 295 2758 cembrium
324 2723 565 2775 significare,
583 2731 677 2762 ante
695 2724 801 2763 diem
818 2724 909 2762 XV.
935 2723 1023 2763 Cal.
1046 2725 1145 2764 Dec.
1167 2726 1305 2766 dicunt
1322 2759 1334 2776 ‚
1364 2743 1508 2783 quam-
