1832 3126
263 185 370 220 120
426 207 428 209 -
552 183 626 224 10.
669 180 777 223 IAC.
820 182 1015 222 REISKn
1066 181 1447 224 COMMENTARII

255 289 447 336 nomine,
475 300 606 340 neque
640 300 684 325 re
715 285 894 325 multum
927 300 951 324 a
994 284 1317 324 Christianorum
1353 281 1564 336 εὐλογίαις
1594 285 1712 326 ablu-

259 345 393 383 dente.
426 342 480 381 V.
513 341 714 380 Athenaei
737 342 785 380 L.
815 341 886 379 III.
917 355 954 379 c.
984 341 1050 380 30.
1078 355 1118 394 p.
1146 340 1234 380 115.
1271 340 1324 379 A.
1358 347 1399 379 et
1419 341 1474 379 ibi
1510 348 1596 381 not.
1638 342 1715 382 Ca-

258 398 445 438 sauboni.
506 396 572 435 Ab
598 397 661 436 his
679 398 855 449 eulogiis,
891 411 961 436 seu
993 396 1342 445 benedictionibus,
1376 395 1418 434 id
1443 403 1503 436 est
1533 398 1716 451 particu-

255 454 305 494 lis
338 453 451 507 pan1s
486 452 703 501 benedicti,
738 467 842 505 quae
871 452 921 491 ad
942 451 1237 491 comedendum
1269 450 1455 491 fidelibus
1495 451 1711 502 dabantur,

252 509 407 548 factum
437 515 510 558 est,
540 515 587 547 ut
610 522 688 547 vox
729 509 884 560 eulogia
913 515 951 546 et
976 509 1202 546 convivium
1232 514 1272 546 et
1289 507 1436 546 donam
1455 507 1712 561 significaret3

255 579 298 603 v.
333 565 402 602 Du
426 564 561 616 Gange
586 577 630 603 v.
669 563 840 616 Alogia,
879 562 990 616 quod
1027 564 1162 601 Latini
1203 577 1250 601 ex
1283 560 1455 614 εὐλογία
1482 563 1713 613 effecerunt,

254 619 360 658 forte
395 619 551 672 decepti
590 619 714 658 ductu
751 618 976 657 sc1ibarum
1005 619 1266 667 Graecorum,
1310 618 1381 671 qui
1421 631 1470 656 ευ
1501 620 1558 659 sic
1599 633 1717 673 saepe

258 682 440 726 exarant,
488 681 535 713 ut
557 673 610 712 ab
638 689 666 713 a
699 674 892 728 distingui
921 681 1108 727 nequeat.
1167 673 1387 712 Ordericus
1419 673 1566 714 Vitalis
1597 675 1721 728 (apud

255 731 325 769 Du
358 730 493 783 Cange
530 743 572 769 v.
605 730 847 780 Benedictio)
881 731 1053 782 eulogias
1085 729 1363 768 benedictionis
1383 728 1495 778 dixit,
1533 743 1606 783 pro
1635 745 1717 784 quo

257 787 403 826 Petrus
441 786 664 824 Damianus
697 785 845 824 donum
882 786 1174 824 benedi'ctzonis.
1234 785 1341 823 Hinc
1375 784 1622 838 intelligatur
1655 786 1717 825 lo-

258 856 330 882 cus
358 842 541 895 Gregorii
571 842 631 879 Μ.
658 841 706 879 L.
724 841 781 880 11.
807 841 938 894 Epist.
963 841 1049 879 55..
1082 841 1365 880 transmisitmcs
1393 840 1447 879 B.
1468 841 1586 880 Petri
1601 841 1718 897 Apo-

261 898 356 936 stoli
374 897 699 946 benedictionem,
731 911 883 935 crucem
905 897 1155 951 parvulam,
1191 897 1257 934 cui
1287 895 1339 934 de
1366 897 1512 935 catems
1542 898 1624 937 eius
1654 898 1720 936 be-

260 952 404 1007 neficza
429 961 519 992 sunt
550 954 712 1003 inserta,
770 951 813 990 id
840 959 899 991 est
931 952 1121 1006 reliquiae
1146 959 1375 991 catenarum
1404 952 1498 991 cius.
1557 952 1719 992 Pariter

262 1007 417 1046 Concil.
459 1007 677 1047 Laodicen.
720 1021 865 1046 canon.
914 1005 978 1058 14.
1022 1008 1178 1060 eulogia
1214 1020 1290 1059 pro
1323 1006 1450 1055 dono,
1487 1009 1723 1061 praesertim

261 1063 348 1112 tali,
381 1062 500 1115 quale
524 1063 642 1101 amici
671 1062 736 1101 die
770 1063 870 1102 festo
896 1064 1000 1101 inter
1034 1077 1119 1102 sese
1139 1063 1335 1101 missitaie
1365 1061 1518 1112 solent,
1555 1062 1716 1127 legitur.

263 1117 384 1170 Περὶ
413 1118 488 1157 τοῦ
514 1114 567 1157 τὰ
599 1113 699 1181 ἅγια
727 1115 785 1170 μή
815 1117 874 1164 εἰς
902 1113 1023 1185 ὶόγον
1059 1116 1261 1169 ετῖλογιῶν
1308 1113 1417 1156 κατὰ
1460 1113 1538 1170 τήν
1574 1113 1723 1172 ἑορτὴν

263 1173 344 1212 τοῦ
372 1169 517 1224 πάσχα
548 1172 607 1220 εἰς
636 1167 781 1226 ἓτέοας
810 1170 1034 1225 παοοικίας
1067 1172 1397 1223 διαπέαπεσθαι.
1452 1172 1612 1213 Scilicet
1636 1188 1724 1214 mos

266 1243 311 1267 ei
313 1235 353 1267 at
383 1242 430 1267 eo
461 1236 657 1281 tempor,e
690 1236 736 1268 ut
765 1229 974 1281 episcopus
1001 1228 1052 1267 de
1083 1243 1189 1281 pane
1218 1242 1241 1267 a
1272 1242 1314 1267 se
1344 1236 1578 1269 consecrato
1606 1231 1727 1283 parti·

267 1283 379 1323 culas
410 1285 453 1323 in
492 1283 677 1324 ecclesias
717 1298 812 1323 suae
853 1284 1110 1337 inspectionis
1147 1291 1187 1323 et
1221 1283 1273 1322 ad
1301 1283 1556 1337 presbyteros
1585 1299 1726 1324 earum

268 1341 463 1390 mitteret,
493 1340 534 1378 in
563 1340 909 1393 significationem,
936 1353 978 1379 se
1011 1354 1104 1379 cum
1134 1339 1213 1379 illis
1241 1340 1565 1389 communicare,
1598 1341 1726 1393 ipsos-

269 1410 349 1448 que
375 1409 450 1448 pro
474 1395 663 1435 fratribus
689 1402 728 1434 et
763 1395 923 1448 collegis
946 1409 1183 1449 agnoscere,
1221 1395 1480 1448 ipsorumque
1513 1395 1729 1448 parochiae

269 1450 492 1503 adscriptos
530 1464 605 1504 pro
638 1450 829 1490 membris
858 1449 1045 1491 ecclesiae
1069 1465 1191 1503 suae3
1236 1464 1318 1504 quo
1366 1465 1459 1490 cum
1490 1451 1728 1506 affingerent

268 1508 494 1560 posteriora
524 1513 707 1558 tempora
728 1506 973 1559 opinionem,
1007 1520 1081 1559 per
1113 1506 1237 1547 talem
1269 1506 1321 1544 ab
1348 1506 1535 1560 episcopo
1566 1508 1730 1546 missam

270 1561 473 1614 eulogiam
507 1568 782 1601 consecratam
807 1563 1097 1601 communicari
1141 1563 1225 1602 vim
1260 1562 1480 1601 sanctitatis
1510 1562 1683 1615 panibus
1702 1577 1728 1602 a

271 1617 518 1671 presbyteris
539 1618 837 1667 consecrandis,
857 1625 1077 1671 coeperunt
1096 1617 1137 1657 id
1137 1619 1383 1671 firmentum
1401 1617 1618 1671 appellare.
1634 1617 1729 1661 Vid,

271 1673 344 1711 Du
378 1673 514 1726 Cange
542 1687 585 1712 v.
611 1674 877 1712 Fet-mentum.
937 1672 1110 1726 Eulogia
1138 1687 1235 1713 vero
1251 1703 1262 1722 ,
1303 1672 1354 1712 de
1387 1687 1468 1726 qua
1501 1673 1567 1713 hic
1597 1687 1730 1714 sermo

273 1735 362 1777 est,
395 1736 481 1768 erat
507 1727 705 1782 particula
734 1729 934 1768 benedicti
963 1729 1154 1782 quidem,
1185 1736 1227 1768 at
1259 1743 1343 1767 non
1373 1730 1592 1768 consecrati
1611 1759 1622 1777 ,
1653 1743 1728 1782 pa-

272 1785 352 1832 nis,
384 1798 506 1838 quam
539 1784 775 1823 Patiiarcha
810 1785 1048 1837 Imperatoii
1085 1799 1131 1823 ex
1165 1783 1328 1823 ecclesia
1362 1784 1528 1823 domum
1556 1784 1731 1823 redeun-

274 1840 334 1890 ti,
367 1839 408 1878 in
436 1840 595 1894 signum
623 1841 824 1888 caritatis,
858 1847 904 1879 ut
947 1847 1061 1896 pater
1102 1839 1187 1879 filio
1223 1838 1464 1887 crustulum,
1512 1853 1594 1879 una
1638 1853 1733 1879 cum

276 1896 458 1934 oratione
528 1909 595 1934 seu
659 1895 966 1946 benedictione,
1016 1894 1215 1943 addebat,
1266 1893 1378 1934 velut
1420 1894 1729 1944 munusculum,

278 1964 359 2002 quo
380 1952 456 2004 ipsi
486 1951 576 1989 festi
606 1951 686 1990 diei
717 1950 961 1990 hilaritatem
991 1950 1261 2004 gratularetur
1282 1956 1322 1989 et
1349 1957 1528 2003 augeret,
1561 1957 1601 1990 et
1627 1951 1732 1990 mori

278 2005 338 2044 illi
371 2006 617 2045 satisfaceret
635 2037 647 2058 ,
679 2019 764 2059 quo
798 2008 916 2046 amici
957 2006 1098 2045 diebus
1126 2005 1236 2045 festis
1262 2005 1463 2058 sportulas
1492 2020 1588 2045 cum
1614 2006 1733 2060 pani-

280 2059 385 2111 bus,
415 2061 621 2109 carnibus,
658 2061 824 2116 aliisque
857 2061 1069 2100 esculentis
1094 2068 1133 2100 et
1152 2060 1387 2126 potulentis,
1419 2061 1621 2115 rebusque
1647 2061 1735 2100 aliis

279 2091 467 2156 iucu'ndis
499 2118 727 2168 missitant,
759 2114 939 2169 μερίδας
962 2111 1248 2169 ἓορταστικάς,
1277 2124 1348 2155 aut
1376 2117 1612 2170 simpliciter
1640 2111 1734 2169 3:00-

281 2168 453 2210 ταστικὰ
483 2172 624 2212 dictas.
655 2173 710 2211 V.
739 2173 808 2210 Du
833 2172 969 2225 Gange
989 2186 1031 2211 v.
1062 2172 1229 2211 Festilia
1263 2179 1304 2211 et
1333 2172 1551 2211 Fet-iatica.
1622 2171 1735 2210 Idem

282 2225 408 2287 igitur
434 2227 732 2279 quodammodo
753 2235 812 2266 est
838 2226 995 2281 eulogia
1014 2233 1053 2266 et
1087 2225 1331 2281 α’ντίὸωοον.
1391 2228 1508 2279 Quae
1538 2229 1571 2267 si
1599 2227 1735 2267 diver-

283 2281 381 2318 sitas
412 2283 639 2334 intercedit,
669 2297 715 2322 ea
743 2282 842 2322 haec
867 2285 969 2333 erit,
1007 2289 1054 2321 ut
1087 2265 1319 2335 ιῖντίδωοον
1347 2290 1507 2322 tanturn
1546 2282 1626 2322 illis
1663 2282 1736 2320 da-

284 2342 426 2387 retur,
458 2339 627 2390 quinon
660 2338 1048 2378 communicassent.
1079 2336 1237 2392 eulogia
1264 2352 1363 2378 vero
1382 2340 1503 2377 etiam
1536 2337 1632 2387 illis,
1662 2338 1736 2390 qui

284 2389 367 2427 iam
403 2395 763 2433 communicassent
794 2393 845 2432 de
870 2407 974 2447 pane
994 2401 1242 2432 consecrato.
1309 2394 1411 2432 Nam
1433 2407 1556 2448 supra
1584 2393 1736 2431 dicitur

286 2444 515 2496 Imperator
542 2451 883 2500 communicasse,
923 2450 990 2488 cui
1011 2449 1240 2501 patriarcha
1265 2448 1331 2488 hic
1362 2449 1509 2488 dicitur
1537 2447 1738 2501 eulogiam

287 2498 398 2539 daie.
461 2503 619 2542 Morem
645 2504 754 2542 hunc
772 2504 947 2558 eulogias
976 2504 1239 2543 distribuendi
1267 2504 1492 2543 sacerdotes
1515 2504 1738 2543 Russorum

289 2568 314 2592 a
343 2554 506 2595 Graecis
536 2567 823 2598 assumserunt.
865 2537 959 2598 ὔ-Ῑη
973 2561 1030 2614 ip
1020 2574 1057 2598 so
1083 2556 1213 2598 natali
1239 2560 1306 2598 die
1337 2560 1503 2602 Ioannzs
1533 2558 1739 2613 Baptistae

288 2611 480 2666 trizmzquc
517 2627 720 2665 magorum
745 2645 756 2666 ,
804 2616 860 2654 ait
919 2615 1070 2654 Paulus
1107 2615 1243 2654 Iovius
1276 2613 1412 2654 libello
1444 2614 1495 2652 de
1541 2613 1739 2667 legatione

287 2666 540 2715 Moscovica,
572 2678 609 2706 et
629 2672 671 2708 in
697 2672 890 2709 Pasclzate
911 2671 1133 2725 presbyteri
1153 2680 1327 2709 sacratos
1350 2684 1476 2724 panes
1489 2682 1643 2724 parvos
1669 2669 1743 2707 toti

288 2722 439 2774 populo
462 2723 693 2774 largzuntur,
729 2741 895 2780 quotum
925 2741 991 2765 esu
999 2725 1183 2778 febribus
1207 2725 1446 2780 conflictatos
1466 2725 1641 2763 allevari
1667 2737 1742 2762 ex-

293 2776 482 2815 istimant.
544 2778 656 2831 Ipsos
677 2794 837 2835 quoque
864 2783 1129 2838 Imperatores
1150 2795 1223 2834 per
1252 2781 1445 2820 sestomm
1483 2779 1641 2819 dierum
1679 2777 1744 2817 hi·
