1884 3132
326 147 439 201 628
604 166 679 208 10.
722 166 826 209 mc.
881 168 1075 209 REISKu
1119 166 1495 210 commum

310 272 610 311 ›mentariorum
648 278 829 323 constat,
872 273 942 325 qui
986 278 1167 311 nostrum
1195 272 1304 310 hunc
1343 272 1499 326 egregie
1523 270 1694 314 illustrat
1724 281 1763 314 et

324 326 495 364 conferri
524 334 713 366 meretur.

408 382 498 420 522.
519 382 565 420 B.
587 381 740 435 penult.
781 381 895 435 [558,
919 380 983 434 9.]
1024 376 1103 419 ὑπὸ
1138 379 1220 419 τῶν
1249 380 1424 420 πολλῶν.
1492 382 1763 435 Praepositio-

323 449 417 474 nem
458 432 540 474 ὑπὸ
580 438 768 490 utrinque
807 438 921 475 uncis
965 436 1128 485 inclusi,
1173 435 1281 488 quod
1322 450 1410 474 eam
1449 435 1489 475 in
1521 437 1761 476 membranis

323 505 403 529 non
447 492 667 530 invenirem
687 521 698 541 ,
745 499 783 530 ct
830 493 1094 530 necessariam
1138 498 1273 529 tamen
1319 491 1536 532 crederem.
1607 493 1763 531 Fuisset

322 553 458 584 tamen
505 550 627 586 satius
673 547 916 585 membranis
955 546 1185 584 adhaerere.
1268 546 1394 598 Saepe
1437 547 1580 586 Nostro
1618 547 1763 586 desunt

321 602 662 653 praepositiones,
691 609 738 640 ut
768 602 818 640 de
842 597 976 650 μετὰ,
1023 601 1081 647 εἰς
1129 608 1169 639 et
1210 599 1296 639 aliis
1341 615 1459 653 supra
1501 617 1542 654 p.
1568 601 1658 641 116.
1703 601 1757 640 A.

328 670 387 696 10.
413 656 698 695 demonstravi.
754 657 810 695 Ita
834 671 877 708 p.
905 656 994 694 166.
1014 655 1068 694 Α.
1106 670 1137 697 1.
1170 655 1278 693 deest
1307 652 1388 693 ἀπὸ
1418 657 1461 695 in
1490 656 1558 695 illa
1587 656 1760 695 dictione

320 707 443 762 ἡνίκα
471 709 713 764 ὑποστρέψῃ
747 708 767 749 ὃ
794 707 994 761 βασιλεύς
1016 710 1089 760 τῆς
1109 705 1414 759 προελεύσεως,
1447 711 1555 763 quod
1578 712 1684 750 idem
1703 718 1763 751 est

321 772 441 818 atque
478 765 637 820 στρέφῃ
671 751 752 804 άπὸ
784 767 858 817 τῆς
884 762 1179 815 προελεύσεως.
1235 765 1295 804 lta
1337 765 1586 805 Herodianus
1624 767 1658 805 Ι.
1696 781 1760 805 11.

321 822 436 859 initio
478 815 645 871 ἄγαλμα
678 819 731 858 ου’
761 818 955 870 ψαυστὸν
994 818 1137 872 χειρὸς
1171 815 1436 871 ἀνθρωπίνης
1475 822 1635 870 (omisso
1663 816 1759 871 ὑπὸ)

320 874 432 914 dixit.
487 876 566 928 Ipsi
597 890 757 929 quoque
785 883 937 914 veteres
979 875 1120 913 Graeci
1158 874 1304 926 passim
1347 869 1429 912 ὑπὸ
1460 876 1678 924 omittunt,
1719 882 1760 914 et

319 930 698 983 subintelligendum
728 930 989 982 relinquunt3
1018 944 1057 968 v.
1084 929 1336 980 ⁴Hoogeveen
1364 943 1405 981 p.
1429 929 1523 969 518.
1558 931 1609 969 ad
1636 931 1759 983 Vige-

317 986 368 1022 rii
395 985 648 1035 Idiotismos,
679 991 717 1024 et
746 985 796 1023 ad
825 1000 865 1038 Ρ.
899 984 991 1025 385.
1022 985 1070 1022 B.
1100 998 1140 1037 9.
1167 983 1239 1021 ubi
1266 980 1364 1034 περὶ
1391 986 1580 1024 omissum
1609 986 1700 1024 fuit.

427 1040 478 1081 D.
507 1040 547 1079 5.
582 1039 691 1093 [558,
715 1039 795 1091 23.]
842 1037 1065 1091 ἀνθρακιᾷ.
1137 1039 1274 1088 Quum
1306 1039 1347 1076 in
1376 1040 1618 1080 membranis
1644 1054 1758 1094 repe-

315 1095 440 1133 rirem
465 1088 649 1146 ἆιθραξ,
679 1095 787 1147 quod
816 1108 897 1132 non
926 1107 1008 1132 esse
1030 1093 1214 1144 ανθραξ,
1246 1094 1377 1139 carbo,
1409 1101 1448 1132 et
1464 1108 1600 1133 sensus
1625 1103 1664 1134 et
1686 1096 1758 1134 de-

316 1149 442 1188 fectus
479 1156 663 1188 accentus
690 1148 993 1198 monstrabant,
1036 1147 1213 1200 liquebat
1241 1147 1340 1186 mihi
1368 1147 1542 1188 litteram
1570 1150 1757 1189 ultimam

314 1216 397 1242 non
426 1204 671 1256 simplicem,
713 1205 782 1243 sed
827 1204 1087 1256 compositam
1123 1216 1192 1241 seu
1234 1205 1451 1255 scripturae
1477 1206 1757 1258 compendium

315 1271 425 1310 esse,
452 1259 561 1311 quod
601 1258 813 1312 ἀνθρακιᾷ
852 1257 1169 1310 interpretabar,
1218 1260 1347 1310 aptius
1385 1257 1487 1296 nihil
1518 1259 1750 1313 invenien83

314 1313 400 1352 vid.
433 1313 538 1352 dicta
566 1313 618 1351 ad
645 1327 684 1366 p.
706 1313 801 1353 256.
824 1314 876 1351 D.
899 1313 974 1352 ult.

398 1368 491 1406 323.
511 1367 562 1406 A.
590 1383 622 1406 1.
650 1368 765 1422 [559‚
801 1367 864 1421 5.]
894 1365 1143 1419 γεύσασθαι.
1210 1368 1349 1406 Graeci
1378 1376 1529 1408 veteres
1555 1363 1755 1420 γεύεσθαι

313 1423 461 1472 ientare
499 1423 684 1462 dicebant
718 1431 757 1462 et
793 1426 928 1475 γεῦμα
967 1423 1195 1461 ientaculum
1210 1451 1221 1470 ‚
1267 1423 1361 1461 novi
1393 1438 1465 1476 pro
1486 1423 1687 1478 prandere
1714 1430 1754 1462 et

307 1478 483 1531 prandio
514 1478 730 1527 adhibentr,
761 1493 801 1517 v.
829 1478 996 1518 Salmas.
1027 1478 1077 1515 T.
1103 1478 1224 1530 11..p.
1250 1477 1346 1518 615.
1363 1479 1467 1518 nist.
1481 1480 1589 1532 Aug.
1615 1477 1753 1518 Palai-

313 1539 391 1571 ret.
423 1533 595 1575 Observ.
625 1534 675 1572 ad
705 1534 751 1573 N.
770 1534 820 1572 T.
845 1533 895 1572 ad
914 1533 1017 1571 Acta
1039 1533 1134 1571 XX.
1160 1547 1222 1571 11.

420 1587 470 1626 Β.
495 1588 533 1627 5.
564 1587 681 1642 [559,
705 1587 783 1641 16.]
823 1582 1100 1639 Ἀναργύρων.
1157 1587 1365 1640 Αιιανςννι·
1390 1587 1485 1627 dicti
1513 1588 1647 1627 Sancti
1675 1586 1750 1626 ali-

313 1649 413 1694 quot
434 1673 444 1690 ,
479 1650 518 1682 et
547 1643 649 1682 inter
675 1658 739 1682 eos
768 1646 978 1696 praecipue
1007 1642 1169 1681 Cosmas
1208 1650 1247 1681 et
1274 1644 1493 1681 Damianus
1510 1672 1521 1690 ‚
1553 1643 1622 1696 qui
1649 1656 1750 1696 pau-

311 1697 473 1749 peribus
501 1699 740 1736 medicinam
781 1700 901 1751 gratis
929 1697 1150 1745 faciebant3
1191 1711 1232 1735 v.
1261 1698 1326 1736 Du
1357 1698 1490 1751 Cange
1519 1697 1648 1737 Gloss.
1677 1697 1751 1737 Gr.

311 1750 355 1790 h.
385 1765 427 1790 v.
461 1759 500 1790 et
534 1754 677 1792 Ricaut
708 1754 803 1792 Etat
835 1754 994 1808 present
1022 1752 1070 1790 de
1108 1751 1266 1804 l’Eglise
1295 1754 1477 1804 Grecque
1503 1767 1547 1805 p.
1573 1751 1661 1804 148.

421 1808 468 1845 Β.
492 1823 531 1861 7.
565 1808 683 1861 [559,
712 1807 796 1861 18.]
828 1808 886 1854 εἰς
919 1803 969 1845 τὰ
996 1804 1235 1846 Παυλίνου.
1293 1808 1339 1845 111
1367 1814 1497 1846 tractu
1517 1837 1527 1854 ,
1558 1809 1600 1846 in
1630 1808 1746 1854 vico,

312 1862 355 1899 in
385 1861 513 1900 insula
541 1862 699 1902 Paulini
729 1864 857 1911 dicta,
887 1861 951 1901 vel
979 1861 1029 1899 de
1066 1861 1228 1900 aedibus
1257 1863 1460 1914 quondam
1487 1861 1664 1901 Paullini
1693 1862 1748 1901 sic

313 1915 536 1969 appellata3
566 1918 650 1957 vid.
684 1918 853 1957 Cedren.
887 1931 929 1970 p.
953 1916 1045 1955 502.
1063 1916 1115 1954 D.
1139 1915 1214 1954 ult.
1248 1917 1486 1969 Theophan.
1515 1932 1557 1969 p.
1582 1916 1674 1956 318.
1693 1917 1749 1956 D.

317 1984 365 2009 1.·¹
388 1978 426 2009 et
446 1972 499 2010 ihi
531 1974 651 2012 Goar.
679 1981 717 2012 et
745 1973 811 2011 Du
829 1973 962 2025 Gange
976 1970 1070 2009 CPl.
1086 1971 1231 2009 Christ.
1258 1972 1302 2009 L.
1324 1973 1395 2010 IV.
1428 1986 1470 2024 p.
1499 1970 1587 2022 184.
1615 1970 1747 2022 *[Αο-

313 2039 549 2078 argyrorum
577 2028 724 2081 templa
753 2028 827 2066 Dei
857 2027 1042 2080 genetrici
1086 2032 1125 2063 et
1154 2025 1383 2072 Blachernis
1408 2028 1586 2079 proxima
1616 2033 1742 2064 erant.

312 2079 581 2134 Wagnereck.
613 2084 664 2122 ad
692 2083 760 2122 SS.
792 2082 957 2120 Cosmae
985 2088 1024 2119 et
1051 2080 1236 2118 Damiani
1274 2082 1396 2119 vitam
1426 2096 1464 2134 p.
1485 2080 1595 2132 28.]*
1625 2081 1746 2118 Tem-

310 2134 424 2188 plum
452 2136 529 2176 hoc
551 2145 636 2176 erat
679 2139 720 2176 in
750 2139 841 2191 ipsis
869 2134 1097 2174 Blachernis
1143 2149 1212 2174 seu
1241 2134 1433 2174 suburbio
1465 2137 1519 2174 sic
1546 2136 1667 2174 dicto.
1697 2135 1744 2173 In

312 2190 488 2230 dictione
526 2191 584 2238 εἷς
609 2188 657 2249 wi
676 2223 687 2243 ,
729 2192 888 2246 quando
915 2191 990 2229 hoc
1019 2204 1134 2230 sensu
1164 2190 1280 2230 debet
1307 2192 1453 2244 accipi,
1482 2189 1745 2242 subintelligi-

311 2251 380 2284 tur
407 2242 609 2298 οἰκήματα
636 2247 698 2287 vel
729 2246 916 2286 συνοίκια
943 2247 1007 2285 vel
1045 2244 1171 2284 simile
1209 2245 1319 2298 quid.

1102 2296 1108 2309 Ι

423 2302 466 2342 C.
486 2302 640 2355 penult.
671 2301 784 2356 [560,
805 2300 866 2355 8.]
896 2301 1251 2351 Παντελεημονος.
1305 2300 1403 2338 Fuit
1430 2305 1469 2338 ct
1493 2298 1560 2337 hic
1585 2302 1744 2336 sanctus

310 2356 512 2408 medicus3
543 2358 626 2396 vid.
647 2355 974 2409 Menolog.Basil.
1005 2356 1147 2394 T.111.
1176 2356 1226 2393 ad
1254 2354 1358 2393 diem
1387 2353 1478 2391 Iulii
1507 2366 1572 2404 27.
1594 2352 1740 2404 Script-

310 2421 402 2463 post
441 2412 678 2465 Theophan.
704 2427 746 2465 p.
782 2411 876 2465 269.
906 2412 971 2460 B„
991 2411 1061 2449 ubi
1091 2411 1236 2449 dicitur
1274 2410 1475 2447 Romanus
1511 2407 1742 2458 Lecapenus

310 2467 432 2518 ipsius
462 2469 612 2506 nomini
659 2467 864 2506 ecclesiam
903 2474 942 2504 et
969 2466 1252 2504 monasterium
1294 2462 1542 2511 condidisse,
1585 2461 1630 2499 it.
1669 2461 1739 2499 Du

312 2521 444 2576 Cange
473 2522 569 2560 CPli
597 2521 746 2561 Christ.
770 2522 842 2560 1V.
863 2536 906 2574 p.
933 2522 1021 2574 175.
1049 2521 1141 2559 fine.

393 2576 487 2627 524.
512 2579 556 2615 B.
576 2591 615 2631 9.
661 2577 769 2631 [561,
815 2575 896 2629 15.]
933 2573 1006 2627 τὴν
1048 2571 1167 2626 ἁγίαν
1208 2568 1354 2624 κάραν.
1408 2569 1568 2609 Retinui
1595 2582 1738 2608 vocem

309 2642 422 2679 cara,
447 2632 488 2669 id
512 2640 569 2671 est
605 2641 744 2686 caput,
790 2633 831 2669 in
860 2631 1011 2669 Latinis
1028 2658 1039 2679 ,
1069 2626 1388 2682 quandoquidem
1419 2625 1550 2662 Latini
1578 2637 1738 2676 quoque

310 2685 519 2736 scriptores
549 2702 593 2725 ca
620 2693 817 2734 utuntur3
847 2699 888 2724 v.
920 2686 986 2722 Du
1003 2685 1134 2736 Gange
1154 2697 1195 2720 v.
1229 2682 1345 2719 Cara.
1402 2679 1670 2717 Rhamnusius
1697 2693 1736 2731 p.

315 2738 404 2780 155.
442 2741 579 2791 capitis
626 2742 666 2780 S.
696 2741 857 2779 Ioannis
895 2739 1118 2792 portionem
1146 2734 1244 2775 CPli
1291 2747 1315 2772 a
1342 2734 1494 2773 Latinis
1516 2740 1737 2789 expugnata

1874 2834 1884 2859 1;
1857 2756 1884 2814 ...ιηὨ
1864 2605 1884 2746 Ιι-ίΜςι
1873 2499 1884 2589 ,μή-πμ..
