1884 3132
192 175 266 218 An
305 174 602 217 CONSTANT.
639 173 836 216 ponpa.
871 174 941 213 DE
983 171 1162 213 cmm.
1202 172 1299 213 Lm.
1340 174 1373 213 1.
1414 152 1523 228 347

101 267 211 322 quod
248 267 390 307 imitati
418 265 572 305 Arabes
614 264 825 304 formulam
853 251 967 318 5⁸33
1014 254 1071 296 Bm
1104 271 1195 358 415>
1211 292 1222 312 ‚
1251 264 1293 302 in
1308 264 1414 302 vivis
1434 277 1527 302 con-

1097 335 1109 357 ‘
1164 333 1188 371 P

96 331 223 362 servet
247 323 340 362 deus
366 321 572 367 Emit-um,
615 318 921 373 praemittebant
961 333 1033 357 suo
1072 333 1095 357 a
1191 319 1382 372 rincipem
1426 318 1525 358 allo·

100 378 213 430 quio.
270 376 385 416 Conf.
414 376 638 414 casaubon.
669 375 719 413 ad
747 374 895 412 Athen.
924 387 964 426 p.
989 388 1082 427 277.
1103 376 1168 428 57.

208 433 263 470 D.
283 431 464 486 9.[371‚
483 430 548 484 9.]
582 430 772 481 πρεστεθ.
828 430 886 467 Μ.
918 429 1109 479 nepote-9.

183 487 277 527 216.
302 487 355 526 A.
376 487 412 525 5.
434 486 546 540 [37¹⁷
570 483 646 538 ι4.]
677 483 724 536 ἠν
750 481 908 535 γαυδίω
938 483 1167 533 πρανδεῖτε.
1197 484 1242 522 ln
1265 483 1399 523 codice
1427 483 1525 523 haec

101 545 157 583 sic
186 549 299 582 erant
325 547 481 580 exarata
506 540 547 578 H
553 538 622 579 YF
649 537 843 578 ANAIO
871 537 1263 579 JIPANAEITAI
1289 547 1364 580 etc.
1421 539 1527 577 Con-

101 599 195 638 serri
230 597 282 637 ad
323 596 426 635 hanc
465 593 677 634 formulam
718 593 927 646 prandenti
965 592 1067 631 bene
1102 593 1287 646 precandi
1325 593 1394 633 illa
1421 595 1527 648 apud

101 652 352 693 Athenaeum
379 657 553 689 meretur
582 664 622 702 p.
650 649 738 701 [49.
760 649 806 687 Β.
828 649 894 686 3.:
918 640 966 685 εὖ
996 644 1265 699 ὁέιπνήσειας.

211 706 266 746 A.
285 704 464 761 7.[371,
491 703 575 758 18.]
604 705 767 753 μίσσον.
824 704 881 742 Μ.
909 700 1056 752 μίσον,
1074 703 1234 755 εἰηςτιίῐε
1263 704 1446 744 missibus.

210 763 258 801 B.
282 775 317 800 1.
338 761 454 815 [37²³
477 761 536 812 2.]
569 754 658 809 ἅμα
686 757 806 808 πρωῒ.
883 757 930 796 ld
957 764 1015 796 est
1044 751 1132 807 ἅμα
1163 758 1221 812 τῷ
1249 759 1382 813 πρωῒ,
1415 762 1532 799 simul

100 831 187 856 cum
209 825 297 856 orta
314 830 482 863 aurora,
517 828 638 867 quam
665 814 840 867 primum
866 820 1034 865 surgunt
1061 813 1254 853 homines.

211 872 257 912 B.
281 870 321 911 5.
364 872 459 925 372,
483 869 546 924 5.]
576 864 750 915 τούτοις.
785 870 843 906 Μ.
866 867 1055 914 τούτους.

211 926 258 965 C.
286 941 320 965 1.
341 870 456 981 {572‚
485 923 568 978 11.]
599 919 682 976 ἔτη.
738 922 910 963 Membr.
940 922 1014 984 Aff
1042 923 1151 967 dt„

210 991 258 1031 C.
282 990 321 1032 5.
346 991 458 1046 [372,
483 989 567 1044 ι4.]
597 988 847 1043 σιτηρέσιον.
901 989 973 1028 Est
999 1005 1157 1030 annona
1183 1005 1254 1030 seu
1289 993 1529 1045 stipendium

102 1045 220 1086 militi
246 1048 478 1096 annuatim,
507 1053 576 1084 aut
602 1059 672 1098 per
703 1053 836 1085 ternos
867 1052 1132 1098 quaternosve
1173 1061 1298 1086 annos
1322 1048 1407 1087 dari
1437 1049 1531 1089 soli-

102 1108 217 1153 tum,
243 1109 363 1155 prout
397 1101 554 1156 imperii
582 1101 809 1140 constitutio
848 1100 992 1152 ferret,
1035 1101 1132 1141 alias
1171 1117 1283 1156 roga.
1341 1103 1458 1143 Patet
1486 1120 1532 1143 ex

104 1156 285 1196 cedreno
311 1171 351 1210 p.
369 1171 464 1211 797.
485 1157 539 1196 A.
565 1170 625 1195 10.
644 1163 683 1195 et
711 1157 770 1195 Io.
792 1155 950 1209 Seylitz.
978 1171 1021 1209 p.
1050 1155 1146 1196 823.
1178 1158 1225 1196 C.
1263 1158 1299 1198 5.
1318 1189 1328 1206 ‚
1371 1159 1439 1198 ubi
1484 1158 1529 1199 τὸ

103 1209 325 1263 ὄψωνικόν,
355 1218 614 1260 commeatus,
643 1225 704 1250 res
733 1210 947 1258 victuales,
977 1211 1028 1250 ad
1059 1213 1210 1251 victum
1238 1213 1439 1263 facientes,
1459 1230 1532 1269 op-

103 1273 311 1319 ponuntur
335 1268 395 1322 τῷ
419 1266 638 1320 σιτηρεσίῳ
654 1299 665 1315 ,
693 1266 888 1319 stipendio
918 1268 1091 1306 nummis
1119 1269 1329 1307 constanti.

209 1322 263 1360 D.
289 1335 328 1361 2.
347 1321 464 1376 [372‚
489 1321 569 1375 19.]
602 1322 623 1360 ὁ
646 1320 758 1359 δεῖνα
783 1322 882 1359 τῶν.
913 1319 1001 1360 Μ.ὅ
1025 1321 1139 1360 δεῖνα
1157 1320 1229 1361 καί
1248 1319 1268 1361 ὁ
1288 1323 1402 1362 δεῖνα
1431 1324 1527 1364 τῶν.

212 1377 268 1416 D.
290 1377 462 1431 5.[372,
487 1376 573 1430 20.]
604 1372 932 1427 θεοπροβλήτων.
989 1377 1028 1416 Α
1055 1377 1128 1415 deo
1161 1380 1466 1418 renuntiator-nm
1499 1390 1537 1420 ec

103 1430 164 1469 ad
186 1431 300 1470 illam
326 1433 554 1484 dignitatem
576 1439 864 1486 provectorum.
923 1431 1123 1470 Amabant
1147 1447 1290 1485 nempe
1319 1434 1449 1486 Impp.
1469 1443 1533 1474 ta-

107 1484 165 1524 les
191 1484 357 1526 titulos:
387 1482 692 1537 θεοπρόβλητος
711 1515 722 1531 ,
753 1482 1000 1532 θεόστεπτος
1017 1516 1028 1534 ,
1056 1484 1291 1539 θεοστεφὴς
1307 1518 1319 1536 ,
1359 1489 1536 1528 &somm-

105 1539 275 1592 ἐργητος
290 1571 301 1587 ,
346 1542 410 1579 cui
450 1541 542 1579 deus
582 1541 725 1578 assistit
745 1549 784 1578 ec
822 1540 1063 1589 collabor-at,
1102 1538 1401 1593 θεοσύμμαχος
1420 1574 1430 1590 ,
1463 1546 1534 1599 qui

105 1595 174 1633 dec·
193 1609 348 1634 causam
375 1604 522 1641 tuetur,
554 1602 622 1633 aut
649 1595 713 1632 cui
742 1594 880 1633 tzoendo
905 1595 1174 1650 set-vandoque
1186 1596 1279 1635 deus
1303 1599 1533 1652 opitulatum

105 1651 215 1688 venit
223 1664 239 1699 ‚·
266 1664 346 1703 quo
374 1664 515 1702 nempe
542 1649 715 1703 legitime
742 1656 901 1702 partum
930 1657 968 1688 et
996 1650 1314 1690 administratum
1343 1667 1367 1691 a
1394 1667 1435 1692 se
1461 1656 1535 1693 im-

106 1706 262 1758 perium
291 1712 546 1744 testarentur.
605 1703 681 1743 Vel
699 1705 772 1756 ipsi
789 1706 950 1757 tyranni
979 1705 1180 1744 iactabant
1205 1721 1247 1745 se
1276 1707 1413 1746 divino
1430 1717 1533 1748 nutu

107 1774 302 1812 regnare,
330 1767 377 1800 ut
404 1759 625 1812 exemplum
653 1758 774 1798 habet
807 1759 998 1812 Sulpitius
1036 1761 1205 1800 Severus
1245 1763 1286 1799 in
1315 1763 1397 1801 vita
1425 1765 1536 1803 Mar-

106 1816 182 1854 tini
209 1816 250 1852 in
277 1816 450 1854 Maximo
494 1823 679 1868 tyranno.
738 1814 826 1868 *[1n
854 1815 1158 1868 pseudosynodo
1202 1815 1333 1855 Photii
1369 1832 1410 1870 p.
1438 1821 1535 1872 259.

109 1869 162 1908 T.
194 1869 266 1908 VI.
303 1870 455 1909 Concil.
491 1870 553 1908 ed.
591 1869 790 1908 Harduin.
825 1876 882 1908 est
939 1867 1257 1923 θεοπροβλήτοις
1293 1872 1537 1924 βασιλεῦσι,

108 1931 150 1963 et
166 1938 210 1976 p.
227 1923 348 1978 289.:
377 1925 546 1975 βασιλεῖ
560 1919 641 1962 ὑπὸ
672 1924 744 1976 τῆς
775 1924 895 1970 θείας
923 1917 1083 1963 ἄνωθεν
1108 1923 1367 1977 προμηθειῖκς
1391 1926 1539 1978 ἐστεμ-

107 1977 243 2033 μένῳ,
275 1978 536 2034 ὁδηγουμένῳ
565 1976 638 2017 καί
665 1978 1061 2033 διακυβερνωμένῳ,
1094 1977 1272 2035 δεσπότῃ
1311 1979 1537 2031 ἀγαθοποι-

111 2032 147 2087 ῷ
160 2063 174 2082 ,
202 2034 419 2087 νικοποιῷ,
451 2029 749 2088 θεοσυμμάχῳ.
808 2034 1070 2086 Imperatores
1091 2035 1242 2073 CPtani
1270 2049 1312 2074 se
1337 2035 1538 2087 χριστοὺς

111 2086 284 2139 κυρίου,
311 2098 441 2127 unctos
467 2089 645 2135 domini,
677 2088 852 2141 profiteri
880 2089 1074 2128 solebant.
1136 2091 1251 2128 Irene
1268 2091 1539 2144 Nicephorum

110 2141 160 2182 ἐκ
186 2143 292 2180 θεοῦ
321 2144 604 2194 προβληθέντα
633 2143 810 2196 agnoscit
836 2144 943 2196 apud
972 2145 1120 2183 Zonar.
1141 2152 1180 2183 et
1199 2144 1368 2184 Cedren.
1386 2161 1429 2199 p.
1449 2147 1540 2196 148.

110 2203 202 2235 not.
218 2196 384 2237 Freheri
412 2198 463 2236 ad
490 2199 634 2251 Script.
645 2198 987 2252 Rer.German.]*
1019 2199 1245 2238 Credebant
1268 2208 1435 2250 veteres,
1455 2202 1538 2240 Im-

112 2258 317 2305 peratores
343 2266 367 2290 a
394 2253 468 2291 deo
494 2253 610 2306 eligi,
641 2254 692 2292 ab
721 2254 952 2294 hominibus
975 2255 1305 2294 constituentibus
1346 2262 1386 2294 et
1423 2256 1539 2296 inau-

112 2307 371 2359 gurantibus‚
399 2315 446 2346 ut
472 2308 777 2360 Imperatoribus
807 2308 894 2347 aliis
910 2339 922 2358 ,
955 2316 1112 2359 senatu,
1141 2311 1278 2348 castris
1304 2316 1342 2348 et
1369 2311 1534 2364 populo,

112 2368 269 2400 tantum
311 2361 502 2401 declarari
548 2370 587 2400 et
622 2364 866 2418 promulgari
903 2363 1081 2402 divinam
1119 2363 1395 2415 voluntatem3
1450 2367 1536 2406 vid.

109 2415 307 2455 Themist.
330 2432 420 2470 pag.
443 2431 533 2470 207.
552 2418 597 2454 Β.
615 2419 722 2469 init.‚
752 2420 799 2458 C.
823 2416 886 2467 5.‚
917 2419 1012 2456 item
1032 2433 1123 2471 pag.
1158 2420 1223 2472 73.
1259 2420 1305 2458 C.
1334 2433 1366 2459 1.
1426 2422 1538 2471 Qua-

111 2478 274 2523 propter
313 2479 397 2510 tam
442 2476 482 2511 in
522 2472 798 2524 orientalium,
838 2486 959 2524 quam
997 2473 1301 2512 occidentalium
1341 2477 1469 2528 Impp.
1500 2484 1540 2516 et

112 2537 254 2578 regum
283 2529 415 2568 numis
459 2534 498 2566 et
539 2527 775 2580 imaginibus
803 2529 1100 2580 conspiciuntur
1128 2543 1268 2567 manus
1305 2544 1328 2568 e
1366 2531 1539 2570 nubibus

101 2580 355 2630 *prodeuntes
394 2590 432 2621 et
473 2595 661 2621 coronam
703 2583 796 2636 ipsis
836 2585 1119 2635 imponentest,
1173 2583 1255 2622 vid.
1300 2585 1366 2623 Du
1408 2585 1540 2639 Gange

119 2632 250 2673 Gloss.
278 2637 369 2675 Lat.
407 2651 447 2675 v.
479 2637 675 2689 Armiger.
731 2638 778 2676 In
819 2639 1076 2677 coronatione
1112 2638 1245 2677 Caroli
1296 2641 1353 2678 M.
1397 2640 1540 2692 legitur

113 2700 169 2783 {o
197 2690 279 2728 ulus
303 2692 529 2730 laedssimus
569 2702 627 2731 ter
663 2692 881 2731 clarissima
916 2707 1009 2732 voce
1045 2693 1278 2734 acclamasse
1303 2714 1315 2733 .-
1366 2695 1537 2735 CARO-

220 2742 483 2788 AUGUSTO
527 2747 564 2790 A
602 2747 718 2789 DEO
754 2747 909 2791 DATO
949 2747 1146 2788 MAGNO
1189 2749 1263 2789 ET
1299 2750 1538 2791 PIISSIMO
