1884 3132
219 188 296 230 An
335 184 632 230 cons-rm.
683 184 880 227 ponpa.
915 185 987 224 DE
1031 184 1211 226 cmm.
1251 186 1348 226 mn.
1389 187 1422 226 1.
1462 166 1573 243 387

144 291 270 333 *huius
284 284 395 332 vlocis
407 304 489 330 non
513 289 711 340 recedere,
737 289 950 343 sedpotius
966 288 1016 328 de
1026 291 1228 342 marsupio
1238 289 1302 328 vel
1314 289 1436 328 bursa
1454 290 1578 330 inter·

144 349 297 402 pretari
319 361 332 396 ;
361 347 446 385 sive
470 347 550 384 iam
570 345 770 398 praefecto
789 357 837 383 eo
866 344 943 383 fine
970 344 1116 383 bursae
1143 343 1220 383 hae
1246 347 1419 383 nummis
1439 345 1579 398 plenae

144 401 456 457 praeferrentur,
486 407 532 439 ut
561 414 675 439 suam
701 399 825 439 veluti
853 399 1080 452 eparchiam
1112 406 1357 452 spargerent,
1387 401 1578 452 quemad—

142 457 309 496 modum
347 457 442 495 novi
485 454 667 494 consules
708 468 826 493 suum
863 453 1142 503 consulatum,
1184 454 1226 491 id
1255 460 1313 492 est
1343 454 1505 493 missilia
1533 457 1577 495 in

141 511 336 566 populum
368 510 614 564 proiicienda
654 511 766 557 (non
792 516 927 548 tamen
954 509 1116 547 memini
1147 508 1198 547 de
1234 509 1440 561 praefectis
1470 509 1577 550 idem

142 566 254 621 quod
287 566 338 607 de
377 564 606 604 consulibus
644 563 813 617 legere):
849 565 932 602 sive
960 563 1172 602 donarium
1200 563 1277 602 hoc
1305 573 1405 603 esset
1424 595 1435 611 ‚
1466 565 1576 618 quod

143 629 215 661 aut
242 622 479 675 Imperator,
509 626 579 658 aut
605 618 701 657 urbs
728 632 834 657 novo
864 618 1063 671 praefecto
1090 616 1360 657 conciliandae
1398 618 1574 658 benevo-

139 676 286 716 lentiae
383 676 438 714 tia
475 673 689 713 exhiberet.
749 673 883 723 Quid,
912 675 944 712 si
976 673 1122 711 horum
1147 673 1405 726 persiciorum
1432 675 1574 728 imagi-

140 745 236 770 nem
262 731 289 770 h
366 743 500 768 remus
527 730 569 767 in
597 727 787 782 diptycho
815 727 884 766 illo
902 728 1101 767 consulari
1117 758 1128 776 ‚
1158 730 1273 767 euius
1295 736 1483 782 ectypum
1503 728 1591 769 de-v

142 785 204 825 dit
228 786 298 824 Du
324 785 457 838 Gange
483 783 566 822 tab.
605 796 641 821 1.
670 784 827 822 dissert.
855 782 907 822 de
937 785 1112 822 nummis
1131 785 1218 821 aevi
1246 783 1392 833 medii,
1422 785 1492 823 ubi
1522 786 1574 824 ad

142 839 299 894 singula
326 838 450 878 latera
478 838 599 877 sellae
621 838 785 888 curulis,
818 839 884 876 cui
912 837 1051 877 consul
1079 838 1245 885 insidet,
1275 838 1575 890 conspiciuntur

141 894 287 948 singuli
314 895 419 944 viri,
455 900 635 932 tenentes
677 900 847 946 utraque
886 907 1007 931 manu
1048 907 1287 946 mapparum
1319 893 1501 942 lacinias,
1531 897 1574 934 in

140 963 317 1003 quarum
345 962 591 1002 mapparum
618 947 750 986 medio
778 950 878 986 iacet
912 947 1078 1000 aliquid,
1109 947 1218 1000 quod
1246 950 1418 988 nummis
1445 949 1574 989 simile

143 1007 233 1044 oet?
264 1004 388 1043 Certe
408 1018 483 1057 pro
511 1004 685 1042 nummis
713 1003 781 1041 Du
813 1002 944 1056 Gange
964 1017 1122 1056 quoque
1139 1002 1304 1050 habuit,
1335 1005 1447 1042 cuius
1475 1003 1574 1046 haec

139 1066 235 1099 sunt
260 1059 385 1098 verba
422 1058 458 1112 §.
482 1070 546 1096 ια.
564 1072 577 1096 :
625 1057 802 1107 „Nescio
829 1072 880 1096 an
912 1060 996 1110 ipsa
1024 1057 1215 1111 explicata
1258 1065 1466 1098 censeatur
1491 1073 1575 1100 esse

142 1114 185 1152 in
213 1113 353 1152 eodem
381 1112 572 1166 diptycho
600 1126 744 1165 mappa
771 1114 814 1150 in
842 1112 946 1151 binis
976 1113 1111 1166 figuris
1128 1142 1140 1162 ,
1160 1126 1263 1166 quae
1288 1113 1408 1152 sellae
1435 1113 1573 1154 lateri-

140 1168 218 1208 bus
245 1169 542 1222 appinguntur,
573 1181 744 1220 quarum
772 1166 951 1220 singulae
970 1167 1075 1206 binis
1101 1167 1287 1207 manibus
1316 1182 1479 1222 mappas
1507 1183 1574 1208 ex·-

141 1222 307 1278 plicatas
331 1230 468 1262 tenent
494 1223 534 1261 in
565 1221 751 1261 ludorum
778 1222 961 1261 editionis
988 1222 1215 1276 symbolum
1229 1226 1248 1261 ?
1274 1224 1350 1262 nisi
1378 1224 1479 1263 forte
1504 1238 1575 1263 eae

142 1292 312 1331 mappae
331 1280 560 1316 contineant
574 1291 832 1315 nummorum
860 1284 1009 1316 certam
1045 1278 1326 1331 quantitatem,
1359 1281 1428 1331 qui
1456 1279 1575 1318 efficti

143 1332 440 1386 quodammodo
468 1332 791 1384 conspiciuntur,
820 1332 874 1370 ita
900 1340 947 1371 ut
973 1332 1025 1371 ad
1053 1332 1263 1371 consulum
1291 1331 1487 1380 ὑπατείας
1503 1349 1573 1373 seu
1586 1343 1648 1376 Ed.
1676 1343 1715 1376 L.
1750 1353 1814 1377 η,

141 1386 306 1426 missilia
341 1387 480 1426 referri
535 1385 742 1425 debeant.'’
798 1386 955 1425 Pariter
994 1389 1152 1439 gemino
1193 1386 1270 1426 hoc
1298 1388 1420 1426 modo
1448 1391 1575 1442 accipi

115 1488 118 1490 v
145 1448 279 1494 posset
304 1441 415 1480 locus
443 1454 563 1493 supra
589 1441 773 1479 laudatus
798 1454 839 1493 p.
865 1440 955 1492 240.
989 1442 1044 1480 D.
1074 1443 1115 1481 3.
1173 1441 1313 1494 Aeque
1341 1442 1448 1480 enim
1479 1458 1574 1496 pro-

142 1495 279 1540 babile
305 1503 366 1534 est
382 1525 393 1542 ‚
422 1494 564 1534 bursas
592 1508 698 1533 novo
726 1494 960 1547 Imperatori
981 1509 1029 1534 eo
1057 1497 1133 1534 fine
1162 1496 1314 1534 oblatas
1348 1496 1465 1534 fuisse
1481 1527 1492 1545 ‚
1529 1505 1576 1537 ut

144 1550 358 1604 pecuniam
387 1549 480 1588 inde
499 1549 745 1602 depromtam
774 1549 814 1587 in
842 1550 1160 1589 circumstantem
1189 1558 1228 1589 et
1255 1550 1473 1590 inhiantem
1501 1567 1575 1605 po-

141 1605 286 1658 pulum
323 1611 547 1659 spargeret,
590 1618 711 1656 quam
749 1617 796 1641 eo
810 1633 821 1653 ‚
854 1611 900 1642 ut
941 1604 1091 1643 donum
1130 1607 1347 1657 gratuitum
1388 1606 1472 1658 ipse
1498 1607 1574 1646 sihi

329 1689 341 1711 ,
371 1673 452 1712 quo
482 1658 618 1697 oblato
647 1656 869 1711 respublica
898 1673 1051 1697 novum
1078 1658 1154 1698 sibi
1173 1667 1393 1708 rectorem,
1421 1667 1462 1698 et
1479 1660 1574 1701 huic

142 1728 188 1754 se
216 1714 465 1767 faustamque
500 1713 702 1751 fortunam
729 1712 1008 1765 gratularetur.
1062 1714 1154 1752 Non
1185 1715 1290 1752 enim
1317 1728 1398 1753 una
1424 1714 1575 1764 bursa,

141 1769 215 1809 sed
242 1769 380 1822 plures
410 1782 517 1807 novo
533 1769 767 1820 Imperatori
787 1768 1112 1819 praeferebantur
1128 1799 1140 1817 ,
1169 1776 1215 1806 ut
1232 1783 1277 1807 ex
1296 1768 1324 1806 l.
1348 1782 1384 1806 c.
1406 1764 1575 1813 constat.

145 1824 303 1863 Verum
321 1823 528 1877 posteriori
544 1822 639 1861 huic
657 1823 908 1861 coniecturae
925 1823 1055 1861 obstat
1071 1822 1137 1861 ille
1157 1822 1267 1861 locus
1287 1823 1403 1874 (infra
1420 1838 1462 1875 p.
1475 1823 1572 1875 241.

146 1878 195 1917 C.
230 1877 287 1929 4.)
305 1907 318 1928 ,
357 1892 439 1931 quo
477 1878 666 1916 dicuntur
708 1879 786 1915 viri
812 1878 962 1916 ordinis
989 1879 1176 1916 senatorii
1202 1891 1309 1916 novo
1338 1878 1574 1930 Imperatori

146 1933 357 1985 pittacium
384 1941 462 1971 seu'
482 1932 682 1971 cambium
709 1932 760 1970 de
785 1938 847 1970 ter
876 1932 984 1970 mille
1011 1932 1123 1970 libris
1143 1932 1229 1969 auri
1248 1939 1293 1969 ut
1311 1931 1463 1970 donum
1482 1948 1574 1986 gra-

145 1988 296 2025 tuitum
314 1987 424 2025 urbis
442 1989 571 2040 regiae
586 1986 729 2026 offerre
742 2017 753 2034 ,
783 1994 993 2039 postquam
1014 1987 1054 2025 in
1074 1986 1399 2039 praecedentibus
1420 1988 1574 2039 (panio.

129 2041 203 2080 ·D.
228 2042 299 2092 3.)
340 2041 492 2079 dictum
526 2049 626 2080 esset
665 2042 736 2094 ipsi
774 2041 968 2094 praelatas
1006 2042 1125 2080 fuisse
1162 2055 1297 2079 cruces
1324 2048 1364 2079 et
1390 2043 1571 2093 persicia.

150 2096 240 2134 Non
268 2109 361 2148 ergo
389 2103 607 2148 potuerunt
633 2098 799 2148 pel-sicia
828 2097 978 2134 donum
1010 2099 1225 2149 gratuitum
1251 2096 1483 2147 Imperatori
1502 2097 1572 2135 de-

145 2152 340 2190 stinatum
367 2150 583 2189 continere.
618 2150 676 2189 At
689 2151 801 2203 quid,
829 2152 862 2189 si
890 2151 1112 2203 praefectis,
1132 2152 1285 2203 quoties
1300 2150 1571 2202 procederent,

150 2205 270 2244 toties
297 2206 497 2258 persicum
525 2205 687 2243 obviam
715 2206 912 2244 ferretur?
974 2205 1094 2254 Quod
1131 2218 1255 2257 paene
1293 2204 1449 2257 colligas
1476 2219 1498 2244 e
1526 2220 1571 2258 p.

153 2260 249 2302 251.
269 2259 312 2298 B.
333 2274 374 2312 7.
431 2259 476 2297 Id
504 2260 536 2296 si
564 2259 704 2309 suerit,
732 2261 943 2312 persicium
969 2273 1098 2312 neque
1125 2266 1274 2298 vestem
1300 2259 1571 2311 honorariam,

151 2328 283 2368 neque
311 2313 473 2352 bursam
500 2314 674 2352 nummis
714 2314 899 2352 refertam
933 2315 1151 2367 significare
1178 2321 1320 2366 potest.
1377 2314 1441 2352 Ad
1468 2314 1572 2354 hanc

154 2368 417 2407 obiectionem
442 2368 550 2421 quod
577 2382 765 2420 reponam
782 2383 863 2407 non
890 2369 1032 2407 habeo.
1088 2369 1135 2406 ld
1162 2375 1293 2406 tamen
1322 2375 1473 2406 certum
1500 2376 1571 2420 est,

152 2423 403 2462 consuevisse
442 2430 590 2461 veteres
607 2453 618 2469 ,
658 2422 763 2461 illius
806 2425 892 2462 aevi
929 2423 1109 2461 homines
1124 2452 1137 2473 ,
1179 2424 1366 2475 pecunias
1422 2430 1491 2461 aut
1528 2425 1572 2462 in

154 2476 331 2516 scutellis
358 2485 399 2515 et
426 2477 582 2530 scyphis
609 2478 736 2515 aureis
750 2506 762 2525 ,
811 2492 913 2530 quae
954 2478 1114 2530 quidem
1153 2477 1336 2515 manibus
1376 2477 1572 2529 gestatiles

155 2538 197 2570 et
220 2546 301 2570 non
322 2533 440 2571 nimis
463 2532 630 2584 grandes
653 2538 801 2581 essent,
824 2539 893 2570 aut
919 2532 1217 2584 ponderosiores
1236 2544 1407 2570 summas
1421 2561 1433 2582 ,
1461 2533 1572 2571 ideo·

157 2599 235 2637 que
260 2586 435 2625 humeris
466 2585 727 2635 baiulandas,
757 2588 796 2623 in
816 2586 946 2624 bursis
976 2587 1126 2624 donare
1170 2594 1208 2624 et
1229 2586 1447 2624 secundum
1474 2587 1572 2625 hur-

155 2652 218 2677 sas
254 2654 487 2689 numerare,
542 2641 876 2694 quemadmodum
915 2641 1045 2678 adhuc
1082 2640 1202 2679 hodie
1237 2642 1359 2679 Turci
1406 2641 1570 2680 faciunt.

160 2692 226 2732 sic
262 2694 456 2749 Henricus
487 2696 562 2734 111.
596 2697 817 2749 Imperator
856 2694 1023 2735 Alberto
1060 2695 1292 2735 Vicecomiti
1337 2695 1463 2749 epulis
1492 2698 1573 2735 suis
