1826 3126
228 192 302 232 An
341 188 640 232 consum.
678 186 877 229 ponpa.
917 187 989 227 DE
1025 185 1206 228 emim.
1243 187 1345 226 Lm.
1387 187 1421 226 1.
1475 166 1548 241 59

108 293 215 332 enim
233 293 424 346 mysticus
444 298 529 330 erat
554 303 743 329 numerus
769 288 968 327 ternarius
981 319 991 335 ,
1033 287 1144 340 quod
1164 293 1307 326 notum
1324 294 1409 339 oet3
1457 288 1541 326 vid.

109 347 333 387 Casaubon.
369 347 421 385 ad
456 345 607 385 Athen.
646 346 680 384 1.
719 357 759 383 a.
791 343 844 382 ad
870 341 971 381 iliud
1002 343 1092 395 τρίς
1121 341 1157 382 δ’
1189 337 1548 393 ἀπομαξαμένοισι

109 400 207 442 θεοὶ
235 397 427 440 διδόασιν
458 394 642 450 ἄμεινον.

216 457 263 494 Β.
277 455 350 494 ult.
366 455 430 509 [8,
444 454 509 509 3.]
539 450 644 503 μετὰ
658 452 740 492 τῶν
753 451 891 504 κηρῶν
902 447 1235 503 προσκυνήσεως.
1258 451 1547 505 Frequentissi-

114 525 180 550 ma
200 511 350 550 Nostro
366 511 410 549 fit
425 511 574 549 mentio
598 521 804 547 cereorum
818 514 910 546 ante
928 516 1061 545 sacras
1080 508 1270 559 imagines
1293 521 1551 547 accensorum

109 573 150 605 et
176 565 460 619 depactorum;
491 564 808 616 fi-equentissima
835 575 1043 601 cereorum
1070 568 1108 600 et
1133 561 1365 614 lampadum
1387 565 1429 601 in
1456 562 1551 603 alta-

110 621 223 672 ribus
241 649 254 668 ‚
298 626 339 658 et
364 618 635 672 polycandelis
660 631 733 670 per
759 624 863 656 totas
890 616 1073 656 ecclesias
1099 616 1340 656 ardentium.
1398 618 1550 657 Imma-

109 677 172 714 nis
197 675 312 726 copia
337 688 543 713 cereorum
580 674 792 726 quotannis
819 673 1067 711 consumitur
1094 673 1135 709 in
1166 671 1324 724 templis
1354 673 1518 712 Graecis
1534 703 1548 724 ‚

107 736 156 768 ut
172 757 185 779 ,
211 730 307 782 quia
336 729 538 781 impensae
564 730 607 766 in
635 741 702 766 eos
730 734 824 766 sunt
853 728 1046 766 maximae
1066 728 1245 765 omnium
1262 755 1274 775 ‚
1303 741 1403 779 quas
1431 727 1551 767 eccle-

31 816 35 820 .
113 785 173 823 sia
200 783 323 832 facit,
367 797 570 836 impensae
609 796 651 820 in
677 781 882 821 ecclesiam
914 795 1052 820 omnes
1089 783 1360 835 cuiuscunque
1395 784 1550 835 generis

115 851 197 878 uno
226 839 389 878 nomine
414 838 498 878 τῶν
530 836 588 884 εἷς
617 835 844 890 φωταψίας
871 834 1218 887 δεδαπανημένων
1254 837 1312 875 ad
1336 837 1551 876 lumime-za

106 893 364 948 deperi-sonan
393 894 571 933 veniant.
628 892 782 931 Forum
808 892 1008 946 peculiare
1034 898 1120 930 erat
1148 889 1248 930 CPli
1274 888 1325 930 τὰ
1347 888 1549 944 κηροιῆια

109 947 264 987 dietum
278 977 291 998 ,
322 950 364 987 in
390 962 472 1002 quo
495 947 773 987 tantummodo
800 949 903 987 cerei
931 946 1136 987 venibant.
1193 945 1255 984 Ex
1283 946 1439 986 Ordine
1464 947 1549 987 Ro-

108 1016 228 1042 mano
254 1017 299 1056 p.
330 1002 427 1043 218.
458 1010 614 1043 constat
641 1003 793 1043 rotulos
819 1003 870 1042 de
901 1003 1021 1042 cer-eis
1051 1002 1214 1040 Graecis
1242 1000 1416 1041 celebres
1443 1016 1547 1042 aevo

107 1057 240 1097 medio
281 1059 323 1097 in
338 1058 502 1111 Europa
529 1058 648 1098 fuisse
664 1065 704 1097 et
718 1072 863 1112 magna
880 1060 995 1111 copia
1013 1059 1054 1095 in
1071 1056 1319 1095 occidentem
1340 1057 1545 1097 advectos.

109 1112 301 1152 Solennes
337 1115 607 1166 processiones
634 1127 716 1152 non
746 1121 931 1166 poterant
957 1113 1110 1165 absque
1136 1113 1261 1150 cereis
1286 1126 1396 1162 esse;
1443 1126 1548 1165 quo-

110 1169 216 1206 circa
249 1169 370 1207 etiam
398 1166 621 1222 φωταψίαι
646 1168 911 1222 appellantur.
969 1166 1139 1206 Novella
1166 1166 1301 1206 Basilii
1322 1167 1549 1221 Porphyro-

109 1223 233 1275 geniti
268 1222 319 1262 de
355 1225 666 1277 praescriptione
692 1225 784 1262 XL.
815 1236 1038 1262 annorumz
1096 1219 1135 1260 εἰ
1168 1220 1214 1260 δὲ
1244 1217 1304 1267 εἴς
1338 1235 1431 1261 τινα
1467 1220 1550 1261 τῶν

112 1274 253 1316 αὐτῶν
279 1276 506 1330 εὕκτηρίων
533 1277 731 1328 σολέμνια
770 1278 968 1333 [solennes
995 1275 1281 1332 pmcesszbnes]
1327 1273 1442 1329 παρὰ
1469 1277 1551 1327 βα·-

109 1329 260 1378 σιλὲως
297 1326 325 1385 ἢ
354 1332 576 1387 φωταψάιι
611 1333 830 1384 γίγνονται.
884 1335 1050 1372 Russica
1086 1331 1250 1371 ecclesia
1278 1345 1432 1371 morem
1457 1338 1549 1370 tan-

110 1393 197 1424 tam
224 1400 339 1426 cerae
366 1389 450 1427 vim
476 1388 669 1441 perdendi
697 1403 721 1427 a
748 1389 901 1428 Graeca
927 1389 1113 1428 assumit
1130 1417 1142 1438 ‚
1169 1394 1215 1425 ut
1245 1387 1399 1426 Graeca
1426 1402 1449 1426 e
1475 1401 1549 1439 pa-

112 1442 293 1493 ganismo
318 1444 498 1482 retinuit.
554 1444 609 1483 V.
638 1443 805 1483 Salmas.
846 1444 898 1482 ad
927 1444 982 1482 H.
1022 1443 1131 1494 Aug.
1160 1442 1213 1480 T.
1243 1441 1297 1480 11.
1326 1456 1419 1495 pag.
1449 1441 1547 1480 203.

112 1501 154 1534 et
178 1495 316 1536 Voles.
345 1498 397 1536 ad
424 1497 563 1537 Amm.
594 1498 775 1537 Marcell.
805 1513 848 1551 p.
878 1499 974 1552 557.
1030 1497 1144 1551 *[De
1178 1499 1430 1548 processione
1455 1509 1551 1535 cum

111 1548 296 1590 laudibus
322 1559 363 1591 et
387 1552 514 1606 gloria
533 1582 547 1604 ,
582 1553 659 1591 hoc
688 1560 746 1592 est
773 1567 866 1591 cum
892 1554 1016 1592 cereis
1042 1559 1083 1590 et
1106 1551 1291 1591 crucibus
1318 1551 1404 1590 vid.
1434 1550 1547 1589 Ana-

110 1611 206 1644 stas.
232 1619 275 1657 p.
306 1605 375 1660 49.
405 1607 514 1646 conf.
542 1621 611 1660 90.
642 1607 765 1660 91.]*

221 1660 270 1699 C.
299 1660 338 1699 5.
371 1660 434 1715 [8,
463 1660 526 1715 5.]
573 1655 945 1713 ἇπευχαριστοῦσι.
1010 1661 1182 1713 Proprie
1218 1662 1368 1713 gmtias
1410 1668 1544 1712 agtmt.

109 1713 190 1753 Sed
227 1716 344 1754 novis
373 1717 534 1755 Graecis
573 1717 615 1754 in
653 1717 885 1755 universum
922 1722 1034 1754 notat
1048 1745 1061 1765 ‚
1097 1716 1213 1754 deum
1249 1724 1390 1763 orant3
1426 1714 1549 1754 habet

115 1782 279 1822 quoque
303 1771 474 1810 verbum
496 1771 574 1810 hoc
598 1770 696 1810 alios
724 1771 964 1824 significatus
977 1799 989 1821 ,
1017 1777 1064 1809 ut
1087 1770 1359 1823 gratulantia,
1391 1769 1457 1808 vel
1485 1784 1550 1808 sa-

110 1825 257 1918 luam,
285 1833 331 1864 ut
356 1828 477 1865 vertit
497 1826 634 1865 Leich.
669 1840 713 1879 p.
734 1826 777 1867 6.
808 1827 864 1865 D.
891 1840 974 1876 1o.‚
1003 1825 1311 1876 ubiestfistwn
1327 1825 1548 1877 gramm-k

110 1879 154 1918 vi
184 1906 194 1916 .
226 1880 279 1919 ad
336 1909 345 1918 .
369 1881 464 1920 356.
493 1882 539 1919 B.
563 1896 602 1920 2.

225 1934 275 1974 C.
302 1895 372 1975 ¹1³3.
404 1935 472 1990 [8,
507 1935 593 1990 13.]
635 1935 712 1975 τοῦ
747 1933 1041 1988 Αὖγουστὲως.
1094 1929 1366 1986 Αὕγουστεῦς
1394 1941 1434 1973 et
1460 1932 1549 1973 Av‘·

33 2015 40 2024 ·
109 1985 320 2040 γουστεών
346 1998 406 2030 est
429 2005 576 2030 nomen
606 1992 745 2044 palatii
761 2021 774 2041 ‚
818 1990 1077 2044 Augustabus
1102 1990 1348 2043 Byzantims,
1363 1990 1545 2042 proprii,

109 2050 150 2083 et
174 2044 338 2098 quidem
364 2048 539 2099 gemini3
569 2050 686 2086 unius
714 2049 819 2085 intra
839 2045 1014 2084 Chalcen
1041 2059 1167 2098 prope
1186 2043 1545 2097 Chrysotriclinum

110 2099 175 2138 siti
191 2129 204 2151 ,
232 2099 342 2152 quod
371 2102 604 2154 Augusteon
632 2102 823 2155 Daphnes
838 2129 850 2150 ‚
889 2101 956 2139 vel
981 2099 1187 2153 augustale
1214 2098 1404 2152 Daphnes
1419 2128 1432 2149 ‚
1471 2113 1544 2152 ap-

111 2153 361 2206 pellabatur;
402 2156 565 2196 alterius
578 2186 591 2206 ‚
621 2157 731 2210 quod
758 2154 991 2208 simpliciter
1016 2154 1235 2208 Augustale
1261 2154 1447 2193 audiebat
1462 2183 1476 2204 ,
1505 2160 1547 2193 et

114 2216 226 2247 extra
253 2208 426 2249 Chalcen
453 2213 560 2250 intra
586 2212 689 2250 hanc
717 2218 756 2251 et
782 2212 826 2250 S.
845 2210 1037 2263 Sophiam
1063 2212 1184 2248 situm
1211 2216 1320 2259 erat3
1347 2209 1433 2248 vid.
1448 2222 1541 2262 pag.

113 2261 183 2313 43.
213 2264 279 2311 B.‚
307 2264 378 2302 ubi
406 2265 626 2319 Augustale
651 2266 841 2319 Daphnes
869 2260 892 2303 ὅ
920 2264 1051 2304 ἐκεῖσε
1079 2258 1339 2315 αὖγουστεών
1366 2263 1513 2302 dicitur
1529 2292 1544 2314 ,

110 2324 158 2356 ut
184 2317 451 2371 distinguatur
475 2321 527 2359 ab
554 2321 810 2375 Augusteone
836 2322 892 2360 sic
918 2321 1081 2373 proprie
1111 2319 1218 2358 dicto
1237 2349 1250 2370 ‚
1288 2326 1328 2357 et
1354 2333 1448 2372 pag.
1471 2317 1539 2372 75.

108 2371 165 2411 D.
193 2373 230 2410 E
250 2372 397 2413 Chalce
425 2382 558 2414 autem
586 2378 628 2414 in
655 2377 954 2430 Augusteonem
970 2405 981 2426 ‚
1014 2381 1055 2413 et
1080 2374 1219 2413 exinde
1245 2375 1288 2412 in
1306 2373 1349 2412 S.
1369 2372 1543 2426 Sophiae

108 2425 364 2481 horologium
399 2443 470 2469 seu
509 2433 655 2470 atrium
689 2433 791 2471 itum
818 2432 939 2470 fuisse
953 2458 965 2479 ,
1005 2436 1171 2482 apparet
1206 2442 1253 2468 ex
1278 2428 1356 2468 hoc
1382 2427 1472 2467 loco
1502 2435 1543 2466 et

109 2494 156 2519 ex
183 2496 226 2534 p.
247 2496 288 2536 9.
347 2484 411 2523 De
446 2485 728 2538 Augusteone,
773 2486 861 2525 soro
900 2484 1130 2537 Augnsteo,
1169 2490 1299 2523 statua
1331 2483 1541 2522 Iustiniani

110 2534 314 2589 Augustea
341 2538 472 2588 dieta,
511 2548 551 2579 et
575 2543 810 2581 circumsitis
837 2539 963 2578 multa
989 2539 1112 2578 habet
1141 2539 1208 2578 Du
1235 2538 1370 2592 Gange
1396 2538 1448 2576 ad
1475 2537 1540 2576 Si-

109 2588 338 2631 lentim-ium
363 2608 407 2646 p.
426 2593 519 2645 540.
563 2603 604 2634 et
638 2597 681 2636 in
709 2597 808 2635 CPli
838 2594 935 2634 Chr.
977 2593 1236 2647 Augustabus
1273 2601 1408 2632 autem
1441 2606 1542 2646 pm-

114 2647 249 2696 prium
276 2646 317 2685 id
346 2648 568 2688 aedificium
593 2650 713 2690 fuisse
730 2681 742 2701 ‚
781 2666 826 2690 ex
854 2663 902 2688 eo
929 2649 1099 2702 colligo,
1138 2648 1247 2702 quod
1274 2647 1367 2687 illae
1394 2661 1542 2686 corona

110 2701 266 2752 imperii
294 2703 336 2740 in
364 2717 412 2742 eo
437 2713 748 2755 coronarentur3
777 2705 859 2744 vid.
880 2717 922 2756 p.
953 2716 1042 2756 ¹¹9·
1074 2704 1119 2742 B.
1147 2717 1237 2742 120.
1268 2703 1335 2754 D;
1366 2710 1407 2742 et
1432 2701 1542 2755 quod
1604 2701 1611 2706 ’

111 2766 204 2793 cum
219 2756 410 2809 Domine,
439 2760 480 2798 iu
498 2759 702 2800 ecclesiam
721 2759 975 2814 procedente,
1002 2757 1101 2798 nulli
1119 2772 1330 2812 procerum
1343 2787 1355 2807 ‚
1383 2764 1543 2811 praeter
