1884 3132
238 190 314 235 An
353 189 652 236 consum.
678 192 874 234 Pomm.
905 194 978 234 DE
1011 191 1195 236 cmm.
1233 183 1335 235 mi.
1373 195 1429 236 11.
1483 173 1592 250 787

154 308 288 334 nerar.
318 302 360 335 et
384 295 526 335 relatio
552 295 740 334 historica
766 294 818 334 de
836 295 1014 350 Choadja
1032 295 1214 347 Morado,
1239 296 1341 350 regis
1359 295 1597 350 Aethiopiae

156 350 360 403 quondam
388 350 439 390 ad
467 351 636 390 Batavos
663 350 818 403 legato,
844 358 934 403 post
963 351 1155 404 opuscula
1183 351 1380 390 Ludovici
1409 352 1463 390 du
1481 352 1596 391 Four

156 406 208 444 de
244 405 454 460 Longerue
486 406 644 458 Lipsiae
683 419 791 443 anno
837 405 935 458 1750
982 406 1103 445 edita.
1178 405 1371 445 Attamen
1417 413 1503 445 erat
1546 420 1595 446 eo

156 467 336 514 tempore
362 474 452 499 mos
492 467 733 499 mercatores
774 474 847 512 pro
885 459 1023 513 legatis
1057 461 1267 509 mittendi,
1308 475 1381 514 pro
1424 463 1596 501 istorum

154 513 365 554 hominum
390 515 632 568 parsimonia
660 521 699 552 et
727 521 974 567 paupertate.
1052 515 1112 553 lta
1143 515 1242 554 Otto
1282 515 1316 554 Ι.
1345 516 1448 569 Imp.
1478 517 1596 555 Luit-

155 568 311 608 stedum
329 599 342 619 ,
368 571 592 609 institorem
620 582 689 607 seu
732 576 994 608 mercatorem
1011 599 1022 616 ‚
1064 566 1389 622 πραγματευτήν
1421 571 1595 624 Mogun-

154 625 300 671 tinum,
330 623 487 676 legabat
506 623 633 662 CPlin
662 624 714 662 ad
732 625 1040 663 Constantinum
1066 625 1520 680 Porphyrogennetum3
1548 640 1590 666 v.

155 679 397 732 Luitprand.
427 679 532 718 Hist.
553 677 633 718 VI.
657 693 697 716 2.

264 735 316 772 D.
344 747 378 772 1.
411 733 522 785 [662,
549 731 636 786 παῖ]
666 729 966 784 ὲρογεύθησαν.
1037 734 1091 772 At
1122 733 1277 787 quoties
1302 734 1343 774 id
1372 735 1595 774 iteratum?

123 786 223 826 ·Ad
259 795 455 842 quantum
498 790 668 840 spatium
707 789 902 840 imputata
943 789 1035 840 ipsis
1079 789 1154 827 fuit
1196 793 1327 842 roga?
1368 789 1595 843 singulisne

154 843 373 895 mensibus,
407 857 459 881 an
486 842 750 882 trimestribus
771 847 790 881 ’.θ
833 843 920 895 Ego
946 843 1167 894 crederem,
1197 844 1239 881 in
1267 844 1443 897 singulos
1467 856 1593 884 annos

154 905 226 936 aut
254 905 361 937 certe
386 911 460 950 pro
486 905 569 936 tota
598 897 846 950 expeditione
874 901 989 949 (pour
1019 912 1098 936 une
1125 913 1341 951 campagne
1372 906 1483 938 toute
1523 913 1594 939 en-

153 953 265 1003 tiene)
295 953 415 991 fuisse
442 959 600 991 tantum
627 960 830 1004 erogatum
874 951 950 990 illis
991 952 1156 992 militiae
1190 953 1358 992 diversis
1396 953 1591 1002 ducibus,

154 1013 351 1059 quantum
378 1007 443 1045 hic
470 1014 709 1045 recensetur.
769 1006 986 1044 ‘Minutnm
1015 1015 1122 1046 certe
1160 1022 1235 1060 pro
1275 1015 1414 1047 nostra
1452 1016 1596 1048 aetate.

155 1061 274 1100 Patet
296 1075 341 1101 ex
361 1075 398 1115 p.
420 1060 514 1100 386.
529 1063 574 1100 B.
600 1061 656 1108 5.,
688 1061 853 1114 singulis
882 1062 1043 1114 quidem
1070 1062 1274 1101 mensibus
1302 1063 1437 1102 datam
1477 1063 1595 1103 fuisse

155 1130 319 1169 rogam,
360 1116 429 1155 sed
458 1117 601 1169 quovis
629 1130 766 1154 mense
793 1117 1074 1155 tantummodo
1102 1125 1287 1170 quartam
1316 1125 1469 1170 partem
1510 1121 1595 1158 eins

90 1183 95 1191 ·
154 1185 360 1222 summae,
388 1185 491 1224 quae
517 1171 583 1209 hic
613 1172 757 1223 scripta
787 1177 858 1215 est,
893 1185 1018 1223 quum
1045 1179 1127 1211 tota
1156 1173 1352 1225 expeditio
1380 1187 1462 1211 non
1488 1172 1596 1212 ultra

154 1233 328 1279 quatuor
355 1239 506 1264 menses
535 1226 681 1264 durare
707 1226 1021 1264 subsumeretur.

262 1281 317 1319 D.
335 1280 375 1319 8.
404 1280 517 1332 [662‚
556 1279 636 1333 18.]
683 1278 983 1329 Χαρπεζικίου.
1050 1281 1205 1320 Thema
1251 1282 1470 1337 Charpezik
1526 1290 1596 1322 aut

157 1345 442 1399 Chatpezikion
484 1343 628 1383 nullibi
670 1345 842 1396 reperio.
900 1345 1081 1398 Cogitavi
1107 1347 1322 1399 aliquando
1349 1348 1399 1386 dc
1425 1338 1596 1411 &Lm-52⁸>

158 1398 360 1438 Dar-hesel<
401 1400 439 1437 in
478 1400 659 1438 confiniis
702 1398 863 1437 Ciliciae
893 1407 932 1437 et
960 1403 1128 1453 Syriae,
1178 1404 1219 1439 in
1246 1402 1427 1440 saucibus
1454 1410 1494 1440 et
1521 1418 1597 1456 py-

158 1453 206 1492 lis
248 1456 356 1501 sito,
397 1452 563 1492 celebris
605 1455 778 1492 nominis
817 1454 959 1492 clisura
1011 1457 1051 1494 iu
1090 1455 1255 1493 historia
1293 1457 1483 1494 Arabica.
1516 1459 1596 1496 Re-

155 1514 271 1547 ctene
317 1509 647 1558 coniectaverim‚
688 1509 862 1546 viderint
902 1508 984 1546 alii.
1046 1510 1125 1548 Sed
1154 1509 1390 1562 scrupulum
1432 1518 1594 1562 movet,

158 1563 267 1615 quod
287 1560 568 1612 Χαρπεζίκιον
583 1570 762 1601 recurrat
774 1577 816 1615 p.
838 1562 932 1601 385.
959 1564 1003 1601 B.
1025 1578 1065 1616 7.
1096 1571 1135 1602 et
1153 1564 1363 1616 aliquoties
1390 1565 1592 1619 deinceps,

157 1631 284 1670 eaque
312 1618 506 1669 scriptura
534 1625 761 1656 constanter
786 1624 981 1656 servetur.

240 1672 334 1713 535.
366 1673 420 1710 A.
445 1686 482 1711 ι.
514 1672 626 1726 [662‚
649 1671 735 1725 22.]
764 1671 1046 1719 καθισθέντες.
1101 1672 1177 1712 Vel
1197 1671 1485 1724 καθεζόμενοι.
1532 1674 1594 1714 Μ.

158 1771 261 1811 nihil
291 1772 440 1810 dabant
468 1780 624 1824 praeter
651 1739 717 1811 ng.

269 1827 324 1865 A.
345 1841 382 1880 7.
413 1827 528 1880 [663‚
553 1826 622 1881 3.}
653 1826 955 1866 Θεοδοσιακῶν.
1018 1825 1222 1880 Reliquiae
1248 1827 1325 1867 hae
1351 1836 1445 1875 sunt
1478 1843 1500 1868 e
1527 1844 1598 1869 ve-

159 1882 236 1919 teri
265 1881 472 1933 disciplina
502 1881 661 1920 militari
691 1883 992 1931 Romanorum,
1029 1882 1070 1919 in
1112 1897 1191 1935 qua
1230 1882 1403 1936 legiones
1448 1886 1597 1936 passim

159 1935 214 1974 ab
241 1936 431 1988 Augustis
457 1935 773 1988 appellabantur.
846 1937 1021 1974 Victores
1058 1939 1208 1988 pariter
1251 1938 1440 1976 videntur
1476 1939 1599 1979 iidem

160 2003 254 2028 cum
282 1992 431 2042 legione
457 1993 614 2030 vic-trice
641 2005 734 2033 esse.
791 1991 828 2029 Ν
833 1994 948 2029 icetas
976 2006 1016 2043 p.
1044 1990 1102 2028 16.
1123 1991 1175 2029 A.
1203 1991 1375 2043 legiones
1403 1994 1599 2045 quasdam

161 2044 238 2082 sub
267 2045 415 2083 Ioanne
437 2045 642 2084 Comueno
670 2053 890 2095 memorat,
935 2059 1057 2083 unam
1087 2045 1170 2083 τῶν
1193 2043 1438 2098 Ἐκλέκτων,
1478 2047 1599 2087 aliam

161 2100 483 2146 Macedonicam,
515 2100 634 2138 aliam
661 2100 910 2153 Scythicam.
944 2100 1064 2138 aliam
1095 2100 1311 2138 Persicam.

271 2154 319 2195 C.
339 2153 381 2193 8.
404 2153 517 2208 [66ss
532 2154 595 2207 4.]
619 2154 799 2206 Κρήτης.
825 2154 1243 2207 Expeditionemhanc
1258 2155 1507 2196 Constantini
1525 2157 1598 2196 ad-

163 2222 300 2254 versus
313 2209 528 2247 Saracenos
540 2210 746 2248 Cretenses
761 2209 933 2248 infelices
944 2223 1145 2247 successus
1162 2209 1261 2247 duce
1279 2210 1460 2263 Gongyla
1478 2225 1598 2251 eunu-

163 2263 240 2302 cho
258 2265 437 2301 sortitam
455 2263 587 2312 fuisse,
608 2264 773 2302 Cedren.
786 2278 826 2316 p.
840 2263 928 2302 500.
946 2271 1095 2310 narrat,
1115 2270 1154 2302 et
1171 2263 1225 2302 ita
1241 2264 1282 2307 in
1299 2265 1481 2304 extremis
1498 2267 1601 2305 Con·

161 2319 325 2356 stantini
336 2317 454 2357 rebus
465 2319 598 2365 refert,
618 2325 663 2356 ut
676 2319 902 2357 immediate
919 2319 980 2358 isti
998 2319 1214 2356 narrationi
1228 2326 1396 2357 mortem
1414 2320 1497 2359 eius
1508 2322 1599 2360 sub-

163 2372 270 2410 iiciat
283 2402 295 2421 ,
325 2379 433 2411 certe
449 2379 536 2424 post
553 2387 615 2411 res
643 2387 687 2411 ex
707 2377 790 2411 eius
818 2372 970 2412 calculo
991 2373 1080 2411 Ind.
1103 2372 1221 2411 XlV.
1236 2373 1291 2412 A.
1308 2374 1368 2412 M.
1385 2373 1530 2426 6464.⁷
1550 2375 1595 2414 id

163 2434 223 2465 est
251 2426 304 2464 A.
329 2427 376 2464 C.
398 2427 625 2480 956.gestas
653 2441 742 2466 eam
769 2427 905 2465 tradit.
966 2428 1111 2466 Noster
1139 2434 1271 2466 autem
1297 2428 1341 2467 in
1370 2428 1462 2468 Ind.
1481 2430 1593 2480 VIL,
1631 2456 1635 2460 ·

165 2481 208 2519 id
238 2489 296 2519 est
324 2480 376 2519 A.
395 2480 490 2534 949.
522 2483 688 2534 reponit.
743 2481 830 2519 Non
858 2481 1027 2520 concilio
1054 2481 1158 2521 banc
1185 2495 1374 2535 pugnam.

274 2536 328 2573 D.
354 2537 394 2574 3.
436 2535 549 2588 [664‚
581 2537 641 2589 7,]
689 2531 922 2588 πάμφυλοι.
991 2535 1191 2574 Videntur
1229 2537 1387 2590 navigia
1424 2551 1508 2577 esse
1550 2537 1593 2578 iu

165 2589 404 2643 Pamphylia
435 2590 672 2640 fabrefacta,
712 2597 780 2628 aut
807 2590 990 2642 qualibus
1019 2592 1060 2628 in
1090 2590 1325 2644 Pamphylia
1362 2591 1591 2632 utebantur.

249 2643 343 2694 384.
376 2645 428 2683 A.
454 2646 489 2684 3.
520 2643 639 2698 [664
676 2643 759 2698 15.]
794 2644 943 2683 παιδία
980 2640 1030 2684 τά
1071 2646 1268 2684 ποιοῦντα
1316 2645 1595 2695 ταξειδεῦσαι.

169 2695 302 2744 Pueri,
333 2701 400 2752 qui
412 2701 577 2750 faciunt
602 2708 729 2738 castra
752 2700 893 2737 metari
927 2706 996 2736 aut
1026 2700 1067 2738 in
1093 2701 1227 2739 castris
1251 2714 1379 2752 agere.
1435 2700 1594 2740 Obscu-

168 2764 211 2789 re
238 2752 389 2791 dietum
422 2754 559 2796 leviter
588 2761 627 2793 et
665 2754 850 2808 ambigue
891 2755 1058 2807 expressi
1095 2755 1137 2795 in
1162 2755 1329 2795 Latinis.
1394 2754 1596 2796 Videntur
