1884 3132
351 114 466 183 444
637 131 710 174 10.
751 131 858 175 IAC.
898 134 1093 176 musra
1133 134 1509 180 commum

347 235 443 284 esse)
457 233 640 273 haberent
662 235 743 283 illi,
770 249 935 290 quorum
948 251 995 275 ea
1009 251 1102 276 cura
1112 246 1182 286 est,
1207 238 1267 290 (ut
1281 238 1526 293 subscriptos
1539 254 1663 281 manu
1675 255 1788 283 sacra

347 289 502 329 libellos
516 289 710 343 supplices
728 297 767 330 et
786 290 890 344 leges
900 291 1134 346 tabulasque
1143 293 1324 346 publicas
1341 294 1531 346 habeant,
1543 303 1589 336 ut
1599 296 1790 338 officiales

346 346 568 398 quaestoris
597 346 688 397 etc.)
716 347 978 399 excogitatam
986 349 1077 399 filit
1102 350 1187 388 lzoc.
1243 346 1353 404 ’ξύλῳ
1389 348 1645 402 εἰργασμένα)
1682 354 1791 406 βρα-

344 403 422 451 χεῖ
444 396 753 451 ἑγκολάψαντες
778 398 949 455 μορφήν
969 416 1062 442 τινα
1090 398 1348 456 γραμμάτων
1367 433 1379 454 ,
1422 403 1525 456 ἅπερ
1557 391 1790 458 α’νάγνῶναι

345 453 396 508 τῇ
425 453 623 495 Λατίνων
653 455 772 511 φωνῇ
801 453 997 505 δύναται,
1040 457 1230 512 γραφίδα
1259 471 1302 498 τε
1329 459 1452 524 βαφῇ
1478 456 1718 512 βάψαντες,
1759 454 1787 518 ᾖ

343 510 534 561 βασιλεῖς
567 505 747 565 γράφειν
785 509 1015 562 εἰώθασιν,
1060 510 1312 566 ἐνεχείριζον
1355 529 1411 554 τω
1439 517 1611 567 βασιλεῖ
1640 515 1788 568 τοῦτο,

345 560 419 604 καί
444 562 491 605 τὸ
523 563 673 617 ξύλον,
703 558 831 621 οὗπερ
863 564 1076 621 ἐμνήσθην
1093 599 1105 618 ,
1144 569 1200 624 τῷ
1227 554 1616 626 βιβλίῳιὲνθέμενοι
1646 571 1704 626 [ἰά
1731 579 1791 612 est

344 618 606 675 ἐπιθέμενοι]
652 617 882 673 λαβόμενοί
926 636 971 661 τε
1011 622 1084 676 τῆς
1128 624 1345 677 βασιλικῆς
1383 624 1526 678 χειρὸς
1545 656 1557 676 ,
1595 626 1790 679 περιῆγον

344 674 424 727 μὲν
452 673 528 725 ’ξύν
553 679 603 732 τῇ
629 675 807 730 γραφίδι
835 675 877 725 ἐς
903 677 986 718 τῶν
1015 676 1221 732 τεττάρων
1249 677 1510 732 γραμμάτων
1535 676 1609 721 τὸν
1634 678 1788 733 τύπον,

343 729 388 777 ἐς
416 728 557 781 πάσας
585 731 632 772 δὲ
662 733 738 772 τοῦ
764 728 890 780 ξύλου
918 729 996 781 τὰς
1021 730 1211 786 ἐντομάς,
1241 731 1353 776 οὕτω
1376 732 1427 789 δὴ
1459 731 1786 789 ἀπηλλάσσοντο,

342 786 519 827 τοιαῦτα
556 788 766 837 βασιλέως
799 787 1028 842 γράμματα
1071 789 1279 843 φέροντες.
1334 791 1428 831 Non
1455 805 1615 845 possum
1645 791 1787 831 melio-

343 857 430 882 rem
457 843 603 883 horum
631 844 887 897 interpretem
914 845 1009 884 dare
1027 875 1038 896 ,
1069 859 1190 898 quam
1220 845 1483 901 Anonymum
1495 847 1754 887 Valesianum
1771 874 1785 898 ,

342 900 412 954 qui
438 899 488 938 de
517 899 796 949 Theodorico,
840 900 1068 940 Gothorum
1109 909 1149 940 et
1186 900 1323 941 ltaliae
1350 916 1468 956 rege,
1509 901 1608 942 haec
1635 902 1756 941 habet
1775 933 1786 950 ‚

115 953 181 991 Ed·
200 951 239 987 l·-
269 952 471 1010 ¹40aeque
506 969 650 1008 parum
688 955 881 995 hactenus
920 955 1120 995 intellecta
1138 987 1150 1007 ,
1195 964 1235 995 et
1280 971 1404 1010 aeque
1441 964 1630 1010 corrupta
1667 965 1790 1011 atque

342 1011 530 1065 Procopii
561 1010 673 1050 locus
701 1011 791 1050 suit.
855 1011 985 1050 Habet
1014 1024 1106 1050 eum
1137 1012 1380 1052 Muratorius
1407 1011 1459 1051 Α.
1479 1011 1514 1053 l.
1541 1013 1591 1053 Τ.
1614 1013 1670 1052 11.
1690 1027 1783 1066 pag.

346 1067 440 1108 505.
463 1096 475 1116 ‚
504 1066 612 1105 unde
642 1067 778 1105 recito.
822 1067 862 1106 T
858 1066 1085 1106 lceodoricus
1121 1067 1354 1107 inlitteratus
1382 1077 1469 1106 erat
1494 1077 1532 1108 et
1560 1070 1616 1107 sic
1648 1068 1786 1108 obruto

342 1138 467 1170 sensu,
494 1130 537 1160 at
555 1123 597 1160 in
623 1122 753 1160 decem
778 1137 901 1162 annos
929 1124 1042 1176 regni
1058 1124 1120 1161 sui
1147 1132 1316 1178 quatuor
1336 1124 1485 1162 litteras
1500 1124 1790 1178 subscription&

343 1179 464 1218 edicti
499 1177 561 1215 sui
589 1177 735 1216 discere
762 1178 980 1217 nullatenus
1043 1180 1214 1218 otuisset.
1271 1178 1338 1218 De
1360 1193 1439 1235 qua
1465 1193 1509 1217 re
1537 1181 1645 1218 iussit
1669 1179 1788 1219 lami*

345 1249 439 1274 nam
476 1246 638 1272 auream
676 1234 937 1273 interrasilem
1036 1235 1077 1273 ri
1106 1233 1176 1285 [id
1212 1241 1271 1273 est
1298 1234 1394 1273 hinc
1419 1233 1528 1273 illinc
1556 1232 1785 1288 pertusam]

371 1299 510 1329 uacant·
531 1288 680 1327 litterae
700 1291 801 1341 regis
812 1289 1013 1328 habentem
1047 1289 1169 1328 THE
1174 1288 1271 1328 OD.
1277 1318 1289 1338 ‚
1312 1299 1364 1338 ut,
1399 1291 1436 1328 si
1459 1290 1693 1328 subscribere
1714 1304 1789 1328 vo-

342 1306 486 1392 quisset,
506 1343 638 1398 posita
662 1343 813 1384 lamina
832 1359 948 1400 super
971 1345 1165 1392 chartam,
1177 1359 1255 1399 per
1275 1359 1363 1384 eam
1377 1359 1512 1399 penna
1534 1345 1738 1384 duceretur
1749 1354 1790 1384 et

343 1399 574 1453 subscriptio
597 1400 677 1438 eius
702 1408 850 1440 tantum
862 1400 1074 1439 videretur.
1105 1400 1168 1438 Ita
1185 1398 1307 1454 vulgo
1324 1400 1469 1442 editur.
1488 1398 1616 1453 Atqui
1633 1397 1787 1439 litteras

343 1455 557 1496 THEOD.
603 1456 635 1493 si
670 1455 902 1510 subscripsit
927 1454 1204 1495 Theodoricus
1220 1484 1231 1505 ,
1261 1456 1371 1509 quod
1398 1455 1487 1495 vult
1514 1454 1690 1508 vulgaris
1716 1454 1787 1494 illa

341 1509 477 1563 lectio,
505 1509 741 1564 subscripsit
757 1513 939 1568 quinque,
972 1525 1055 1550 non
1067 1518 1235 1567 quatuor
1246 1511 1412 1551 litteras.
1442 1511 1674 1564 Legendum
1692 1523 1791 1564 ergo

341 1580 484 1607 censeo
503 1581 514 1605 ι
543 1575 710 1621 quatuor
731 1568 880 1607 litteras
909 1565 1039 1606 LEGI
1066 1568 1267 1606 habentem
1282 1597 1292 1614 ‚
1312 1576 1377 1617 at,
1400 1568 1437 1606 si
1463 1567 1694 1605 subscribere
1709 1573 1786 1606 etc.

341 1622 466 1662 Recte
486 1623 620 1675 itaque
639 1625 860 1676 suspicatus
890 1622 965 1661 suit
995 1622 1046 1666 cl.
1058 1623 1322 1671 Muratorius,
1351 1621 1513 1675 quando
1530 1621 1582 1660 T.
1598 1621 1675 1661 111.
1694 1619 1785 1660 An-

341 1678 545 1733 tiqu.ltal.
566 1692 626 1731 Ρη
643 1691 701 1732 ¹7.
720 1679 775 1717 sic
804 1679 887 1717 ait:
923 1672 1065 1729 „Inter
1091 1685 1432 1731 monogrammata
1443 1676 1718 1730 Augustorum
1745 1683 1785 1715 et

341 1747 483 1786 regum
500 1755 522 1765 -
540 1755 559 1764 -
574 1733 701 1772 multa
730 1735 879 1787 inspexi
900 1748 1039 1773 revera
1054 1733 1222 1783 calamo,
1248 1733 1327 1773 hoc
1348 1739 1407 1772 est
1426 1745 1549 1771 manu
1565 1731 1786 1770 eorundem

340 1790 588 1842 principum,
617 1796 801 1839 exarata3
832 1788 901 1828 sed
942 1788 1136 1828 nonnulla
1166 1794 1425 1828 occurrerunt
1453 1786 1554 1826 mihi
1577 1786 1782 1825 interdum

341 1844 541 1884 delineata
569 1844 867 1884 characteribus
895 1851 1007 1884 tanta
1026 1844 1221 1897 elegantia
1249 1859 1294 1883 ac
1323 1843 1519 1882 linearum
1539 1842 1663 1881 ductu
1679 1842 1783 1881 adeo

341 1899 513 1939 delicato
542 1914 588 1939 ac
614 1900 802 1940 uniformi
833 1900 1032 1953 impressis
1048 1930 1060 1950 ,
1101 1906 1146 1938 ut
1173 1900 1276 1938 sacta
1303 1898 1402 1937 mihi
1430 1898 1602 1951 suspicio
1630 1897 1750 1936 fuerit
1766 1917 1790 1949 ,-

340 1968 425 1994 non
454 1955 635 2006 calamo,
676 1955 745 1995 sed
774 1955 906 1994 stabili
933 1955 1067 2008 aliqua
1103 1954 1251 1993 tabella
1290 1954 1411 1993 fuisse
1437 1959 1783 2007 monogrammata

341 2009 412 2050 illa
448 2010 670 2050 efformata.
725 2011 865 2050 Saltim
906 2010 1024 2050 velim
1069 2010 1291 2048 accuratius
1318 2010 1359 2047 in
1388 2008 1491 2048 hanc
1521 2023 1607 2047 rem
1635 2008 1780 2048 eruditi

341 2065 571 2119 inquirant''
604 2074 680 2105 etc.
733 2066 769 2105 E
809 2065 898 2105 loeo
928 2064 1090 2105 loannis
1125 2064 1293 2103 Diaconi
1324 2078 1476 2117 porro,
1512 2078 1632 2117 quem
1659 2076 1781 2116 supra

341 2121 393 2159 ad
422 2135 463 2174 p.
499 2136 537 2175 7.
557 2122 707 2171 citavi,
736 2121 971 2172 concludas,
1001 2121 1252 2159 Constantini
1282 2119 1528 2173 Copronymi
1552 2119 1684 2158 adhuc
1711 2131 1780 2156 ae-

340 2182 424 2215 tate
439 2205 450 2226 ,
472 2176 515 2215 id
546 2184 605 2216 est
633 2176 790 2216 saeculo
810 2177 908 2215 VII.
927 2183 1108 2225 exeunte,
1134 2190 1251 2215 usum
1280 2175 1447 2214 Latinae
1473 2173 1633 2228 linguae
1659 2173 1782 2212 fuisse

340 2238 499 2270 tantum
528 2232 635 2285 apud
663 2232 872 2282 CPtanos,
905 2239 951 2270 ut
978 2231 1148 2284 populus
1177 2231 1217 2270 in
1247 2230 1410 2270 ecclesia
1427 2234 1685 2283 congregatus
1712 2241 1778 2266 sa-

341 2287 521 2326 cerdotes
549 2288 712 2327 Latinos
731 2289 891 2326 missam
916 2288 1059 2326 Latine
1076 2286 1319 2325 celebrantes
1336 2285 1573 2338 intelligeret
1589 2311 1601 2334 ‚
1630 2289 1670 2321 et
1688 2280 1775 2321 lau-

341 2340 458 2381 dibus
487 2356 626 2381 eorum
653 2343 795 2382 Latine
822 2343 1093 2396 responderet.
1138 2341 1217 2380 Sed
1245 2342 1323 2380 dixi
1353 2341 1409 2380 ibi
1441 2353 1505 2380 me
1532 2339 1584 2377 de
1608 2338 1780 2376 veritate

340 2398 582 2437 narrationis
606 2397 805 2437 dubitare.
862 2399 912 2437 ln
940 2398 980 2437 id
1008 2399 1115 2436 enim
1144 2396 1251 2436 docti
1276 2395 1542 2443 consentiunt,
1571 2406 1663 2431 cum
1692 2391 1778 2431 He-

341 2452 465 2491 raclio
491 2467 610 2491 usum
652 2461 691 2492 et
717 2453 1018 2506 intelligentiam
1029 2454 1161 2491 Latini
1192 2453 1384 2492 sermonis
1402 2453 1444 2489 in
1468 2449 1620 2488 oriente
1647 2449 1777 2500 exspi-

340 2520 475 2557 rasse,
511 2511 697 2560 quamvis
724 2510 766 2547 in
794 2508 953 2547 novello
984 2510 1139 2547 Graeco
1169 2521 1353 2547 sermone
1380 2503 1506 2544 multa
1533 2503 1676 2541 Latina
1701 2515 1776 2541 vo-

341 2561 485 2601 cabula
513 2570 552 2602 et
580 2564 728 2603 multae
755 2577 914 2617 quoque
941 2563 1136 2602 formulae
1163 2563 1329 2601 Latinae
1355 2558 1642 2608 remanserint,
1672 2571 1775 2610 qua—

341 2629 432 2654 rum
460 2631 646 2670 magnam
674 2619 829 2671 copiam
857 2618 919 2657 vel
948 2618 1078 2658 solum
1095 2615 1356 2657 ceremoniale
1382 2621 1563 2653 nostrum
1590 2611 1774 2666 praebet.

341 2669 483 2722 Neque
510 2676 636 2725 magis
650 2704 660 2723 ,
692 2689 812 2726 quam
841 2674 1000 2712 Ioannis
1031 2673 1201 2712 Diaconi
1217 2671 1327 2710 locus
1347 2669 1398 2708 ad
1415 2668 1659 2731 contrarium
1677 2680 1776 2721 pro-

341 2723 522 2766 bandum
548 2727 656 2768 valet
684 2728 808 2782 illud,
836 2729 945 2783 quod
972 2727 1237 2782 Theophanes
1262 2738 1351 2780 pag.
1385 2723 1481 2764 21‘8.
1523 2723 1573 2763 de
1612 2735 1772 2775 τορνκ,
