1884 3132
158 156 233 198 AD
271 151 566 196 consum.
592 150 787 192 ponpa.
830 149 901 189 m:
938 148 1118 191 cmm.
1157 150 1258 191 Lm,
1299 153 1351 192 11.
1397 133 1507 207 769

82 272 292 307 mnarum,
328 263 397 296 aut
422 255 475 295 ad
501 268 636 294 muros
661 254 859 307 appositae
886 260 999 303 sunt,
1039 250 1150 293 velut
1178 266 1361 307 scamna,
1389 264 1435 296 ut
1465 259 1507 296 in

82 315 175 367 ipsis
202 312 329 351 sederi
354 317 490 364 queat.

190 368 246 405 D.
268 380 309 420 7.
341 364 458 419 [645,
478 362 543 418 9.]
571 362 691 402 εἰσιν.
752 361 810 401 At
844 362 912 414 qui
952 369 1168 414 potuerunt
1204 377 1249 402 ex
1296 378 1377 403 una
1413 380 1506 407 arca

83 434 308 461 marmoren
331 420 486 458 concisa
515 425 575 456 tot
604 424 644 456 et
670 423 780 455 tanta
808 429 927 468 opera
954 416 1083 455 effici?
1217 430 1220 432 ·

191 477 247 514 D.
267 488 308 528 9.
341 473 452 528 [645,
479 471 558 525 10.]
587 467 758 523 Εἰρήνη.
828 470 900 509 Est
943 471 1147 519 chazara,
1190 470 1240 511 de
1278 487 1358 526 qua
1402 474 1505 514 filius

83 531 171 570 eius
197 530 280 569 Leo
308 528 504 567 &lazarus
529 527 688 565 dicitur.

191 585 246 624 D.
268 581 344 622 ult.
374 580 491 636 [645‚
517 579 592 632 ι2.]
620 575 646 631 ἦ
673 575 791 632 γυνὴ.
850 579 954 618 Ante
982 579 1086 619 hanc
1115 595 1253 619 vocem
1282 581 1394 623 deest
1429 600 1504 625 no..

21 680 26 684 ,
83 653 177 678 men
203 637 392 691 aliquod,
419 638 520 675 sorte
545 634 723 674 Eudocia
750 642 820 673 aut
846 635 981 672 Μανία
1000 665 1010 682 ,
1042 650 1211 688 quarum
1239 635 1337 677 haec
1365 653 1506 679 secun-

81 693 162 745 da,
191 692 261 732 illa
288 692 404 732 tertia
429 705 529 730 uxor
556 688 750 728 caballini
780 689 877 740 suit3
908 689 989 729 vid.
1019 691 1085 729 Du
1106 691 1238 745 Gange
1263 693 1381 733 Fam.
1407 697 1503 750 Byz.

113 775 126 786 .
150 749 242 788 125.

82 762 111 802 P
167 802 262 856 375.
291 802 346 841 A.
370 814 406 841 ι.
434 798 550 856 [645,
574 797 655 853 1a.]
695 796 943 851 orarapm'a.
1012 798 1097 838 Non
1138 801 1300 842 invenio
1337 819 1506 859 usquam

85 855 191 895 hanc
219 870 372 895 vocem.
426 858 631 906 Quantum
658 861 790 892 tamen
818 853 1053 893 concludere
1081 857 1190 906 potui
1210 871 1254 895 ex
1275 858 1369 898 locis
1387 861 1506 903 huius

85 913 251 964 capitis,
298 909 443 964 quibus
470 910 642 948 occurrit
658 936 671 957 ‚
708 907 827 947 debet
865 917 1002 947 notare
1038 908 1297 951 conditorium
1330 916 1506 968 plurium

84 979 290 1020 eor-porum
316 979 478 1019 capax;
506 965 589 1002 sive
616 977 662 1002 ea
690 977 779 1001 arca
809 963 931 1002 fuerit
958 965 997 1002 in
1025 963 1126 1002 duos
1141 995 1153 1014 ,
1182 973 1285 1016 tres,
1315 978 1509 1021 quatuor..

85 1033 136 1059 ve
162 1019 312 1059 loculos
338 1019 579 1072 interpositis
606 1017 802 1056 asseribus
829 1025 900 1056 aut
914 1016 1060 1056 tabulis
1087 1023 1317 1062 marmoreis
1335 1024 1509 1079 dissepta

82 1073 185 1124 (vid.
215 1074 283 1113 Du
299 1074 430 1127 Gange
457 1073 587 1112 Gloss.
622 1073 712 1110 Lat.
744 1086 784 1111 ν.
813 1072 1043 1121 Βιὶςοηιιιηι),
1086 1075 1170 1113 sive
1198 1075 1316 1115 fuerit
1354 1093 1509 1120 coassa-

85 1135 266 1168 mentum
292 1129 390 1168 foris
415 1127 480 1167 vel
519 1125 706 1166 tabulatis
744 1125 924 1180 pluribus
963 1126 1038 1166 sibi
1074 1127 1115 1166 in
1153 1129 1276 1168 altum
1308 1134 1509 1185 parallelis

86 1190 293 1233 constans,
321 1185 377 1222 ita
405 1189 453 1220 ut
483 1196 576 1222 arca
602 1195 681 1220 una
708 1182 749 1220 in
779 1181 967 1233 peculiari
994 1195 1067 1220 suo
1091 1182 1269 1223 tabulato
1295 1201 1415 1241 super
1448 1191 1510 1231 al..

86 1244 174 1276 tera
196 1245 343 1286 staret,
371 1235 506 1289 qualia
526 1243 619 1276 sunt
646 1236 877 1288 repositoria
905 1236 1114 1283 librorum,
1146 1252 1187 1277 m
1214 1241 1359 1292 quibus
1388 1247 1508 1286 series

84 1293 288 1331 minomm
305 1291 499 1330 librorum
518 1305 636 1343 super
654 1290 870 1330 maioribus
887 1298 1005 1339 stant,
1027 1301 1224 1331 cnescente
1241 1309 1332 1334 cum
1353 1302 1510 1352 magni-

87 1346 226 1385 tudine
260 1346 455 1384 librorum
490 1345 698 1383 altitudine
736 1344 1028 1394 tabulatorum,
1067 1348 1268 1398 quomodo
1308 1350 1349 1389 in
1389 1353 1509 1393 Cata-

84 1399 242 1451 cumbis
267 1399 457 1438 Romanis
493 1406 533 1437 et
557 1398 827 1451 Neapolitanis
865 1400 990 1439 iacere
1028 1401 1304 1443 defunctorum
1341 1419 1510 1460 corpora

87 1461 256 1494 testatur
279 1453 449 1507 Keysler
483 1454 525 1492 in
551 1453 775 1492 Itinerario.
829 1453 888 1492 Ut
924 1456 1117 1506 posterius
1156 1458 1315 1496 credam
1358 1460 1505 1514 fuisse,

88 1509 185 1548 facit
210 1507 335 1555 locus,
365 1521 484 1561 quem
508 1508 576 1546 Du
596 1507 732 1560 Cange
759 1507 888 1546 Gloss.
918 1510 990 1547 Gr.
1020 1523 1061 1547 v.
1093 1507 1322 1563 Στατάριος
1345 1527 1371 1552 e
1390 1516 1508 1557 Glos-

87 1565 142 1602 sis
169 1562 500 1602 Graecobarbaris
528 1563 622 1600 citat
639 1592 650 1610 ‚
681 1563 750 1600 ubi
778 1561 1037 1614 κληματερὴν
1047 1591 1065 1610 ,
1108 1557 1235 1614 ἤγουν
1275 1570 1507 1612 σταταοίαν

88 1617 247 1671 legitur.
318 1617 411 1656 Non
437 1623 565 1670 potest
590 1612 821 1669 κληματερῆ
849 1616 906 1656 ibi
935 1617 1042 1655 aliud
1070 1625 1232 1667 notare,
1276 1606 1508 1678 quam⁸pe-

87 1671 318 1711 damentum
331 1701 344 1719 .,
394 1678 707 1711 coassamentum
754 1671 845 1723 (das
891 1672 1139 1711 Lattenwerk
1172 1674 1267 1711 oder
1304 1677 1477 1730 Gerz'iste)

90 1741 209 1780 super
235 1726 343 1780 quod
370 1726 410 1764 in
440 1725 564 1764 altum
592 1727 798 1764 enituntur
824 1727 948 1773 vites,
979 1727 1086 1777 quod
1116 1728 1407 1781 amplectuntur
1435 1711 1509 1774 fla-’-

89 1781 199 1833 gellis
227 1781 335 1830 suis3
372 1781 484 1819 cuius
510 1781 681 1832 perticae
708 1794 788 1818 una
813 1794 931 1833 super
958 1780 1121 1819 alteram
1149 1781 1264 1821 altius
1294 1792 1412 1840 atque
1446 1790 1507 1828 al-

87 1837 168 1874 tius
195 1835 246 1874 ad
270 1841 380 1873 certa
406 1834 615 1873 intervalla
652 1834 863 1887 dispositae
896 1842 1015 1887 atque
1053 1835 1188 1874 affixae
1225 1847 1359 1877 sunt„
1395 1844 1509 1882 Ridi-

84 1903 155 1928 αις
197 1890 311 1927 aiunt
346 1889 498 1927 Latinis
534 1888 631 1927 tales
666 1903 873 1941 compages
913 1889 1125 1942 appellari,
1171 1892 1265 1930 item
1305 1897 1509 1947 escharas,-

88 1943 197 1982 unde
222 1942 459 1981 Francicum
484 1944 639 1982 echalas
663 1943 843 1983 derivant
860 1973 873 1993 ‚
910 1943 1019 1996 quod
1052 1944 1157 1982 idem
1194 1954 1333 1998 notat3
1362 1964 1403 1988 v.
1440 1953 1509 1992 Du

89 1997 226 2049 Gange
263 2012 304 2037 v.
344 1996 536 2035 Escham.
609 1997 711 2036 Sane
754 1997 869 2036 facile
912 2005 1127 2050 potuerunt
1164 1999 1262 2039 tales
1301 2017 1510 2060 compages

51 2090 62 2103 ,
87 2053 269 2090 emieat-ae
297 2050 424 2090 dictae
447 2051 579 2100 fflisse,
605 2053 700 2104 quia
726 2059 771 2090 nt
795 2054 836 2090 in
866 2052 1036 2090 eschai-is
1062 2066 1130 2091 seu
1159 2055 1330 2095 cratibus
1357 2058 1509 2112 ferreis,

89 2105 234 2159 quibus
253 2106 362 2144 focus
381 2105 590 2144 instruitur
607 2107 651 2144 in
674 2105 808 2159 Belgio
836 2113 875 2146 et
894 2105 1013 2154 alibi,
1038 2107 1208 2158 perticae
1245 2114 1509 2163 perpendicu-

88 2159 225 2199 lariter
253 2167 292 2198 et
317 2158 505 2212 parallele
531 2159 582 2198 ad
608 2168 716 2199 certa
742 2168 783 2199 et
811 2160 989 2214 aequalia
1017 2160 1223 2200 intervalla
1249 2166 1357 2205 iuxta
1376 2181 1417 2206 se
1436 2169 1509 2208 de.

85 2220 271 2253 currunt.
341 2213 449 2267 *we
491 2212 654 2253 bisomis
697 2229 765 2253 seu
809 2215 973 2262 loculis,
1019 2214 1165 2267 quibus
1206 2217 1301 2257 bina
1339 2235 1508 2275 corpora

86 2282 212 2322 prope
250 2281 294 2306 se
326 2267 454 2306 locata
490 2268 793 2309 continebantur
808 2299 822 2322 ,
866 2270 951 2310 vid.
978 2269 1186 2308 Mabillon.
1255 2273 1335 2312 Iter
1375 2277 1501 2318 Italic.

87 2337 131 2377 p.
157 2321 294 2376 141.]*

196 2377 250 2416 A.
268 2390 308 2415 2.
336 2374 454 2430 [6άό,
492 2373 578 2430 15.]
625 2374 785 2426 Κοσμώ
831 2377 905 2417 καί
947 2375 1117 2430 Εἰρήνη.
1195 2379 1350 2420 Harum
1395 2385 1508 2427 nulla

88 2432 239 2471 mentio
265 2432 372 2483 apud
398 2429 465 2469 Du
486 2431 569 2468 Can
600 2434 679 2470 'um
706 2432 822 2470 Fam.
843 2433 1007 2485 Byzant.
1036 2446 1080 2484 p.
1109 2432 1197 2472 125.

194 2485 246 2524 A.
274 2499 333 2523 10.
365 2483 481 2539 [645,
506 2498 569 2522 2ο.
638 2483 837 2538 Μιχαὴλ.
905 2485 998 2526 Vid.
1039 2486 1210 2526 Cedren.
1254 2503 1296 2542 p.
1329 2490 1423 2532 513.
1455 2494 1505 2534 Β.

86 2539 247 2579 Contin.
274 2538 457 2591 Theoph.
485 2553 526 2590 p.
548 2538 614 2578 52.
644 2539 737 2578 fine.

195 2595 243 2632 B.
261 2607 304 2632 2.
337 2593 452 2647 [64:3,
476 2591 566 2646 22.]
589 2593 909 2640 Κωνσταντῖνος.
969 2593 1221 2634 Constantini
1239 2596 1371 2645 huius,
1397 2600 1507 2641 The-

87 2646 225 2700 ophilo
250 2649 358 2699 nati,
404 2645 538 2686 nullus
565 2649 800 2700 scriptorum
838 2648 1031 2686 meminit.
1097 2649 1216 2689 Eruit
1241 2658 1373 2696 tamen
1413 2669 1507 2696 eum

89 2701 158 2739 Du
178 2701 307 2753 Gange
332 2701 364 2740 l.
392 2701 422 2740 l.
450 2716 491 2754 p.
517 2701 608 2740 133.
637 2715 659 2740 e
686 2701 922 2742 numismate
948 2703 1143 2756 quodam,
1181 2705 1225 2744 in
1261 2720 1342 2760 quo
1370 2715 1503 2750 tamen

130 2774 391 2810 &mancinus
411 2775 584 2823 Porphjr.
622 2776 697 2811 Vol.
718 2777 765 2813 11.
1201 2779 1247 2826 49
