<?xml version="1.0" encoding="UTF-8"?>
<!DOCTYPE html PUBLIC "-//W3C//DTD XHTML 1.0 Transitional//EN"
    "http://www.w3.org/TR/xhtml1/DTD/xhtml1-transitional.dtd">
<html xmlns="http://www.w3.org/1999/xhtml" xml:lang="en" lang="en">
 <head>
  <title>
</title>
<meta http-equiv="Content-Type" content="text/html;charset=utf-8" />
  <meta name='ocr-system' content='tesseract 3.04.00' />
  <meta name='ocr-capabilities' content='ocr_page ocr_carea ocr_par ocr_line ocrx_word'/>
</head>
<body>
  <div class='ocr_page' id='page_1' title='image "./corpusscriptorum08niebuoft/corpusscriptorum08niebuoft_0324.png"; bbox 0 0 1884 3132; ppageno 0'>
   <div class='ocr_carea' id='block_1_1' title="bbox 264 168 1441 234">
    <p class='ocr_par' dir='ltr' id='par_1_1' title="bbox 264 168 1441 234">
     <span class='ocr_line' id='line_1_1' title="bbox 264 168 1441 234; baseline 0.008 -12"><span class='ocrx_word' id='word_1_1' title='bbox 264 168 377 223; x_wconf 84' lang='lat'><strong>316</strong></span> <span class='ocrx_word' id='word_1_2' title='bbox 573 185 645 227; x_wconf 78' lang='grc' dir='ltr'><strong><em>ιο.</em></strong></span> <span class='ocrx_word' id='word_1_3' title='bbox 685 186 790 228; x_wconf 86' lang='lat' dir='ltr'>IAC.</span> <span class='ocrx_word' id='word_1_4' title='bbox 834 188 1028 230; x_wconf 70' lang='lat' dir='ltr'><strong>amini</strong></span> <span class='ocrx_word' id='word_1_5' title='bbox 1066 190 1441 234; x_wconf 80' lang='lat' dir='ltr'>COMMENTARII</span> 
     </span>
    </p>
   </div>
   <div class='ocr_carea' id='block_1_2' title="bbox 260 286 1731 2752">
    <p class='ocr_par' dir='ltr' id='par_1_2' title="bbox 264 286 1702 456">
     <span class='ocr_line' id='line_1_2' title="bbox 371 286 1702 344; baseline 0.005 -19"><span class='ocrx_word' id='word_1_6' title='bbox 371 288 417 326; x_wconf 90' lang='grc' dir='ltr'><strong>Β.</strong></span> <span class='ocrx_word' id='word_1_7' title='bbox 438 301 479 337; x_wconf 73' lang='grc'><strong>9.</strong></span> <span class='ocrx_word' id='word_1_8' title='bbox 517 288 630 339; x_wconf 81' lang='lat'>[311‚</span> <span class='ocrx_word' id='word_1_9' title='bbox 656 288 721 343; x_wconf 81' lang='lat'><strong>5.]</strong></span> <span class='ocrx_word' id='word_1_10' title='bbox 750 286 977 343; x_wconf 63' lang='grc' dir='ltr'><strong><em>θἐωρητὴς.</em></strong></span> <span class='ocrx_word' id='word_1_11' title='bbox 1033 292 1114 342; x_wconf 89' lang='lat' dir='ltr'><strong>Qui</strong></span> <span class='ocrx_word' id='word_1_12' title='bbox 1139 299 1307 332; x_wconf 83' lang='lat' dir='ltr'><strong>tesseras</strong></span> <span class='ocrx_word' id='word_1_13' title='bbox 1336 292 1702 344; x_wconf 81' lang='lat' dir='ltr'><strong>combinationum‚</strong></span> 
     </span>
     <span class='ocr_line' id='line_1_3' title="bbox 264 342 1701 402; baseline 0.006 -22"><span class='ocrx_word' id='word_1_14' title='bbox 264 357 388 396; x_wconf 83' lang='lat' dir='ltr'><strong>equos</strong></span> <span class='ocrx_word' id='word_1_15' title='bbox 417 342 597 393; x_wconf 89' lang='lat' dir='ltr'><strong>curules,</strong></span> <span class='ocrx_word' id='word_1_16' title='bbox 639 358 804 391; x_wconf 87' lang='lat' dir='ltr'><strong>currus,</strong></span> <span class='ocrx_word' id='word_1_17' title='bbox 848 347 1027 398; x_wconf 79' lang='lat' dir='ltr'><strong>aurigas,</strong></span> <span class='ocrx_word' id='word_1_18' title='bbox 1069 347 1146 386; x_wconf 88' lang='lat' dir='ltr'><strong>alia</strong></span> <span class='ocrx_word' id='word_1_19' title='bbox 1173 349 1434 402; x_wconf 81' lang='lat' dir='ltr'><strong>inspiciebat,</strong></span> <span class='ocrx_word' id='word_1_20' title='bbox 1475 363 1572 388; x_wconf 91' lang='lat' dir='ltr'><strong>num</strong></span> <span class='ocrx_word' id='word_1_21' title='bbox 1609 355 1701 402; x_wconf 83' lang='lat' dir='ltr'><strong>apta</strong></span> 
     </span>
     <span class='ocr_line' id='line_1_4' title="bbox 265 399 1609 456; baseline 0.003 -19"><span class='ocrx_word' id='word_1_22' title='bbox 265 399 399 437; x_wconf 87' lang='lat' dir='ltr'><strong>cursui</strong></span> <span class='ocrx_word' id='word_1_23' title='bbox 437 406 583 446; x_wconf 81' lang='lat' dir='ltr'><strong>essent,</strong></span> <span class='ocrx_word' id='word_1_24' title='bbox 614 406 654 438; x_wconf 91' lang='lat' dir='ltr'><strong>et</strong></span> <span class='ocrx_word' id='word_1_25' title='bbox 684 400 881 452; x_wconf 88' lang='lat' dir='ltr'><strong>numquid</strong></span> <span class='ocrx_word' id='word_1_26' title='bbox 910 401 1060 440; x_wconf 80' lang='lat' dir='ltr'><strong>fraudis</strong></span> <span class='ocrx_word' id='word_1_27' title='bbox 1089 403 1280 455; x_wconf 81' lang='lat' dir='ltr'><strong>subesset,</strong></span> <span class='ocrx_word' id='word_1_28' title='bbox 1309 405 1392 443; x_wconf 90' lang='lat' dir='ltr'><strong>vid.</strong></span> <span class='ocrx_word' id='word_1_29' title='bbox 1428 405 1482 442; x_wconf 87' lang='lat' dir='ltr'><strong>D.</strong></span> <span class='ocrx_word' id='word_1_30' title='bbox 1502 417 1543 456; x_wconf 88' lang='lat'><strong>7.</strong></span> <span class='ocrx_word' id='word_1_31' title='bbox 1568 401 1609 442; x_wconf 91' lang='grc'><strong>8.</strong></span> 
     </span>
    </p>

    <p class='ocr_par' dir='ltr' id='par_1_3' title="bbox 261 451 1707 619">
     <span class='ocr_line' id='line_1_5' title="bbox 377 451 1706 508; baseline 0.003 -17"><span class='ocrx_word' id='word_1_32' title='bbox 377 453 424 491; x_wconf 89' lang='grc' dir='ltr'><strong>Β.</strong></span> <span class='ocrx_word' id='word_1_33' title='bbox 445 468 487 507; x_wconf 83' lang='lat'><strong>9.</strong></span> <span class='ocrx_word' id='word_1_34' title='bbox 519 453 634 507; x_wconf 79' lang='lat'>[311‚</span> <span class='ocrx_word' id='word_1_35' title='bbox 656 453 716 508; x_wconf 89' lang='lat'><strong>4.]</strong></span> <span class='ocrx_word' id='word_1_36' title='bbox 745 455 849 493; x_wconf 76' lang='grc' dir='ltr'><em>θεοῦ</em></span> <span class='ocrx_word' id='word_1_37' title='bbox 877 451 951 506; x_wconf 61' lang='grc' dir='ltr'><strong>τήν</strong></span> <span class='ocrx_word' id='word_1_38' title='bbox 978 454 1107 508; x_wconf 65' lang='grc' dir='ltr'><strong><em>νίκην.</em></strong></span> <span class='ocrx_word' id='word_1_39' title='bbox 1165 458 1211 497; x_wconf 88' lang='lat' dir='ltr'><strong>ld</strong></span> <span class='ocrx_word' id='word_1_40' title='bbox 1239 466 1298 498; x_wconf 86' lang='lat' dir='ltr'><strong>est</strong></span> <span class='ocrx_word' id='word_1_41' title='bbox 1339 458 1384 498; x_wconf 84' lang='grc' dir='ltr'><strong>ἐκ</strong></span> <span class='ocrx_word' id='word_1_42' title='bbox 1423 458 1557 508; x_wconf 76' lang='grc' dir='ltr'><em>θεοῦ,</em></span> <span class='ocrx_word' id='word_1_43' title='bbox 1597 457 1706 496; x_wconf 81' lang='lat' dir='ltr'><em>divi-</em></span> 
     </span>
     <span class='ocr_line' id='line_1_6' title="bbox 262 508 1707 566; baseline 0.003 -20"><span class='ocrx_word' id='word_1_44' title='bbox 262 523 370 555; x_wconf 83' lang='lat' dir='ltr'><strong>nam,</strong></span> <span class='ocrx_word' id='word_1_45' title='bbox 402 508 477 546; x_wconf 87' lang='lat' dir='ltr'><strong>hoe</strong></span> <span class='ocrx_word' id='word_1_46' title='bbox 508 516 568 548; x_wconf 86' lang='lat' dir='ltr'><strong>est</strong></span> <span class='ocrx_word' id='word_1_47' title='bbox 593 524 616 547; x_wconf 88' lang='lat' dir='ltr'><strong>a</strong></span> <span class='ocrx_word' id='word_1_48' title='bbox 645 509 719 548; x_wconf 89' lang='lat' dir='ltr'><strong>deo</strong></span> <span class='ocrx_word' id='word_1_49' title='bbox 747 510 957 562; x_wconf 83' lang='lat' dir='ltr'><strong>petendam</strong></span> <span class='ocrx_word' id='word_1_50' title='bbox 975 518 1014 550; x_wconf 89' lang='lat' dir='ltr'><strong>et</strong></span> <span class='ocrx_word' id='word_1_51' title='bbox 1036 512 1337 566; x_wconf 84' lang='lat' dir='ltr'><strong>indulgendam,</strong></span> <span class='ocrx_word' id='word_1_52' title='bbox 1362 515 1567 553; x_wconf 75' lang='lat' dir='ltr'><strong>victoriam</strong></span> <span class='ocrx_word' id='word_1_53' title='bbox 1592 512 1707 550; x_wconf 74' lang='lat' dir='ltr'><strong>habet</strong></span> 
     </span>
     <span class='ocr_line' id='line_1_7' title="bbox 261 563 1702 619; baseline 0.002 -18"><span class='ocrx_word' id='word_1_54' title='bbox 261 578 431 617; x_wconf 61' lang='lat' dir='ltr'><strong>persona</strong></span> <span class='ocrx_word' id='word_1_55' title='bbox 461 573 548 612; x_wconf 80' lang='lat' dir='ltr'><strong>tua,</strong></span> <span class='ocrx_word' id='word_1_56' title='bbox 590 563 736 612; x_wconf 82' lang='lat' dir='ltr'><strong>Urani,</strong></span> <span class='ocrx_word' id='word_1_57' title='bbox 775 564 955 619; x_wconf 75' lang='lat' dir='ltr'><strong>Olympi.</strong></span> <span class='ocrx_word' id='word_1_58' title='bbox 1697 607 1702 611; x_wconf 64' lang='grc'><strong>,</strong></span> 
     </span>
    </p>

    <p class='ocr_par' dir='ltr' id='par_1_4' title="bbox 260 616 1731 2752">
     <span class='ocr_line' id='line_1_8' title="bbox 373 616 1705 675; baseline 0.002 -19"><span class='ocrx_word' id='word_1_59' title='bbox 373 619 419 656; x_wconf 88' lang='grc' dir='ltr'><strong>Β.</strong></span> <span class='ocrx_word' id='word_1_60' title='bbox 449 632 508 657; x_wconf 89' lang='lat'><strong>10.</strong></span> <span class='ocrx_word' id='word_1_61' title='bbox 540 618 736 673; x_wconf 77' lang='lat'><strong>[311,4.]</strong></span> <span class='ocrx_word' id='word_1_62' title='bbox 765 616 811 658; x_wconf 79' lang='grc' dir='ltr'><strong>τὸ</strong></span> <span class='ocrx_word' id='word_1_63' title='bbox 845 618 1067 669; x_wconf 69' lang='grc' dir='ltr'><strong>πρόσωπόν</strong></span> <span class='ocrx_word' id='word_1_64' title='bbox 1094 635 1171 660; x_wconf 89' lang='grc' dir='ltr'><strong>σου</strong></span> <span class='ocrx_word' id='word_1_65' title='bbox 1202 616 1395 675; x_wconf 76' lang='grc' dir='ltr'><strong><em>Οὖράνιε.</em></strong></span> <span class='ocrx_word' id='word_1_66' title='bbox 1464 623 1603 661; x_wconf 75' lang='lat' dir='ltr'><strong>Facies</strong></span> <span class='ocrx_word' id='word_1_67' title='bbox 1637 619 1705 660; x_wconf 89' lang='lat' dir='ltr'><strong>vel</strong></span> 
     </span>
     <span class='ocr_line' id='line_1_9' title="bbox 260 673 1706 728; baseline 0.002 -17"><span class='ocrx_word' id='word_1_68' title='bbox 260 687 432 728; x_wconf 79' lang='lat' dir='ltr'><strong>persona</strong></span> <span class='ocrx_word' id='word_1_69' title='bbox 473 683 540 712; x_wconf 79' lang='lat' dir='ltr'><strong>ma</strong></span> <span class='ocrx_word' id='word_1_70' title='bbox 566 705 575 720; x_wconf 93' lang='lat'><strong>‚</strong></span> <span class='ocrx_word' id='word_1_71' title='bbox 632 673 779 714; x_wconf 76' lang='lat' dir='ltr'><strong>Uranie</strong></span> <span class='ocrx_word' id='word_1_72' title='bbox 804 706 814 723; x_wconf 92' lang='lat'><strong>,</strong></span> <span class='ocrx_word' id='word_1_73' title='bbox 850 677 1056 714; x_wconf 71' lang='lat' dir='ltr'><strong>victoriam</strong></span> <span class='ocrx_word' id='word_1_74' title='bbox 1089 678 1229 716; x_wconf 80' lang='lat' dir='ltr'><strong>habeat</strong></span> <span class='ocrx_word' id='word_1_75' title='bbox 1260 693 1286 716; x_wconf 89' lang='lat' dir='ltr'><strong>a</strong></span> <span class='ocrx_word' id='word_1_76' title='bbox 1320 678 1408 717; x_wconf 82' lang='lat' dir='ltr'><strong>Deo</strong></span> <span class='ocrx_word' id='word_1_77' title='bbox 1421 709 1432 727; x_wconf 90' lang='lat'><strong>,</strong></span> <span class='ocrx_word' id='word_1_78' title='bbox 1478 678 1520 716; x_wconf 88' lang='lat' dir='ltr'><strong>id</strong></span> <span class='ocrx_word' id='word_1_79' title='bbox 1549 684 1607 716; x_wconf 84' lang='lat' dir='ltr'><strong>est</strong></span> <span class='ocrx_word' id='word_1_80' title='bbox 1622 706 1634 726; x_wconf 94' lang='lat'><strong>,</strong></span> <span class='ocrx_word' id='word_1_81' title='bbox 1663 685 1706 715; x_wconf 80' lang='lat' dir='ltr'><strong>tu</strong></span> 
     </span>
     <span class='ocr_line' id='line_1_10' title="bbox 263 726 1707 785; baseline 0.003 -19"><span class='ocrx_word' id='word_1_82' title='bbox 263 730 370 780; x_wconf 71' lang='lat' dir='ltr'><strong>ipse,</strong></span> <span class='ocrx_word' id='word_1_83' title='bbox 422 727 574 777; x_wconf 64' lang='lat' dir='ltr'><strong>Urunt,</strong></span> <span class='ocrx_word' id='word_1_84' title='bbox 619 731 769 768; x_wconf 75' lang='lat' dir='ltr'><strong>vincas·</strong></span> <span class='ocrx_word' id='word_1_85' title='bbox 830 726 1068 781; x_wconf 71' lang='grc' dir='ltr'><em>Πρόσωπον</em></span> <span class='ocrx_word' id='word_1_86' title='bbox 1102 740 1159 771; x_wconf 86' lang='lat' dir='ltr'><strong>est</strong></span> <span class='ocrx_word' id='word_1_87' title='bbox 1194 734 1355 772; x_wconf 86' lang='lat' dir='ltr'><strong>Graecis</strong></span> <span class='ocrx_word' id='word_1_88' title='bbox 1391 733 1506 772; x_wconf 89' lang='lat' dir='ltr'><strong>novis</strong></span> <span class='ocrx_word' id='word_1_89' title='bbox 1538 745 1707 785; x_wconf 83' lang='lat' dir='ltr'><strong>persona</strong></span> 
     </span>
     <span class='ocr_line' id='line_1_11' title="bbox 266 779 1707 841; baseline 0.002 -20"><span class='ocrx_word' id='word_1_90' title='bbox 266 785 353 836; x_wconf 85' lang='lat' dir='ltr'><strong>ipsa</strong></span> <span class='ocrx_word' id='word_1_91' title='bbox 370 812 381 828; x_wconf 81' lang='grc'>,</span> <span class='ocrx_word' id='word_1_92' title='bbox 408 783 530 822; x_wconf 89' lang='lat' dir='ltr'><strong>homo</strong></span> <span class='ocrx_word' id='word_1_93' title='bbox 560 785 668 838; x_wconf 89' lang='lat' dir='ltr'><strong>ipse,</strong></span> <span class='ocrx_word' id='word_1_94' title='bbox 699 779 719 821; x_wconf 80' lang='grc' dir='ltr'><em>ὃ</em></span> <span class='ocrx_word' id='word_1_95' title='bbox 753 783 798 823; x_wconf 81' lang='grc' dir='ltr'><strong>ἐκ</strong></span> <span class='ocrx_word' id='word_1_96' title='bbox 824 783 1050 836; x_wconf 73' lang='grc' dir='ltr'><em>προσώπου</em></span> <span class='ocrx_word' id='word_1_97' title='bbox 1079 783 1190 833; x_wconf 77' lang='grc' dir='ltr'><em>τινὸς</em></span> <span class='ocrx_word' id='word_1_98' title='bbox 1219 783 1300 838; x_wconf 74' lang='grc' dir='ltr'><strong>ὢν,</strong></span> <span class='ocrx_word' id='word_1_99' title='bbox 1330 788 1439 841; x_wconf 89' lang='lat' dir='ltr'><strong>quod</strong></span> <span class='ocrx_word' id='word_1_100' title='bbox 1466 787 1589 840; x_wconf 86' lang='lat' dir='ltr'><strong>paulo</strong></span> <span class='ocrx_word' id='word_1_101' title='bbox 1616 793 1707 839; x_wconf 87' lang='lat' dir='ltr'><strong>post</strong></span> 
     </span>
     <span class='ocr_line' id='line_1_12' title="bbox 263 837 1707 895; baseline 0.002 -19"><span class='ocrx_word' id='word_1_102' title='bbox 263 853 304 892; x_wconf 90' lang='lat' dir='ltr'><strong>p.</strong></span> <span class='ocrx_word' id='word_1_103' title='bbox 339 837 428 877; x_wconf 85' lang='lat'>182.</span> <span class='ocrx_word' id='word_1_104' title='bbox 462 839 507 877; x_wconf 88' lang='lat' dir='ltr'><strong>B.</strong></span> <span class='ocrx_word' id='word_1_105' title='bbox 541 839 582 879; x_wconf 89' lang='grc'><strong>6.</strong></span> <span class='ocrx_word' id='word_1_106' title='bbox 609 841 807 886; x_wconf 86' lang='lat' dir='ltr'><strong>occurrit,</strong></span> <span class='ocrx_word' id='word_1_107' title='bbox 840 842 1003 879; x_wconf 75' lang='lat' dir='ltr'><strong>alicuius</strong></span> <span class='ocrx_word' id='word_1_108' title='bbox 1028 843 1152 880; x_wconf 82' lang='lat' dir='ltr'><strong>vicem</strong></span> <span class='ocrx_word' id='word_1_109' title='bbox 1177 857 1325 895; x_wconf 78' lang='lat' dir='ltr'><strong>gerens,</strong></span> <span class='ocrx_word' id='word_1_110' title='bbox 1357 851 1441 892; x_wconf 86' lang='lat' dir='ltr'><strong>aut,</strong></span> <span class='ocrx_word' id='word_1_111' title='bbox 1469 849 1515 882; x_wconf 86' lang='lat' dir='ltr'><strong>ut</strong></span> <span class='ocrx_word' id='word_1_112' title='bbox 1533 842 1707 881; x_wconf 82' lang='lat' dir='ltr'><strong>Anasta-</strong></span> 
     </span>
     <span class='ocr_line' id='line_1_13' title="bbox 268 891 1705 952; baseline 0.002 -21"><span class='ocrx_word' id='word_1_113' title='bbox 268 895 350 931; x_wconf 83' lang='lat' dir='ltr'><strong>sins</strong></span> <span class='ocrx_word' id='word_1_114' title='bbox 380 893 584 947; x_wconf 84' lang='lat' dir='ltr'><strong>loquitur,</strong></span> <span class='ocrx_word' id='word_1_115' title='bbox 614 897 655 933; x_wconf 78' lang='lat' dir='ltr'><strong>in</strong></span> <span class='ocrx_word' id='word_1_116' title='bbox 686 896 849 933; x_wconf 69' lang='lat' dir='ltr'><strong>alicuius</strong></span> <span class='ocrx_word' id='word_1_117' title='bbox 870 910 1059 949; x_wconf 79' lang='lat' dir='ltr'><strong>personae</strong></span> <span class='ocrx_word' id='word_1_118' title='bbox 1086 899 1169 935; x_wconf 77' lang='lat' dir='ltr'><strong>vice</strong></span> <span class='ocrx_word' id='word_1_119' title='bbox 1188 898 1404 952; x_wconf 78' lang='lat' dir='ltr'><strong>deputatus,</strong></span> <span class='ocrx_word' id='word_1_120' title='bbox 1460 898 1593 936; x_wconf 82' lang='lat' dir='ltr'><strong>Latini</strong></span> <span class='ocrx_word' id='word_1_121' title='bbox 1615 891 1705 935; x_wconf 63' lang='lat' dir='ltr'><strong>cofi-</strong></span> 
     </span>
     <span class='ocr_line' id='line_1_14' title="bbox 268 947 1704 1005; baseline 0.002 -19"><span class='ocrx_word' id='word_1_122' title='bbox 268 949 424 1001; x_wconf 80' lang='lat' dir='ltr'><strong>ruptius</strong></span> <span class='ocrx_word' id='word_1_123' title='bbox 455 964 703 1004; x_wconf 72' lang='lat' dir='ltr'><strong>emprosopus</strong></span> <span class='ocrx_word' id='word_1_124' title='bbox 732 949 949 989; x_wconf 82' lang='lat' dir='ltr'><strong>efferebant</strong></span> <span class='ocrx_word' id='word_1_125' title='bbox 972 981 983 1001; x_wconf 93' lang='lat'><strong>,</strong></span> <span class='ocrx_word' id='word_1_126' title='bbox 1026 966 1069 990; x_wconf 82' lang='lat' dir='ltr'><strong>v.</strong></span> <span class='ocrx_word' id='word_1_127' title='bbox 1101 953 1167 990; x_wconf 85' lang='lat' dir='ltr'><strong>Du</strong></span> <span class='ocrx_word' id='word_1_128' title='bbox 1202 953 1335 1005; x_wconf 77' lang='lat' dir='ltr'><strong>Gange</strong></span> <span class='ocrx_word' id='word_1_129' title='bbox 1361 952 1428 991; x_wconf 88' lang='lat' dir='ltr'><strong>Gl.</strong></span> <span class='ocrx_word' id='word_1_130' title='bbox 1462 947 1552 991; x_wconf 67' lang='lat' dir='ltr'><strong>Lat.</strong></span> <span class='ocrx_word' id='word_1_131' title='bbox 1585 951 1629 990; x_wconf 91' lang='lat' dir='ltr'><strong>h.</strong></span> <span class='ocrx_word' id='word_1_132' title='bbox 1660 964 1704 989; x_wconf 87' lang='lat' dir='ltr'><strong>v.</strong></span> 
     </span>
     <span class='ocr_line' id='line_1_15' title="bbox 269 1003 1709 1056; baseline 0.002 -15"><span class='ocrx_word' id='word_1_133' title='bbox 269 1011 309 1042; x_wconf 82' lang='lat' dir='ltr'><strong>et</strong></span> <span class='ocrx_word' id='word_1_134' title='bbox 343 1003 519 1043; x_wconf 85' lang='lat' dir='ltr'><strong>Palairct</strong></span> <span class='ocrx_word' id='word_1_135' title='bbox 549 1006 723 1044; x_wconf 81' lang='lat' dir='ltr'><strong>Observ.</strong></span> <span class='ocrx_word' id='word_1_136' title='bbox 753 1005 803 1043; x_wconf 88' lang='lat' dir='ltr'><strong>ad</strong></span> <span class='ocrx_word' id='word_1_137' title='bbox 831 1006 882 1043; x_wconf 90' lang='lat' dir='ltr'><strong>N.</strong></span> <span class='ocrx_word' id='word_1_138' title='bbox 913 1007 965 1044; x_wconf 88' lang='grc' dir='ltr'><strong>Τ.</strong></span> <span class='ocrx_word' id='word_1_139' title='bbox 1001 1006 1052 1045; x_wconf 83' lang='lat' dir='ltr'><strong>ad</strong></span> <span class='ocrx_word' id='word_1_140' title='bbox 1084 1007 1228 1045; x_wconf 80' lang='lat' dir='ltr'><strong>Matth.</strong></span> <span class='ocrx_word' id='word_1_141' title='bbox 1267 1008 1419 1056; x_wconf 79' lang='lat' dir='ltr'><strong>XXII,</strong></span> <span class='ocrx_word' id='word_1_142' title='bbox 1466 1006 1528 1047; x_wconf 82' lang='lat'><strong>16.</strong></span> <span class='ocrx_word' id='word_1_143' title='bbox 1573 1006 1709 1045; x_wconf 83' lang='lat' dir='ltr'><strong>Theo-</strong></span> 
     </span>
     <span class='ocr_line' id='line_1_16' title="bbox 267 1058 1710 1115; baseline 0.001 -19"><span class='ocrx_word' id='word_1_144' title='bbox 267 1059 410 1111; x_wconf 77' lang='lat' dir='ltr'><strong>phanis</strong></span> <span class='ocrx_word' id='word_1_145' title='bbox 455 1059 626 1099; x_wconf 88' lang='lat' dir='ltr'><strong>obscura</strong></span> <span class='ocrx_word' id='word_1_146' title='bbox 665 1060 786 1098; x_wconf 88' lang='lat' dir='ltr'><strong>dictio</strong></span> <span class='ocrx_word' id='word_1_147' title='bbox 819 1074 860 1112; x_wconf 87' lang='lat' dir='ltr'><strong>p.</strong></span> <span class='ocrx_word' id='word_1_148' title='bbox 893 1062 961 1115; x_wconf 68' lang='lat'><strong>78.</strong></span> <span class='ocrx_word' id='word_1_149' title='bbox 1008 1061 1062 1100; x_wconf 91' lang='lat' dir='ltr'><strong>A.</strong></span> <span class='ocrx_word' id='word_1_150' title='bbox 1100 1074 1158 1101; x_wconf 59' lang='grc' dir='ltr'><strong>με</strong></span> <span class='ocrx_word' id='word_1_151' title='bbox 1206 1060 1454 1101; x_wconf 71' lang='grc' dir='ltr'><em>ἀπέστειλαν</em></span> <span class='ocrx_word' id='word_1_152' title='bbox 1501 1058 1614 1115; x_wconf 75' lang='grc' dir='ltr'><strong><em>αυ’τῷ</em></strong></span> <span class='ocrx_word' id='word_1_153' title='bbox 1650 1059 1710 1106; x_wconf 77' lang='grc' dir='ltr'><strong>εἰς</strong></span> 
     </span>
     <span class='ocr_line' id='line_1_17' title="bbox 269 1111 1708 1169; baseline 0.001 -18"><span class='ocrx_word' id='word_1_154' title='bbox 269 1111 495 1165; x_wconf 75' lang='grc' dir='ltr'><em>πρόσωπον</em></span> <span class='ocrx_word' id='word_1_155' title='bbox 530 1111 605 1166; x_wconf 66' lang='grc' dir='ltr'><strong>τήν</strong></span> <span class='ocrx_word' id='word_1_156' title='bbox 644 1113 891 1165; x_wconf 68' lang='grc' dir='ltr'><em>καθαίρεσιν</em></span> <span class='ocrx_word' id='word_1_157' title='bbox 935 1113 1085 1166; x_wconf 71' lang='grc' dir='ltr'><em>αὐτοῦ,</em></span> <span class='ocrx_word' id='word_1_158' title='bbox 1134 1131 1254 1169; x_wconf 79' lang='lat' dir='ltr'><strong>quain</strong></span> <span class='ocrx_word' id='word_1_159' title='bbox 1284 1118 1439 1156; x_wconf 88' lang='lat' dir='ltr'><strong>Goarus</strong></span> <span class='ocrx_word' id='word_1_160' title='bbox 1482 1131 1565 1155; x_wconf 86' lang='lat' dir='ltr'><strong>non</strong></span> <span class='ocrx_word' id='word_1_161' title='bbox 1600 1122 1708 1154; x_wconf 78' lang='lat' dir='ltr'><strong>recte</strong></span> 
     </span>
     <span class='ocr_line' id='line_1_18' title="bbox 270 1171 1711 1226; baseline 0.002 -21"><span class='ocrx_word' id='word_1_162' title='bbox 270 1171 472 1222; x_wconf 85' lang='lat' dir='ltr'><strong>percepit,</strong></span> <span class='ocrx_word' id='word_1_163' title='bbox 501 1177 612 1208; x_wconf 87' lang='lat' dir='ltr'><strong>notat</strong></span> <span class='ocrx_word' id='word_1_164' title='bbox 631 1200 642 1219; x_wconf 96' lang='lat'><strong>,</strong></span> <span class='ocrx_word' id='word_1_165' title='bbox 670 1171 870 1208; x_wconf 76' lang='lat' dir='ltr'><strong>mittebant</strong></span> <span class='ocrx_word' id='word_1_166' title='bbox 898 1171 1068 1225; x_wconf 75' lang='lat' dir='ltr'><strong>aliquem</strong></span> <span class='ocrx_word' id='word_1_167' title='bbox 1096 1180 1165 1210; x_wconf 90' lang='lat' dir='ltr'><strong>aut</strong></span> <span class='ocrx_word' id='word_1_168' title='bbox 1191 1172 1365 1226; x_wconf 71' lang='lat' dir='ltr'><strong>aliquos,</strong></span> <span class='ocrx_word' id='word_1_169' title='bbox 1399 1173 1469 1226; x_wconf 77' lang='lat' dir='ltr'><strong>qui</strong></span> <span class='ocrx_word' id='word_1_170' title='bbox 1483 1171 1711 1223; x_wconf 68' lang='lat' dir='ltr'><strong>jor-mulsum</strong></span> 
     </span>
     <span class='ocr_line' id='line_1_19' title="bbox 271 1223 1714 1279; baseline 0.002 -18"><span class='ocrx_word' id='word_1_171' title='bbox 271 1224 522 1278; x_wconf 60' lang='lat' dir='ltr'><strong>depositionis·</strong></span> <span class='ocrx_word' id='word_1_172' title='bbox 558 1226 676 1279; x_wconf 76' lang='lat' dir='ltr'><strong>ipsius</strong></span> <span class='ocrx_word' id='word_1_173' title='bbox 703 1227 903 1279; x_wconf 76' lang='lat' dir='ltr'><strong>praesenti</strong></span> <span class='ocrx_word' id='word_1_174' title='bbox 934 1227 975 1264; x_wconf 83' lang='lat' dir='ltr'><strong>in</strong></span> <span class='ocrx_word' id='word_1_175' title='bbox 1003 1240 1140 1264; x_wconf 77' lang='lat' dir='ltr'><strong>manus</strong></span> <span class='ocrx_word' id='word_1_176' title='bbox 1169 1228 1322 1266; x_wconf 70' lang='lat' dir='ltr'><strong>dat-ent.</strong></span> <span class='ocrx_word' id='word_1_177' title='bbox 1382 1228 1417 1266; x_wconf 84' lang='grc' dir='ltr'><strong><em>Ῑ</em></strong></span> <span class='ocrx_word' id='word_1_178' title='bbox 1410 1223 1620 1278; x_wconf 60' lang='lat' dir='ltr'><strong>[gizicum-10²⁵</strong></span> <span class='ocrx_word' id='word_1_179' title='bbox 1639 1239 1714 1278; x_wconf 77' lang='lat' dir='ltr'><strong>pro</strong></span> 
     </span>
     <span class='ocr_line' id='line_1_20' title="bbox 273 1279 1701 1333; baseline 0 -16"><span class='ocrx_word' id='word_1_180' title='bbox 273 1293 470 1332; x_wconf 87' lang='lat' dir='ltr'><strong>persona,</strong></span> <span class='ocrx_word' id='word_1_181' title='bbox 500 1279 705 1329; x_wconf 90' lang='lat' dir='ltr'><strong>subiecto,</strong></span> <span class='ocrx_word' id='word_1_182' title='bbox 734 1281 814 1318; x_wconf 86' lang='lat' dir='ltr'><strong>iam</strong></span> <span class='ocrx_word' id='word_1_183' title='bbox 840 1288 993 1319; x_wconf 83' lang='lat' dir='ltr'><strong>veteres</strong></span> <span class='ocrx_word' id='word_1_184' title='bbox 1025 1281 1225 1320; x_wconf 88' lang='lat' dir='ltr'><strong>dicebant.</strong></span> <span class='ocrx_word' id='word_1_185' title='bbox 1288 1283 1342 1320; x_wconf 83' lang='lat' dir='ltr'><strong>V.</strong></span> <span class='ocrx_word' id='word_1_186' title='bbox 1387 1281 1633 1320; x_wconf 80' lang='lat' dir='ltr'><strong>Artemidor.</strong></span> <span class='ocrx_word' id='word_1_187' title='bbox 1674 1294 1701 1333; x_wconf 91' lang='lat' dir='ltr'><strong>p</strong></span> 
     </span>
     <span class='ocr_line' id='line_1_21' title="bbox 272 1333 1706 1389; baseline 0 -17"><span class='ocrx_word' id='word_1_188' title='bbox 272 1348 340 1387; x_wconf 61' lang='grc' dir='ltr'><strong><em>ας.</em></strong></span> <span class='ocrx_word' id='word_1_189' title='bbox 377 1333 416 1374; x_wconf 83' lang='grc'><strong>5.</strong></span> <span class='ocrx_word' id='word_1_190' title='bbox 450 1340 489 1372; x_wconf 89' lang='lat' dir='ltr'><strong>et</strong></span> <span class='ocrx_word' id='word_1_191' title='bbox 515 1335 611 1373; x_wconf 87' lang='lat' dir='ltr'><strong>alibi</strong></span> <span class='ocrx_word' id='word_1_192' title='bbox 647 1335 818 1387; x_wconf 84' lang='lat' dir='ltr'><strong>saepius.</strong></span> <span class='ocrx_word' id='word_1_193' title='bbox 875 1335 1043 1374; x_wconf 84' lang='lat' dir='ltr'><strong>Nomina</strong></span> <span class='ocrx_word' id='word_1_194' title='bbox 1067 1351 1162 1375; x_wconf 90' lang='lat' dir='ltr'><strong>vero</strong></span> <span class='ocrx_word' id='word_1_195' title='bbox 1193 1337 1335 1387; x_wconf 72' lang='lat' dir='ltr'><strong>Urani,</strong></span> <span class='ocrx_word' id='word_1_196' title='bbox 1370 1336 1551 1389; x_wconf 82' lang='lat' dir='ltr'><strong>Olympi,</strong></span> <span class='ocrx_word' id='word_1_197' title='bbox 1583 1334 1706 1383; x_wconf 64' lang='lat' dir='ltr'><strong>Icaxi,</strong></span> 
     </span>
     <span class='ocr_line' id='line_1_22' title="bbox 275 1389 1713 1444; baseline 0 -16"><span class='ocrx_word' id='word_1_198' title='bbox 275 1389 490 1428; x_wconf 65' lang='lat' dir='ltr'><strong>Anatellon</strong></span> <span class='ocrx_word' id='word_1_199' title='bbox 526 1397 603 1428; x_wconf 85' lang='lat' dir='ltr'><strong>etc.</strong></span> <span class='ocrx_word' id='word_1_200' title='bbox 635 1397 728 1428; x_wconf 87' lang='lat' dir='ltr'><strong>suut</strong></span> <span class='ocrx_word' id='word_1_201' title='bbox 751 1391 916 1429; x_wconf 83' lang='lat' dir='ltr'><strong>nomina</strong></span> <span class='ocrx_word' id='word_1_202' title='bbox 943 1392 1181 1444; x_wconf 80' lang='lat' dir='ltr'><strong>agitatorum</strong></span> <span class='ocrx_word' id='word_1_203' title='bbox 1217 1394 1259 1430; x_wconf 88' lang='lat' dir='ltr'><strong>in</strong></span> <span class='ocrx_word' id='word_1_204' title='bbox 1298 1391 1426 1438; x_wconf 81' lang='lat' dir='ltr'><strong>ludis,</strong></span> <span class='ocrx_word' id='word_1_205' title='bbox 1467 1390 1615 1444; x_wconf 87' lang='lat' dir='ltr'><strong>quibus</strong></span> <span class='ocrx_word' id='word_1_206' title='bbox 1654 1389 1713 1428; x_wconf 83' lang='lat' dir='ltr'><strong>fa-</strong></span> 
     </span>
     <span class='ocr_line' id='line_1_23' title="bbox 277 1444 1710 1500; baseline 0.001 -18"><span class='ocrx_word' id='word_1_207' title='bbox 277 1446 430 1483; x_wconf 88' lang='lat' dir='ltr'><strong>ctiones</strong></span> <span class='ocrx_word' id='word_1_208' title='bbox 458 1445 499 1482; x_wconf 90' lang='lat' dir='ltr'><strong>in</strong></span> <span class='ocrx_word' id='word_1_209' title='bbox 532 1444 635 1483; x_wconf 91' lang='lat' dir='ltr'><strong>ludis</strong></span> <span class='ocrx_word' id='word_1_210' title='bbox 670 1444 774 1483; x_wconf 88' lang='lat' dir='ltr'><strong>laeta</strong></span> <span class='ocrx_word' id='word_1_211' title='bbox 799 1459 898 1484; x_wconf 85' lang='lat' dir='ltr'><strong>voce</strong></span> <span class='ocrx_word' id='word_1_212' title='bbox 930 1447 1138 1484; x_wconf 89' lang='lat' dir='ltr'><strong>victoriam</strong></span> <span class='ocrx_word' id='word_1_213' title='bbox 1170 1446 1515 1500; x_wconf 85' lang='lat' dir='ltr'><strong>apprecabantur,</strong></span> <span class='ocrx_word' id='word_1_214' title='bbox 1538 1459 1586 1484; x_wconf 89' lang='lat' dir='ltr'><strong>eo</strong></span> <span class='ocrx_word' id='word_1_215' title='bbox 1611 1451 1710 1483; x_wconf 89' lang='lat' dir='ltr'><strong>tem-</strong></span> 
     </span>
     <span class='ocr_line' id='line_1_24' title="bbox 278 1499 1716 1555; baseline 0.001 -18"><span class='ocrx_word' id='word_1_216' title='bbox 278 1513 404 1552; x_wconf 85' lang='lat' dir='ltr'><strong>pore,</strong></span> <span class='ocrx_word' id='word_1_217' title='bbox 447 1513 527 1552; x_wconf 90' lang='lat' dir='ltr'><strong>quo</strong></span> <span class='ocrx_word' id='word_1_218' title='bbox 579 1499 817 1538; x_wconf 87' lang='lat' dir='ltr'><strong>exarabatur</strong></span> <span class='ocrx_word' id='word_1_219' title='bbox 860 1501 957 1539; x_wconf 85' lang='lat' dir='ltr'><strong>haec</strong></span> <span class='ocrx_word' id='word_1_220' title='bbox 1001 1502 1185 1541; x_wconf 88' lang='lat' dir='ltr'><strong>circensis</strong></span> <span class='ocrx_word' id='word_1_221' title='bbox 1225 1500 1422 1555; x_wconf 82' lang='lat' dir='ltr'><strong>particula</strong></span> <span class='ocrx_word' id='word_1_222' title='bbox 1461 1499 1514 1539; x_wconf 86' lang='lat' dir='ltr'><strong>ab</strong></span> <span class='ocrx_word' id='word_1_223' title='bbox 1552 1499 1716 1538; x_wconf 87' lang='lat' dir='ltr'><strong>auctore</strong></span> 
     </span>
     <span class='ocr_line' id='line_1_25' title="bbox 277 1554 1715 1610; baseline 0.001 -18"><span class='ocrx_word' id='word_1_224' title='bbox 277 1568 375 1604; x_wconf 89' lang='lat' dir='ltr'><strong>suo,</strong></span> <span class='ocrx_word' id='word_1_225' title='bbox 405 1557 635 1608; x_wconf 86' lang='lat' dir='ltr'><strong>quicunque</strong></span> <span class='ocrx_word' id='word_1_226' title='bbox 664 1555 826 1594; x_wconf 86' lang='lat' dir='ltr'><strong>tandem</strong></span> <span class='ocrx_word' id='word_1_227' title='bbox 852 1555 919 1594; x_wconf 84' lang='lat' dir='ltr'><strong>ille</strong></span> <span class='ocrx_word' id='word_1_228' title='bbox 951 1556 1091 1605; x_wconf 86' lang='lat' dir='ltr'><strong>suerit,</strong></span> <span class='ocrx_word' id='word_1_229' title='bbox 1123 1557 1319 1604; x_wconf 82' lang='lat' dir='ltr'><strong>celebria,</strong></span> <span class='ocrx_word' id='word_1_230' title='bbox 1353 1556 1533 1610; x_wconf 85' lang='lat' dir='ltr'><strong>Olympii</strong></span> <span class='ocrx_word' id='word_1_231' title='bbox 1553 1554 1715 1608; x_wconf 87' lang='lat' dir='ltr'><strong>quidem</strong></span> 
     </span>
     <span class='ocr_line' id='line_1_26' title="bbox 279 1608 1717 1665; baseline 0 -18"><span class='ocrx_word' id='word_1_232' title='bbox 279 1610 386 1663; x_wconf 85' lang='lat' dir='ltr'><strong>apud</strong></span> <span class='ocrx_word' id='word_1_233' title='bbox 431 1611 619 1651; x_wconf 87' lang='lat' dir='ltr'><strong>Prasinos</strong></span> <span class='ocrx_word' id='word_1_234' title='bbox 646 1639 657 1658; x_wconf 96' lang='lat'><strong>,</strong></span> <span class='ocrx_word' id='word_1_235' title='bbox 702 1610 846 1649; x_wconf 86' lang='lat' dir='ltr'><strong>Uranii</strong></span> <span class='ocrx_word' id='word_1_236' title='bbox 882 1618 1015 1650; x_wconf 90' lang='lat' dir='ltr'><strong>autem</strong></span> <span class='ocrx_word' id='word_1_237' title='bbox 1055 1612 1162 1665; x_wconf 90' lang='lat' dir='ltr'><strong>apud</strong></span> <span class='ocrx_word' id='word_1_238' title='bbox 1208 1613 1407 1658; x_wconf 77' lang='lat' dir='ltr'><strong>Venetos,</strong></span> <span class='ocrx_word' id='word_1_239' title='bbox 1458 1611 1572 1649; x_wconf 87' lang='lat' dir='ltr'><strong>Icasii</strong></span> <span class='ocrx_word' id='word_1_240' title='bbox 1608 1608 1717 1662; x_wconf 88' lang='lat' dir='ltr'><strong>apud</strong></span> 
     </span>
     <span class='ocr_line' id='line_1_27' title="bbox 278 1664 1717 1719; baseline -0.001 -16"><span class='ocrx_word' id='word_1_241' title='bbox 278 1665 392 1704; x_wconf 85' lang='lat' dir='ltr'><strong>albos</strong></span> <span class='ocrx_word' id='word_1_242' title='bbox 418 1695 428 1712; x_wconf 85' lang='lat'><strong>‚</strong></span> <span class='ocrx_word' id='word_1_243' title='bbox 490 1664 759 1704; x_wconf 83' lang='lat' dir='ltr'><strong>Anatellontis</strong></span> <span class='ocrx_word' id='word_1_244' title='bbox 817 1666 922 1719; x_wconf 90' lang='lat' dir='ltr'><strong>apud</strong></span> <span class='ocrx_word' id='word_1_245' title='bbox 980 1681 1125 1706; x_wconf 86' lang='lat' dir='ltr'><strong>russos.</strong></span> <span class='ocrx_word' id='word_1_246' title='bbox 1221 1668 1338 1706; x_wconf 82' lang='lat' dir='ltr'><strong>Iuvat</strong></span> <span class='ocrx_word' id='word_1_247' title='bbox 1394 1667 1460 1706; x_wconf 89' lang='lat' dir='ltr'><strong>hic</strong></span> <span class='ocrx_word' id='word_1_248' title='bbox 1513 1664 1717 1704; x_wconf 85' lang='lat' dir='ltr'><strong>Francisci</strong></span> 
     </span>
     <span class='ocr_line' id='line_1_28' title="bbox 280 1720 1719 1776; baseline 0.001 -18"><span class='ocrx_word' id='word_1_249' title='bbox 280 1720 426 1759; x_wconf 84' lang='lat' dir='ltr'><strong>Weisii</strong></span> <span class='ocrx_word' id='word_1_250' title='bbox 453 1720 578 1759; x_wconf 88' lang='lat' dir='ltr'><strong>verba</strong></span> <span class='ocrx_word' id='word_1_251' title='bbox 619 1735 663 1759; x_wconf 91' lang='lat' dir='ltr'><strong>ex</strong></span> <span class='ocrx_word' id='word_1_252' title='bbox 705 1720 896 1760; x_wconf 90' lang='lat' dir='ltr'><strong>addendis</strong></span> <span class='ocrx_word' id='word_1_253' title='bbox 941 1721 991 1760; x_wconf 87' lang='lat' dir='ltr'><strong>ad</strong></span> <span class='ocrx_word' id='word_1_254' title='bbox 1032 1723 1117 1761; x_wconf 91' lang='lat' dir='ltr'><strong>eius</strong></span> <span class='ocrx_word' id='word_1_255' title='bbox 1160 1722 1394 1776; x_wconf 81' lang='lat' dir='ltr'><strong>Catalogum</strong></span> <span class='ocrx_word' id='word_1_256' title='bbox 1430 1724 1719 1760; x_wconf 83' lang='lat' dir='ltr'><strong>numismatum</strong></span> 
     </span>
     <span class='ocr_line' id='line_1_29' title="bbox 278 1774 1718 1829; baseline -0.001 -16"><span class='ocrx_word' id='word_1_257' title='bbox 278 1775 549 1814; x_wconf 85' lang='lat' dir='ltr'><strong>Bibliothecae</strong></span> <span class='ocrx_word' id='word_1_258' title='bbox 577 1774 815 1815; x_wconf 74' lang='lat' dir='ltr'><strong>Bodleianae</strong></span> <span class='ocrx_word' id='word_1_259' title='bbox 850 1791 891 1829; x_wconf 90' lang='lat' dir='ltr'><strong>p.</strong></span> <span class='ocrx_word' id='word_1_260' title='bbox 922 1777 1018 1825; x_wconf 79' lang='lat'><strong>343.</strong></span> <span class='ocrx_word' id='word_1_261' title='bbox 1054 1777 1302 1825; x_wconf 84' lang='lat' dir='ltr'><strong>adscribere,</strong></span> <span class='ocrx_word' id='word_1_262' title='bbox 1344 1776 1414 1815; x_wconf 85' lang='lat' dir='ltr'><strong>ubi</strong></span> <span class='ocrx_word' id='word_1_263' title='bbox 1453 1775 1504 1814; x_wconf 90' lang='lat' dir='ltr'><strong>de</strong></span> <span class='ocrx_word' id='word_1_264' title='bbox 1542 1775 1718 1813; x_wconf 87' lang='lat' dir='ltr'><strong>nummis</strong></span> 
     </span>
     <span class='ocr_line' id='line_1_30' title="bbox 283 1831 1717 1884; baseline -0.001 -16"><span class='ocrx_word' id='word_1_265' title='bbox 283 1833 542 1869; x_wconf 85' lang='lat' dir='ltr'><strong>contorniatis</strong></span> <span class='ocrx_word' id='word_1_266' title='bbox 572 1831 666 1883; x_wconf 80' lang='lat' dir='ltr'><strong>agit.</strong></span> <span class='ocrx_word' id='word_1_267' title='bbox 729 1831 829 1882; x_wconf 86' lang='lat' dir='ltr'><strong>„An</strong></span> <span class='ocrx_word' id='word_1_268' title='bbox 859 1833 978 1884; x_wconf 79' lang='lat' dir='ltr'><strong>igitur</strong></span> <span class='ocrx_word' id='word_1_269' title='bbox 1009 1834 1163 1871; x_wconf 89' lang='lat' dir='ltr'><strong>nummi</strong></span> <span class='ocrx_word' id='word_1_270' title='bbox 1195 1833 1282 1882; x_wconf 86' lang='lat' dir='ltr'><strong>isti,</strong></span> <span class='ocrx_word' id='word_1_271' title='bbox 1313 1833 1394 1879; x_wconf 86' lang='lat' dir='ltr'><strong>ait,</strong></span> <span class='ocrx_word' id='word_1_272' title='bbox 1436 1837 1530 1869; x_wconf 85' lang='lat' dir='ltr'><strong>sunt</strong></span> <span class='ocrx_word' id='word_1_273' title='bbox 1558 1831 1717 1879; x_wconf 85' lang='lat' dir='ltr'><strong>votivi,</strong></span> 
     </span>
     <span class='ocr_line' id='line_1_31' title="bbox 282 1885 1720 1940; baseline -0.001 -16"><span class='ocrx_word' id='word_1_274' title='bbox 282 1900 357 1938; x_wconf 87' lang='lat' dir='ltr'><strong>pro</strong></span> <span class='ocrx_word' id='word_1_275' title='bbox 379 1886 486 1924; x_wconf 86' lang='lat' dir='ltr'><strong>bono</strong></span> <span class='ocrx_word' id='word_1_276' title='bbox 529 1887 792 1924; x_wconf 81' lang='lat' dir='ltr'><strong>certaminum</strong></span> <span class='ocrx_word' id='word_1_277' title='bbox 822 1894 967 1925; x_wconf 88' lang='lat' dir='ltr'><strong>eventu</strong></span> <span class='ocrx_word' id='word_1_278' title='bbox 986 1916 998 1936; x_wconf 98' lang='lat'><strong>,</strong></span> <span class='ocrx_word' id='word_1_279' title='bbox 1042 1902 1092 1926; x_wconf 90' lang='lat' dir='ltr'><strong>an</strong></span> <span class='ocrx_word' id='word_1_280' title='bbox 1127 1887 1413 1940; x_wconf 85' lang='lat' dir='ltr'><strong>triumphales,</strong></span> <span class='ocrx_word' id='word_1_281' title='bbox 1447 1885 1501 1924; x_wconf 92' lang='lat' dir='ltr'><strong>ob</strong></span> <span class='ocrx_word' id='word_1_282' title='bbox 1533 1885 1720 1924; x_wconf 86' lang='lat' dir='ltr'><strong>victorias</strong></span> 
     </span>
     <span class='ocr_line' id='line_1_32' title="bbox 284 1940 1719 1996; baseline -0.001 -17"><span class='ocrx_word' id='word_1_283' title='bbox 284 1945 450 1994; x_wconf 81' lang='lat' dir='ltr'><strong>partas?</strong></span> <span class='ocrx_word' id='word_1_284' title='bbox 505 1941 547 1979; x_wconf 88' lang='lat' dir='ltr'><em>E</em></span> <span class='ocrx_word' id='word_1_285' title='bbox 547 1942 739 1992; x_wconf 76' lang='lat' dir='ltr'><strong>uthymius</strong></span> <span class='ocrx_word' id='word_1_286' title='bbox 752 1971 762 1989; x_wconf 83' lang='lat'><strong>,</strong></span> <span class='ocrx_word' id='word_1_287' title='bbox 800 1941 1008 1996; x_wconf 75' lang='lat' dir='ltr'><strong>Olympius</strong></span> <span class='ocrx_word' id='word_1_288' title='bbox 1021 1972 1030 1989; x_wconf 87' lang='lat'><strong>,</strong></span> <span class='ocrx_word' id='word_1_289' title='bbox 1071 1943 1253 1994; x_wconf 67' lang='lat' dir='ltr'><strong>Stqfitnas</strong></span> <span class='ocrx_word' id='word_1_290' title='bbox 1267 1973 1278 1985; x_wconf 85' lang='lat'><strong>..</strong></span> <span class='ocrx_word' id='word_1_291' title='bbox 1320 1942 1560 1980; x_wconf 69' lang='lat' dir='ltr'><strong>Cervomtt&#39;us</strong></span> <span class='ocrx_word' id='word_1_292' title='bbox 1573 1970 1582 1987; x_wconf 82' lang='lat'>‚</span> <span class='ocrx_word' id='word_1_293' title='bbox 1612 1940 1719 1977; x_wconf 55' lang='lat' dir='ltr'><strong>Fili*-</strong></span> 
     </span>
     <span class='ocr_line' id='line_1_33' title="bbox 287 1993 1718 2041; baseline -0.001 -7"><span class='ocrx_word' id='word_1_294' title='bbox 287 2012 382 2041; x_wconf 57' lang='grc' dir='ltr'><em>ητις,</em></span> <span class='ocrx_word' id='word_1_295' title='bbox 413 1995 652 2034; x_wconf 83' lang='lat' dir='ltr'><strong>athletarum</strong></span> <span class='ocrx_word' id='word_1_296' title='bbox 683 2003 721 2034; x_wconf 86' lang='lat' dir='ltr'><strong>et</strong></span> <span class='ocrx_word' id='word_1_297' title='bbox 747 2004 989 2035; x_wconf 87' lang='lat' dir='ltr'><strong>certatorum</strong></span> <span class='ocrx_word' id='word_1_298' title='bbox 1018 1999 1060 2035; x_wconf 90' lang='lat' dir='ltr'><strong>in</strong></span> <span class='ocrx_word' id='word_1_299' title='bbox 1095 1997 1200 2036; x_wconf 83' lang='lat' dir='ltr'><strong>ludis</strong></span> <span class='ocrx_word' id='word_1_300' title='bbox 1235 1998 1398 2036; x_wconf 88' lang='lat' dir='ltr'><strong>nomina</strong></span> <span class='ocrx_word' id='word_1_301' title='bbox 1427 1995 1549 2034; x_wconf 85' lang='lat' dir='ltr'><strong>fuisse</strong></span> <span class='ocrx_word' id='word_1_302' title='bbox 1576 1993 1718 2034; x_wconf 87' lang='lat' dir='ltr'><strong>volunt</strong></span> 
     </span>
     <span class='ocr_line' id='line_1_34' title="bbox 288 2048 1724 2104; baseline -0.001 -15"><span class='ocrx_word' id='word_1_303' title='bbox 288 2051 517 2104; x_wconf 89' lang='lat' dir='ltr'><strong>antiquarii.</strong></span> <span class='ocrx_word' id='word_1_304' title='bbox 536 2076 589 2082; x_wconf 91' lang='lat'>—</span> <span class='ocrx_word' id='word_1_305' title='bbox 611 2052 895 2101; x_wconf 80' lang='lat' dir='ltr'><strong>Quaestionem</strong></span> <span class='ocrx_word' id='word_1_306' title='bbox 921 2066 1040 2104; x_wconf 87' lang='lat' dir='ltr'><strong>porro</strong></span> <span class='ocrx_word' id='word_1_307' title='bbox 1077 2060 1267 2099; x_wconf 77' lang='lat' dir='ltr'><strong>movent,</strong></span> <span class='ocrx_word' id='word_1_308' title='bbox 1299 2053 1501 2090; x_wconf 87' lang='lat' dir='ltr'><strong>Romaene</strong></span> <span class='ocrx_word' id='word_1_309' title='bbox 1539 2051 1623 2089; x_wconf 86' lang='lat' dir='ltr'><strong>cusi</strong></span> <span class='ocrx_word' id='word_1_310' title='bbox 1659 2048 1724 2088; x_wconf 83' lang='lat' dir='ltr'><strong>isti</strong></span> 
     </span>
     <span class='ocr_line' id='line_1_35' title="bbox 287 2107 1722 2160; baseline -0.001 -16"><span class='ocrx_word' id='word_1_311' title='bbox 287 2108 442 2144; x_wconf 87' lang='lat' dir='ltr'><strong>nummi</strong></span> <span class='ocrx_word' id='word_1_312' title='bbox 483 2120 534 2144; x_wconf 90' lang='lat' dir='ltr'><strong>an</strong></span> <span class='ocrx_word' id='word_1_313' title='bbox 569 2107 750 2159; x_wconf 85' lang='lat' dir='ltr'><strong>Byzantii</strong></span> <span class='ocrx_word' id='word_1_314' title='bbox 791 2107 952 2145; x_wconf 87' lang='lat' dir='ltr'><strong>fuerint.</strong></span> <span class='ocrx_word' id='word_1_315' title='bbox 1011 2108 1186 2146; x_wconf 88' lang='lat' dir='ltr'><strong>Litterae</strong></span> <span class='ocrx_word' id='word_1_316' title='bbox 1219 2107 1381 2160; x_wconf 89' lang='lat' dir='ltr'><strong>quidem</strong></span> <span class='ocrx_word' id='word_1_317' title='bbox 1404 2107 1572 2144; x_wconf 88' lang='lat' dir='ltr'><strong>Latinae</strong></span> <span class='ocrx_word' id='word_1_318' title='bbox 1603 2111 1722 2153; x_wconf 87' lang='lat' dir='ltr'><strong>sunt,</strong></span> 
     </span>
     <span class='ocr_line' id='line_1_36' title="bbox 290 2158 1724 2215; baseline -0.003 -15"><span class='ocrx_word' id='word_1_319' title='bbox 290 2161 360 2200; x_wconf 83' lang='lat' dir='ltr'><strong>sed</strong></span> <span class='ocrx_word' id='word_1_320' title='bbox 407 2162 683 2214; x_wconf 90' lang='lat' dir='ltr'><strong>inscriptiones</strong></span> <span class='ocrx_word' id='word_1_321' title='bbox 720 2163 881 2200; x_wconf 87' lang='lat' dir='ltr'><strong>Latinas</strong></span> <span class='ocrx_word' id='word_1_322' title='bbox 918 2162 1099 2202; x_wconf 88' lang='lat' dir='ltr'><strong>nondum</strong></span> <span class='ocrx_word' id='word_1_323' title='bbox 1142 2163 1249 2215; x_wconf 90' lang='lat' dir='ltr'><strong>apud</strong></span> <span class='ocrx_word' id='word_1_324' title='bbox 1286 2161 1470 2200; x_wconf 90' lang='lat' dir='ltr'><strong>CPtanos</strong></span> <span class='ocrx_word' id='word_1_325' title='bbox 1511 2158 1724 2199; x_wconf 85' lang='lat' dir='ltr'><strong>exolevisse</strong></span> 
     </span>
     <span class='ocr_line' id='line_1_37' title="bbox 290 2214 1720 2269; baseline -0.003 -15"><span class='ocrx_word' id='word_1_326' title='bbox 290 2217 384 2255; x_wconf 90' lang='lat' dir='ltr'><strong>satis</strong></span> <span class='ocrx_word' id='word_1_327' title='bbox 429 2217 622 2255; x_wconf 90' lang='lat' dir='ltr'><strong>evincunt</strong></span> <span class='ocrx_word' id='word_1_328' title='bbox 658 2217 946 2269; x_wconf 86' lang='lat' dir='ltr'><strong>Imperatorum</strong></span> <span class='ocrx_word' id='word_1_329' title='bbox 978 2219 1134 2256; x_wconf 90' lang='lat' dir='ltr'><strong>nummi</strong></span> <span class='ocrx_word' id='word_1_330' title='bbox 1176 2219 1316 2264; x_wconf 87' lang='lat' dir='ltr'><strong>aurei,</strong></span> <span class='ocrx_word' id='word_1_331' title='bbox 1358 2216 1557 2269; x_wconf 86' lang='lat' dir='ltr'><strong>argentei,</strong></span> <span class='ocrx_word' id='word_1_332' title='bbox 1600 2214 1720 2252; x_wconf 79' lang='lat' dir='ltr'><strong>aerei.</strong></span> 
     </span>
     <span class='ocr_line' id='line_1_38' title="bbox 290 2268 1723 2324; baseline -0.001 -15"><span class='ocrx_word' id='word_1_333' title='bbox 290 2271 374 2309; x_wconf 89' lang='lat' dir='ltr'><strong>Nec</strong></span> <span class='ocrx_word' id='word_1_334' title='bbox 408 2271 498 2310; x_wconf 88' lang='lat' dir='ltr'><strong>ideo</strong></span> <span class='ocrx_word' id='word_1_335' title='bbox 533 2271 830 2324; x_wconf 87' lang='lat' dir='ltr'><strong>inscriptiones:</strong></span> <span class='ocrx_word' id='word_1_336' title='bbox 862 2272 1018 2310; x_wconf 57' lang='lat' dir='ltr'><strong>Eutime*</strong></span> <span class='ocrx_word' id='word_1_337' title='bbox 1044 2274 1202 2323; x_wconf 76' lang='lat' dir='ltr'><strong>vincas,</strong></span> <span class='ocrx_word' id='word_1_338' title='bbox 1237 2273 1334 2311; x_wconf 76' lang='lat' dir='ltr'><strong>Urse</strong></span> <span class='ocrx_word' id='word_1_339' title='bbox 1361 2273 1522 2318; x_wconf 78' lang='lat' dir='ltr'><strong>vincas,</strong></span> <span class='ocrx_word' id='word_1_340' title='bbox 1555 2268 1723 2308; x_wconf 80' lang='lat' dir='ltr'><strong>Petroni</strong></span> 
     </span>
     <span class='ocr_line' id='line_1_39' title="bbox 283 2321 1724 2379; baseline 0.002 -16"><span class='ocrx_word' id='word_1_341' title='bbox 283 2326 446 2379; x_wconf 78' lang='lat' dir='ltr'><strong>placeas</strong></span> <span class='ocrx_word' id='word_1_342' title='bbox 465 2356 478 2377; x_wconf 96' lang='lat'><strong>,</strong></span> <span class='ocrx_word' id='word_1_343' title='bbox 521 2329 790 2371; x_wconf 82' lang='lat' dir='ltr'><strong>contorniatos</strong></span> <span class='ocrx_word' id='word_1_344' title='bbox 833 2327 984 2366; x_wconf 90' lang='lat' dir='ltr'><strong>Romae</strong></span> <span class='ocrx_word' id='word_1_345' title='bbox 1029 2326 1149 2366; x_wconf 83' lang='lat' dir='ltr'><strong>fuisse</strong></span> <span class='ocrx_word' id='word_1_346' title='bbox 1191 2328 1341 2366; x_wconf 81' lang='lat' dir='ltr'><strong>effictos</strong></span> <span class='ocrx_word' id='word_1_347' title='bbox 1375 2326 1549 2379; x_wconf 85' lang='lat' dir='ltr'><strong>probant</strong></span> <span class='ocrx_word' id='word_1_348' title='bbox 1563 2353 1579 2371; x_wconf 20' lang='lat' dir='ltr'><strong>‚v</strong></span> <span class='ocrx_word' id='word_1_349' title='bbox 1615 2321 1724 2375; x_wconf 80' lang='lat' dir='ltr'><strong>quod</strong></span> 
     </span>
     <span class='ocr_line' id='line_1_40' title="bbox 290 2379 1726 2437; baseline -0.003 -19"><span class='ocrx_word' id='word_1_350' title='bbox 290 2388 434 2432; x_wconf 85' lang='lat' dir='ltr'><strong>putant</strong></span> <span class='ocrx_word' id='word_1_351' title='bbox 473 2381 683 2431; x_wconf 89' lang='lat' dir='ltr'><strong>nonnulli,</strong></span> <span class='ocrx_word' id='word_1_352' title='bbox 721 2396 847 2435; x_wconf 90' lang='lat' dir='ltr'><strong>quum</strong></span> <span class='ocrx_word' id='word_1_353' title='bbox 889 2382 1056 2437; x_wconf 79' lang='lat' dir='ltr'><strong>Olympi</strong></span> <span class='ocrx_word' id='word_1_354' title='bbox 1087 2383 1180 2421; x_wconf 77' lang='lat' dir='ltr'><strong>nika</strong></span> <span class='ocrx_word' id='word_1_355' title='bbox 1195 2414 1205 2430; x_wconf 86' lang='lat'><strong>,</strong></span> <span class='ocrx_word' id='word_1_356' title='bbox 1247 2382 1436 2423; x_wconf 81' lang='lat' dir='ltr'><strong>Pannoni</strong></span> <span class='ocrx_word' id='word_1_357' title='bbox 1467 2379 1584 2424; x_wconf 79' lang='lat' dir='ltr'><strong>nika,</strong></span> <span class='ocrx_word' id='word_1_358' title='bbox 1623 2391 1726 2429; x_wconf 84' lang='lat' dir='ltr'><strong>quae</strong></span> 
     </span>
     <span class='ocr_line' id='line_1_41' title="bbox 292 2431 1727 2491; baseline -0.003 -18"><span class='ocrx_word' id='word_1_359' title='bbox 292 2436 334 2472; x_wconf 90' lang='lat' dir='ltr'><strong>in</strong></span> <span class='ocrx_word' id='word_1_360' title='bbox 374 2435 461 2474; x_wconf 88' lang='lat' dir='ltr'><strong>aliis</strong></span> <span class='ocrx_word' id='word_1_361' title='bbox 501 2444 754 2489; x_wconf 86' lang='lat' dir='ltr'><strong>comparent,</strong></span> <span class='ocrx_word' id='word_1_362' title='bbox 805 2437 856 2475; x_wconf 90' lang='lat' dir='ltr'><strong>ad</strong></span> <span class='ocrx_word' id='word_1_363' title='bbox 889 2437 1015 2476; x_wconf 91' lang='lat' dir='ltr'><strong>CPlin</strong></span> <span class='ocrx_word' id='word_1_364' title='bbox 1042 2440 1210 2477; x_wconf 87' lang='lat' dir='ltr'><strong>omnino</strong></span> <span class='ocrx_word' id='word_1_365' title='bbox 1239 2438 1439 2491; x_wconf 87' lang='lat' dir='ltr'><strong>pertinere</strong></span> <span class='ocrx_word' id='word_1_366' title='bbox 1473 2431 1727 2473; x_wconf 83' lang='lat' dir='ltr'><strong>videantur.&#39;’</strong></span> 
     </span>
     <span class='ocr_line' id='line_1_42' title="bbox 290 2489 1731 2532; baseline -0.002 -5"><span class='ocrx_word' id='word_1_367' title='bbox 290 2489 446 2528; x_wconf 88' lang='lat' dir='ltr'><strong>Passim</strong></span> <span class='ocrx_word' id='word_1_368' title='bbox 489 2499 707 2530; x_wconf 88' lang='lat' dir='ltr'><strong>occurrunt</strong></span> <span class='ocrx_word' id='word_1_369' title='bbox 755 2491 853 2531; x_wconf 85' lang='lat' dir='ltr'><strong>tales</strong></span> <span class='ocrx_word' id='word_1_370' title='bbox 902 2492 1206 2532; x_wconf 87' lang='lat' dir='ltr'><strong>acclamationes</strong></span> <span class='ocrx_word' id='word_1_371' title='bbox 1247 2494 1439 2531; x_wconf 85' lang='lat' dir='ltr'><strong>circenses</strong></span> <span class='ocrx_word' id='word_1_372' title='bbox 1475 2489 1517 2526; x_wconf 88' lang='lat' dir='ltr'><strong>in</strong></span> <span class='ocrx_word' id='word_1_373' title='bbox 1558 2489 1731 2525; x_wconf 77' lang='lat' dir='ltr'><strong>vetustis</strong></span> 
     </span>
     <span class='ocr_line' id='line_1_43' title="bbox 297 2544 1724 2595; baseline -0.001 -14"><span class='ocrx_word' id='word_1_374' title='bbox 297 2547 590 2584; x_wconf 86' lang='lat' dir='ltr'><strong>monumentis:</strong></span> <span class='ocrx_word' id='word_1_375' title='bbox 639 2554 685 2584; x_wconf 91' lang='lat' dir='ltr'><strong>ut</strong></span> <span class='ocrx_word' id='word_1_376' title='bbox 724 2547 964 2587; x_wconf 61' lang='lat' dir='ltr'><strong>Garamanta·</strong></span> <span class='ocrx_word' id='word_1_377' title='bbox 997 2548 1127 2595; x_wconf 81' lang='lat' dir='ltr'><strong>Nica,</strong></span> <span class='ocrx_word' id='word_1_378' title='bbox 1181 2548 1300 2588; x_wconf 77' lang='lat' dir='ltr'><strong>Genti</strong></span> <span class='ocrx_word' id='word_1_379' title='bbox 1331 2545 1438 2584; x_wconf 83' lang='lat' dir='ltr'><strong>Nica</strong></span> <span class='ocrx_word' id='word_1_380' title='bbox 1476 2544 1519 2581; x_wconf 89' lang='lat' dir='ltr'><strong>in</strong></span> <span class='ocrx_word' id='word_1_381' title='bbox 1558 2555 1724 2594; x_wconf 86' lang='lat' dir='ltr'><strong>corpore</strong></span> 
     </span>
     <span class='ocr_line' id='line_1_44' title="bbox 298 2597 1728 2656; baseline 0.003 -21"><span class='ocrx_word' id='word_1_382' title='bbox 298 2598 481 2651; x_wconf 87' lang='lat' dir='ltr'><strong>Inscript.</strong></span> <span class='ocrx_word' id='word_1_383' title='bbox 505 2601 673 2639; x_wconf 55' lang='lat' dir='ltr'><strong>*Gruteri</strong></span> <span class='ocrx_word' id='word_1_384' title='bbox 711 2616 752 2654; x_wconf 88' lang='lat' dir='ltr'><strong>p.</strong></span> <span class='ocrx_word' id='word_1_385' title='bbox 786 2602 879 2642; x_wconf 76' lang='lat'><strong>358.</strong></span> <span class='ocrx_word' id='word_1_386' title='bbox 916 2617 975 2651; x_wconf 86' lang='lat'><strong>2.,</strong></span> <span class='ocrx_word' id='word_1_387' title='bbox 1005 2603 1112 2656; x_wconf 91' lang='lat' dir='ltr'><strong>quod</strong></span> <span class='ocrx_word' id='word_1_388' title='bbox 1141 2603 1258 2641; x_wconf 87' lang='lat' dir='ltr'><strong>video</strong></span> <span class='ocrx_word' id='word_1_389' title='bbox 1300 2615 1323 2638; x_wconf 89' lang='lat' dir='ltr'><strong>a</strong></span> <span class='ocrx_word' id='word_1_390' title='bbox 1354 2599 1452 2637; x_wconf 87' lang='lat' dir='ltr'><strong>viris</strong></span> <span class='ocrx_word' id='word_1_391' title='bbox 1491 2597 1617 2636; x_wconf 77' lang='lat' dir='ltr'><strong>doctis</strong></span> <span class='ocrx_word' id='word_1_392' title='bbox 1644 2610 1728 2635; x_wconf 82' lang='lat' dir='ltr'><strong>non</strong></span> 
     </span>
     <span class='ocr_line' id='line_1_45' title="bbox 296 2653 1728 2706; baseline -0.001 -15"><span class='ocrx_word' id='word_1_393' title='bbox 296 2660 402 2691; x_wconf 86' lang='lat' dir='ltr'><strong>recte</strong></span> <span class='ocrx_word' id='word_1_394' title='bbox 435 2657 585 2706; x_wconf 83' lang='lat' dir='ltr'><strong>exponi.</strong></span> <span class='ocrx_word' id='word_1_395' title='bbox 643 2656 746 2695; x_wconf 87' lang='lat' dir='ltr'><strong>Sunt</strong></span> <span class='ocrx_word' id='word_1_396' title='bbox 782 2660 888 2696; x_wconf 87' lang='lat' dir='ltr'><strong>enim</strong></span> <span class='ocrx_word' id='word_1_397' title='bbox 924 2658 1169 2697; x_wconf 64' lang='lat' dir='ltr'><strong>Garamante*</strong></span> <span class='ocrx_word' id='word_1_398' title='bbox 1194 2663 1233 2695; x_wconf 89' lang='lat' dir='ltr'><strong>et</strong></span> <span class='ocrx_word' id='word_1_399' title='bbox 1269 2654 1388 2693; x_wconf 83' lang='lat' dir='ltr'><strong>Genti</strong></span> <span class='ocrx_word' id='word_1_400' title='bbox 1412 2653 1586 2692; x_wconf 88' lang='lat' dir='ltr'><strong>vocativi</strong></span> <span class='ocrx_word' id='word_1_401' title='bbox 1612 2666 1634 2691; x_wconf 89' lang='lat' dir='ltr'><strong>a</strong></span> <span class='ocrx_word' id='word_1_402' title='bbox 1654 2665 1728 2690; x_wconf 89' lang='lat' dir='ltr'><strong>no-</strong></span> 
     </span>
     <span class='ocr_line' id='line_1_46' title="bbox 302 2707 1080 2752; baseline 0.009 -9"><span class='ocrx_word' id='word_1_403' title='bbox 302 2707 503 2749; x_wconf 82' lang='lat' dir='ltr'><strong>minativis</strong></span> <span class='ocrx_word' id='word_1_404' title='bbox 532 2710 811 2750; x_wconf 75' lang='lat' dir='ltr'><strong>Garamantius</strong></span> <span class='ocrx_word' id='word_1_405' title='bbox 841 2720 879 2750; x_wconf 88' lang='lat' dir='ltr'><strong>et</strong></span> <span class='ocrx_word' id='word_1_406' title='bbox 906 2713 1080 2752; x_wconf 75' lang='lat' dir='ltr'><strong>Gentius.</strong></span> 
     </span>
    </p>
   </div>
   <div class='ocr_carea' id='block_1_3' title="bbox 406 2754 1732 2823">
    <p class='ocr_par' dir='ltr' id='par_1_5' title="bbox 406 2754 1732 2823">
     <span class='ocr_line' id='line_1_47' title="bbox 406 2754 1732 2823; baseline -0.005 -19"><span class='ocrx_word' id='word_1_407' title='bbox 406 2762 453 2803; x_wconf 84' lang='lat' dir='ltr'><strong>C·</strong></span> <span class='ocrx_word' id='word_1_408' title='bbox 477 2777 513 2815; x_wconf 76' lang='grc'><strong><em>7.</em></strong></span> <span class='ocrx_word' id='word_1_409' title='bbox 543 2763 654 2816; x_wconf 81' lang='lat'>[311‚</span> <span class='ocrx_word' id='word_1_410' title='bbox 685 2765 764 2819; x_wconf 79' lang='lat'>15.]</span> <span class='ocrx_word' id='word_1_411' title='bbox 795 2764 1047 2823; x_wconf 70' lang='grc' dir='ltr'><strong><em>εὐφημοῦσι.</em></strong></span> <span class='ocrx_word' id='word_1_412' title='bbox 1115 2766 1159 2807; x_wconf 82' lang='lat' dir='ltr'><strong>ln</strong></span> <span class='ocrx_word' id='word_1_413' title='bbox 1198 2764 1332 2805; x_wconf 85' lang='lat' dir='ltr'><strong>codice</strong></span> <span class='ocrx_word' id='word_1_414' title='bbox 1375 2770 1435 2806; x_wconf 80' lang='lat' dir='ltr'><strong>est</strong></span> <span class='ocrx_word' id='word_1_415' title='bbox 1467 2754 1589 2817; x_wconf 71' lang='grc' dir='ltr'><em>εῧφη,</em></span> <span class='ocrx_word' id='word_1_416' title='bbox 1621 2758 1732 2816; x_wconf 80' lang='lat' dir='ltr'><strong>quod</strong></span> 
     </span>
    </p>
   </div>
  </div>
 </body>
</html>
