1884 3132
207 155 283 200 An
324 154 622 199 coNsTm.
652 154 849 197 ponpa.
890 154 961 195 ni:
1003 152 1184 195 cssmm.
1224 153 1322 195 un.
1363 154 1415 193 11.
1458 132 1568 208 703

131 259 412 315 pellabantur3
451 262 604 314 primus
642 255 675 297 α’
692 287 704 307 ,
735 257 931 297 secundus
957 253 993 306 β’
1016 286 1027 302 ,
1073 258 1214 296 tertius
1240 253 1274 308 γ’
1305 263 1344 296 et
1369 257 1425 296 sic
1448 267 1571 310 porro

130 330 257 370 usque
283 317 333 355 ad
364 313 422 354 ω’.
491 313 663 365 Quando
692 327 786 363 ergo
797 311 1105 365 Cletorologium
1135 312 1239 350 infra
1267 326 1306 364 p.
1325 310 1422 363 452.
1451 313 1505 350 D.
1526 313 1569 352 3.

128 371 228 410 dicit
250 401 261 420 ,
294 372 467 410 Leonem
492 364 773 422 Imperatorem
790 397 800 415 ‚
818 367 893 406 sub
922 381 1003 420 quo
1032 366 1133 406 illud
1162 366 1303 406 litteris
1336 366 1571 406 mandatum

129 426 206 464 fixit
222 455 234 473 ‚
269 433 308 466 et
321 425 610 471 Alexandrum,
641 425 724 461 eius
751 422 914 461 fratrem
931 452 942 470 ‚
974 428 1015 461 et
1033 423 1140 460 zoen
1157 450 1168 470 ‚
1200 422 1344 460 Leonis
1373 436 1536 461 uxorem
1553 451 1567 473 ,

128 479 333 520 Brumalia
361 482 507 534 egisse,
542 479 606 518 die
634 491 834 531 quemque
874 491 963 526 suo,
993 475 1060 529 ἐφ’
1087 471 1261 515 ἑκάστου
1290 473 1454 529 κλήσει,
1486 491 1569 517 uno

127 549 268 575 eorum
297 549 455 588 quoque
491 540 671 573 senatum
702 533 752 571 ad
773 531 1015 585 epulandum
1030 546 1163 570 secum
1191 533 1352 570 nomine
1380 546 1453 571 suo
1471 547 1568 572 evo·

125 597 245 630 cante
273 597 312 629 et
338 590 550 629 invitante:
581 588 722 641 liquet,
741 586 958 626 Alexandri
983 586 1164 625 brumale
1181 587 1223 625 in
1241 587 1346 625 diem
1374 589 1566 640 primum,

127 645 229 684 Zoe's
256 646 297 684 in
326 645 552 697 septimum,
583 644 727 682 Leonis
746 643 788 680 in
812 642 1092 681 duodecimum
1112 641 1355 680 brumalium
1375 643 1479 681 diem
1503 644 1566 683 in-

125 699 281 740 cidisse.
334 699 516 748 Pariter,
545 698 706 751 quando
729 698 857 750 capite
893 704 1033 736 nostro
1061 698 1249 735 (licuntur
1278 697 1564 738 Constantinus

125 761 241 808 pater
271 761 311 793 et
341 754 546 793 Romanus
573 753 677 792 silius
719 759 758 791 et
774 753 951 805 Augusta
982 751 1134 790 Helena
1166 751 1365 790 brumalia
1394 755 1565 806 quisque

124 823 198 849 sua
226 811 364 863 egisse,
394 810 472 862 egit
488 809 774 847 Constantinus
802 822 915 846 suum
946 807 1011 845 die
1050 806 1101 845 ab
1156 807 1269 846 initio
1318 806 1564 847 brumalium

123 864 361 915 undecimo,
405 864 557 903 Helena
588 864 749 916 quinto,
795 863 998 901 Romanus
1025 868 1166 900 octavo
1194 868 1234 900 et
1260 861 1430 901 decimo.
1489 863 1564 901 His

125 918 267 959 diebus
295 920 515 972 Imperator
542 921 670 957 maior
709 925 750 958 et
777 919 910 957 minor
937 924 976 955 et
1004 916 1185 970 Augusta
1211 931 1394 969 proceres
1423 919 1563 956 convi-

122 974 200 1014 viis
225 981 266 1014 et
302 975 417 1013 donis
454 973 716 1026 excipiebant.
792 973 900 1012 Num
954 971 1101 1011 minori
1138 986 1298 1025 quoque
1323 973 1526 1026 Augustae
1547 1003 1562 1024 ,

120 1027 415 1083 Theophanoni
431 1058 444 1078 ,
473 1029 642 1068 Romani
670 1029 810 1076 uxori,
839 1034 878 1066 et
907 1026 1065 1066 filiabus
1090 1026 1280 1080 Augusti,
1310 1042 1412 1080 quae
1440 1029 1562 1067 etiam

122 1083 396 1137 Augustarum
437 1098 583 1123 nomen
623 1084 813 1137 gerebant
832 1111 844 1132 ‚
888 1081 1046 1121 licuerit
1073 1081 1271 1121 brumalia
1298 1096 1371 1121 suo
1397 1083 1560 1122 nomine

122 1139 270 1188 edere,
300 1141 343 1178 in
372 1139 496 1178 dubio
538 1141 712 1192 positum
741 1137 966 1191 relinquam
984 1167 996 1186 ‚
1039 1152 1166 1190 quum
1190 1138 1387 1176 editorum
1433 1137 1485 1176 ab
1514 1139 1563 1178 iis

119 1193 364 1233 brumalium
392 1195 541 1233 mentio
573 1208 768 1247 nusquam
793 1193 876 1232 fiat.
933 1193 1110 1232 Caeteris
1140 1192 1383 1231 brumalium
1419 1192 1561 1233 diebus

121 1263 334 1302 procerum
363 1251 524 1287 maximi
553 1252 703 1302 quique
731 1249 1016 1301 Imperatorem
1054 1254 1093 1286 et
1131 1247 1321 1286 familiam
1350 1256 1560 1301 augustam

118 1318 241 1356 penes
267 1318 308 1342 se
341 1304 531 1343 convivio
557 1303 802 1356 excipiebant
821 1317 867 1341 ex
890 1303 1029 1340 ordine
1046 1302 1285 1350 litterarum,
1305 1317 1407 1356 quae
1426 1306 1559 1342 cuius-

117 1372 198 1410 que
223 1359 375 1397 nomini
403 1365 534 1397 essent
559 1358 744 1397 initiales.
797 1358 850 1396 E.
879 1371 915 1396 c.
939 1357 971 1396 si
1000 1372 1182 1410 proceres
1210 1359 1313 1396 inter
1340 1365 1467 1396 essent
1481 1359 1559 1397 Ba-

119 1412 198 1456 silii
217 1441 230 1463 ,
259 1413 470 1467 Gregorii,
507 1413 736 1460 Theodori,
778 1413 946 1451 Ioannes
964 1441 975 1460 ‚
1018 1413 1156 1462 Petri,
1187 1413 1425 1466 Symeones,
1456 1413 1558 1451 Phi-

118 1466 244 1506 lothei
271 1475 366 1518 etc.,
396 1466 592 1506 vocabant
623 1467 678 1506 illi
708 1475 914 1520 augustam
945 1474 1101 1520 gentem
1129 1467 1180 1506 ad
1208 1482 1249 1506 se
1276 1469 1414 1506 diebus
1444 1467 1520 1506 illis
1544 1498 1556 1519 ‚

119 1578 294 1617 secundo
321 1577 490 1616 Basilius
517 1577 660 1631 aliquis
681 1607 693 1629 ‚
722 1578 841 1616 tertio
870 1578 1086 1630 Gregorius
1109 1606 1122 1628 ‚
1152 1592 1261 1616 nono
1288 1578 1554 1630 Theodorus,

116 1631 271 1671 decimo
299 1633 467 1672 Ioannes
485 1661 495 1680 ‚
527 1635 696 1686 septimo
725 1640 764 1672 et
807 1633 962 1671 decimo
990 1633 1133 1671 Petrus
1155 1662 1166 1683 ‚
1195 1647 1303 1672 nono
1332 1641 1372 1672 et
1399 1634 1555 1672 decimo

116 1687 279 1740 Symeo,
308 1690 500 1740 vigesimo
527 1688 700 1727 secundo
716 1687 951 1727 Philothcus
971 1717 982 1737 ‚
999 1695 1038 1726 et
1065 1688 1120 1727 sic
1132 1688 1182 1727 de
1208 1690 1386 1728 caeteris.
1418 1689 1478 1727 Ex
1504 1702 1554 1728 eo

115 1749 192 1796 est,
220 1743 329 1796 quod
355 1742 579 1782 December
608 1744 648 1781 in
668 1742 909 1796 Anthologia
939 1743 1030 1781 libri
1058 1744 1176 1796 primi
1205 1744 1284 1783 fine
1313 1744 1363 1783 de
1394 1757 1436 1783 se
1464 1745 1549 1783 ait:

277 1808 413 1848 Δαῖτα
441 1809 558 1863 φέρω
578 1808 810 1861 χαρίεσσαν
834 1808 877 1855 ἐς
906 1801 1064 1859 οὕνομα
1083 1806 1221 1859 φωτὸς
1247 1805 1438 1850 ἑκάστου.

276 1863 436 1918 Epulas
464 1866 567 1916 jero
594 1865 781 1903 iucundas
811 1866 853 1902 in
884 1879 1025 1903 nomen
1053 1866 1221 1903 hominis
1246 1867 1438 1921 cuinsqzoe.

114 1929 226 1967 Inter
252 1928 426 1982 plebeios
454 1930 557 1968 idem
590 1944 676 1969 mos
720 1930 1019 1969 observabatur.
1073 1930 1248 1970 Ditiores
1276 1931 1326 1970 ad
1354 1945 1396 1970 se
1427 1946 1549 1972 voca-

113 1982 213 2022 bant
242 1985 388 2023 amicos
414 1984 644 2024 humiliores
673 1985 742 2023 illo
770 1986 861 2036 die,
891 1987 1004 2024 cuius
1034 1984 1165 2024 littera
1194 1987 1452 2040 responderet
1478 1987 1547 2026 lit-

112 2044 221 2077 terae
248 2039 389 2078 initiali
434 2042 494 2078 sui
537 2041 709 2078 nominis
729 2069 741 2090 ‚
786 2048 856 2079 aut
874 2070 884 2088 ‚
915 2041 1024 2094 quod
1051 2040 1155 2078 idem
1184 2049 1268 2091 est,
1299 2041 1366 2080 illo
1399 2043 1490 2089 die,
1521 2058 1546 2082 a

112 2107 193 2145 quo
221 2093 272 2131 ad
299 2094 404 2132 diem
443 2094 685 2133 brumalium
723 2097 897 2148 primum
934 2095 1256 2149 retrogradiendo
1285 2103 1344 2134 tot
1371 2097 1545 2136 effluxis-

111 2154 198 2186 sent
226 2147 308 2186 dies
329 2178 340 2197 ‚
364 2156 461 2201 quot
488 2157 616 2188 essent
643 2150 798 2189 litterae
825 2150 1023 2203 alphabeti
1063 2158 1154 2188 ante
1180 2150 1352 2190 litteram
1382 2154 1440 2190 sui
1471 2166 1544 2191 no-

109 2203 230 2241 minis
258 2202 461 2243 initialem.
533 2204 679 2242 Iisdem
705 2219 864 2258 quoque
901 2204 1150 2244 brumalibus
1177 2206 1327 2244 natales
1366 2205 1544 2245 celebra-

109 2257 209 2295 bant
235 2259 414 2295 virorum
445 2271 489 2296 ex
537 2258 678 2297 ultima
717 2261 951 2312 antiquitate
993 2259 1232 2307 celebrium,
1264 2268 1310 2298 ut
1343 2261 1506 2299 Homeri
1527 2290 1540 2310 ‚

110 2311 363 2362 Archilochi,
398 2311 563 2350 aliorum
581 2341 592 2362 ‚
622 2315 689 2365 qui
717 2329 797 2366 quo
826 2315 889 2353 die
916 2315 997 2352 nati
1032 2321 1101 2352 aut
1128 2315 1209 2352 vita
1239 2314 1415 2353 defuncti
1444 2315 1542 2354 fuis—

107 2374 211 2417 sent,
241 2381 359 2405 nemo
383 2368 481 2405 scire
509 2373 677 2418 poterat.
733 2369 793 2406 lta
820 2371 888 2422 qui
918 2369 1081 2407 Homeri
1115 2368 1286 2407 natalem
1314 2383 1428 2422 agere
1455 2369 1541 2408 vel-

108 2420 166 2459 let
181 2452 193 2470 ,
220 2421 357 2474 epulas
385 2423 468 2459 eius
493 2423 533 2458 in
564 2420 757 2460 honorem
786 2423 850 2461 die
875 2423 1116 2461 brumalium
1135 2430 1204 2461 aut
1224 2424 1336 2462 XIV.
1356 2431 1424 2462 aut
1445 2425 1541 2463 XV.

106 2475 354 2514 instituebat.
386 2476 471 2514 Non
500 2477 605 2513 enim
624 2483 730 2515 certe
760 2484 927 2524 constat,
960 2478 1118 2529 signum
1149 2474 1198 2526 ς’,
1229 2478 1338 2530 quod
1366 2493 1438 2517 sex
1466 2493 1540 2518 no-

106 2536 190 2578 tat,
221 2531 324 2569 inter
350 2531 499 2569 litteras
527 2533 843 2583 computaverint
870 2533 910 2569 in
939 2532 1025 2581 *hoc
1054 2531 1296 2570 brumalium
1322 2541 1535 2587 computo,

106 2595 182 2622 nec
209 2598 276 2624 ne.
333 2585 532 2638 lntelligas
559 2585 652 2623 binc
679 2584 779 2623 illud
806 2585 1073 2638 Anthologiae
1098 2599 1139 2638 p.
1172 2586 1260 2639 175.
1276 2601 1288 2625 ε

273 2647 459 2702 Σήμερον
483 2644 747 2703 Ἁρχιλόχοιο
784 2649 858 2689 καί
882 2641 1053 2703 ἄρσενος
1078 2643 1192 2704 ἦμαρ
1217 2645 1400 2706 Ὁμήρου

274 2704 509 2755 σπένδομεν.
