1832 3126
167 177 243 221 An
279 174 573 223 consum.
610 175 808 219 Pomm.
847 177 919 217 DE
966 174 1148 218 cmm.
1189 176 1290 217 Lm.
1328 176 1361 215 1.
1419 155 1524 230 189

177 281 292 332 alae,
327 283 447 321 cuius
482 294 621 320 verum
655 278 790 319 lumen
821 282 1036 319 extinctum
1060 285 1134 318 est.
1190 277 1368 332 Apparet
1400 276 1521 326 hinc,

90 332 289 389 ἀληθινὸν
314 343 354 375 et
379 350 516 375 vetum
550 335 709 389 proprie
737 334 1015 388 splendidum,
1061 332 1271 386 splendore
1305 332 1448 372 ardens
1483 339 1523 371 et

89 390 227 430 omlos
259 390 404 430 feriens
440 398 602 438 notare,
645 390 824 442 adeoque
854 403 935 428 non
973 395 1132 428 tantum
1166 388 1216 427 de
1249 387 1375 428 rubro
1415 387 1519 436 dici,

87 447 272 500 quamvis
302 444 536 499 plerumque
563 445 614 485 de
646 443 716 484 illo
738 445 895 484 dicatur
913 473 926 494 ‚
973 442 1043 483 sed
1070 444 1191 482 etiam
1219 443 1271 482 de
1300 443 1388 482 aliis
1412 442 1522 482 colo-

88 501 216 539 ribuS.
270 499 375 540 Sane
404 501 512 554 apud
547 499 803 539 Anastasium
834 505 1051 538 occurrunt
1085 499 1298 537 albaverae
1321 513 1520 551 gemmae,

88 554 132 594 id
156 562 216 594 est
242 556 478 610 margaritae
502 555 587 594 veri
607 554 769 593 luminis
799 554 985 605 candidi,
1028 566 1202 607 quorum
1225 553 1376 592 candor
1407 553 1522 594 ardet
1533 552 1642 587 [id-1⁴·
1657 554 1704 588 6⁰

87 615 130 649 et
155 609 293 650 oculos
321 610 587 663 praestringit.
641 609 697 648 V.
727 609 796 647 Du
832 609 967 661 Cange
990 606 1057 647 Gl.
1088 609 1178 647 Lat.
1206 621 1250 647 v.
1278 608 1521 648 Albaverae.

90 663 260 720 *[Conf.
293 663 581 704 Schurzsseisch
608 663 660 703 ad
697 663 862 703 Eusebii
900 663 1127 702 Chronicon
1154 677 1196 716 p.
1219 661 1342 716 93.]*
1396 663 1521 716 Apud

85 719 272 758 Nostrum
307 719 412 758 infra
450 719 643 759 habemus
671 732 713 772 p.
739 720 831 773 37⁰·
866 718 913 758 C.
951 733 985 757 1.
1029 713 1315 771 α’ληθινάεργα
1340 715 1518 771 χροακὰ,

41 807 45 811 .
85 781 212 814 vestes
238 775 328 812 ven·
350 774 508 814 luminis
521 803 534 824 ‚
563 781 634 814 aut
659 775 748 812 ven·
767 775 864 813 iuris·
877 803 890 825 ‚
918 774 1107 813 coloreas.

86 859 90 864 ,
138 827 209 880 48.
224 827 360 893 C.311t.
380 828 469 884 [80,
492 828 583 884 23.]
615 824 854 892 Emeda-520
880 828 933 882 τῇ
957 825 1203 892 πύλῃ..Μοε
1229 834 1342 892 erat,
1357 835 1417 891 ’ut
1437 829 1518 867 Im-

80 889 250 989 Ξῗὲῗζὲἶ
282 890 990 993 Ἐεῖᾘίῗοῖἰῗθῗὲἓῗῑᾞοῗέζῖἓέ
1014 890 1234 978 ifflssffi.
1247 883 1416 992 ζὼὲξίἰῖῗ
1434 898 1518 978 „⁸313

80 993 268 1033 tmnsiret
283 1021 296 1044 ‚
326 994 397 1034 sed
424 1002 517 1034 ante
543 1008 632 1034 eam
659 994 926 1034 descenderet.
985 993 1082 1033 vid.
1108 1008 1150 1047 p.
1176 994 1270 1048 309.
1303 994 1356 1033 A.
1377 1008 1419 1049 7.

189 1048 244 1087 D.
264 1048 306 1088 Ξ.
349 1048 416 1098 81,
438 1049 502 1105 2.]
518 1049 710 1090 Πέτασοι
727 1045 934 1102 πράνδιοι,
962 1049 1161 1100 prauam,
1190 1049 1381 1098 brandia,
1404 1050 1516 1090 bran-

80 1102 178 1142 deae
203 1109 298 1143 sunt
404 1106 491 1156 iae,
520 1105 667 1153 vittae,
703 1106 877 1144 taeniae.
933 1104 989 1143 V.
1018 1104 1086 1143 Du
1107 1104 1240 1158 Gange
1267 1103 1334 1143 Gl.
1364 1106 1437 1144 Gr.
1468 1106 1512 1146 h.

82 1171 126 1197 v.
165 1163 206 1197 et
232 1158 324 1198 Lat.
353 1173 394 1199 v.
425 1159 652 1199 Brandeum
688 1166 729 1198 et
766 1160 889 1199 Goar.
928 1159 979 1198 ad
1023 1159 1263 1214 Theophan.
1292 1173 1385 1213 pag.
1421 1161 1512 1213 196.

78 1211 135 1252 D.
164 1226 203 1252 c.
223 1212 254 1252 f.
311 1213 354 1268 ⁸[
362 1213 409 1254 S.
441 1215 651 1268 Gregorius
677 1215 869 1266 Pontifex
897 1215 1112 1269 petentibus
1146 1215 1333 1270 reliquias
1360 1225 1513 1268 marty-

78 1281 167 1306 rum
189 1268 410 1322 pyxidibus·
431 1270 643 1310 brandeum
666 1269 930 1309 concludebat.
987 1269 1120 1309 Canis.
1141 1270 1193 1309 Τ.
1214 1270 1290 1309 Vl.
1310 1285 1350 1323 p.
1371 1270 1513 1324 swod*

79 1321 266 1362 Proderit
306 1323 359 1363 ad
390 1324 688 1379 intelligendum
715 1324 823 1364 hunc
854 1324 989 1364 locum
1015 1326 1181 1364 citatum
1211 1324 1350 1378 Cangii
1378 1325 1509 1365 Gloss.

78 1377 214 1416 Latin.
246 1379 454 1431 inspicere.
477 1378 666 1419 Πέτασοι
691 1387 825 1419 autem
850 1379 916 1418 hic
943 1379 1194 1433 appellantur
1221 1376 1259 1419 οἱ
1289 1375 1513 1433 πράνδεοι,

76 1437 268 1484 tanquam
297 1433 492 1473 adiectivo
505 1465 517 1482 ‚
557 1435 652 1488 quia
678 1433 782 1474 latae
796 1463 809 1484 ,
854 1448 1049 1487 expansae
1088 1443 1203 1474 erant
1229 1434 1319 1474 illae
1358 1436 1482 1474 vittae
1497 1466 1511 1486 ‚

78 1485 142 1524 vel
170 1487 349 1537 taeniae,
391 1488 739 1538 ἀναπεπταμέναι.
793 1488 985 1541 Apprime
1027 1492 1212 1543 congruit
1248 1503 1324 1528 vox
1359 1490 1514 1529 mediae

78 1539 307 1580 Latinitatis
314 1540 479 1597 flascilo
497 1573 508 1590 ‚
538 1543 647 1596 quod
674 1543 782 1581 aliud
802 1543 902 1582 nihil
930 1550 988 1582 est
1014 1558 1136 1596 quam
1164 1544 1352 1592 πέτασος,
1380 1546 1512 1584 taenia

78 1594 179 1634 lata.
235 1597 457 1636 Monachus
485 1598 528 1637 S.
558 1597 754 1636 Gallensis
779 1598 830 1637 de
856 1598 999 1637 Carolo
1025 1599 1084 1638 M.
1108 1600 1157 1637 L.
1187 1598 1241 1636 II.
1259 1612 1296 1636 c.
1319 1597 1412 1649 4¹st
1444 1599 1511 1639 Ita

77 1657 123 1688 ut
144 1650 394 1691 nobilzbribus
428 1653 707 1707 quibuscunque
736 1661 805 1691 aut
836 1653 1005 1692 baltheos
1020 1683 1032 1704 ,
1075 1663 1145 1693 aut
1154 1653 1388 1709 fhscilones
1413 1668 1510 1708 pre-

75 1705 248 1760 tiosaque
280 1708 506 1746 vestimenta
542 1722 569 1746 a
602 1708 787 1746 latissimo
818 1709 982 1762 imperio
1021 1708 1089 1762 [id
1115 1715 1174 1748 est
1201 1707 1440 1761 amplissimo
1469 1716 1510 1748 et

30 1801 33 1803 ,
75 1761 270 1799 maximo:
324 1775 419 1800 nam
444 1769 491 1801 ut
517 1761 648 1801 adhuc
675 1762 795 1801 hodie
822 1763 963 1816 Belgae
990 1763 1108 1802 breed
1132 1777 1206 1817 pro
1237 1777 1407 1815 magno,
1451 1765 1508 1804 sic

76 1814 212 1854 Latini
237 1815 370 1856 medio
397 1831 496 1858 aevo
523 1817 644 1856 latum
680 1831 753 1870 pro
781 1831 925 1870 magno
953 1818 1154 1858 dicebant.
1209 1818 1401 1870 Designat
1434 1819 1508 1858 im-

73 1870 232 1921 perium
260 1870 515 1924 CPtanum.]
554 1872 712 1926 perlata
746 1872 928 1912 distribui
954 1873 1111 1912 iuberet.
1170 1873 1262 1911 Sive
1282 1871 1428 1911 latinae
1455 1875 1508 1913 sit

74 1924 238 1978 originis
263 1939 340 1965 vox
359 1927 524 1982 flascilo
552 1934 592 1966 et
619 1941 644 1966 a
660 1926 872 1982 flagellum
909 1928 1123 1981 repetenda
1139 1957 1151 1978 ,
1188 1929 1272 1967 sive
1298 1928 1508 1968 Germani-

75 1991 145 2017 cae
163 2008 175 2029 ‚
205 1986 245 2019 et
273 1980 427 2036 aflad,
451 1983 579 2037 plait,
613 1983 787 2037 planus,
821 1983 950 2034 (unde
966 1982 1141 2038 sladen,
1170 1982 1372 2032 πλακοῦς,
1397 1983 1506 2038 flat-

56 2034 186 2072 ..seben
201 2063 217 2083 ,
257 2033 389 2088 πλάξ,
413 2039 620 2092 planities,
659 2038 830 2091 spatium
856 2037 936 2076 late
962 2037 1175 2091 pansum,)
1211 2051 1366 2090 semper
1392 2046 1506 2078 notat

73 2088 242 2140 prandia
268 2098 402 2142 petasa
418 2122 429 2139 ‚
465 2106 536 2131 seu
562 2093 712 2132 taenias
743 2092 841 2132 latas
855 2123 867 2143 ‚
896 2092 975 2132 late
993 2093 1191 2146 explicitas
1205 2123 1215 2140 ‚
1246 2091 1380 2145 qualia
1406 2092 1504 2133 olim

75 2142 121 2181 in
151 2144 327 2198 corrigiis
355 2146 576 2186 calceorum
589 2177 601 2198 ‚
636 2148 740 2187 infra
767 2161 896 2201 genua
910 2179 920 2196 ‚
954 2155 994 2187 et
1024 2148 1065 2186 in
1093 2147 1195 2186 collo
1223 2154 1374 2200 gestare
1399 2148 1503 2188 sole-

72 2195 172 2236 bant
190 2228 202 2249 ,
246 2200 362 2239 breite
399 2201 609 2254 Sclzleg'fi’n.
666 2202 785 2242 Tales
821 2210 974 2255 petasos
1011 2217 1081 2242 seu
1110 2202 1208 2241 latas
1234 2205 1383 2242 taenias
1411 2205 1502 2257 equi

73 2253 254 2293 cruribus
278 2255 460 2309 alligatas
487 2257 621 2296 videre
650 2265 708 2296 est
732 2259 772 2296 in
795 2272 918 2296 numo
948 2256 1135 2296 Balduini
1167 2257 1334 2296 Flandri
1348 2287 1359 2305 ‚
1395 2259 1499 2311 Imp.

75 2304 245 2370 (JPtani‚
278 2311 384 2363 apud
411 2312 478 2378 Qu
504 2312 637 2365 Cange
659 2313 710 2352 ad
732 2311 916 2352 Alexiad.
944 2327 986 2366 p.
1007 2312 1102 2352 206.
1122 2342 1134 2365 ‚
1163 2313 1234 2352 ubi
1261 2314 1325 2352 vir
1353 2313 1500 2354 doctis-

71 2367 502 2475 s¹musDP¹7tl‘{g¹1„ssl5(,.b{
520 2374 957 2476 ἓνῖἲρζεῒαταφράκτων.
1010 2423 1070 2461 Μ.
1109 2419 1498 2477 ὖποκαταφρὰκτων

73 2477 155 2518 una
179 2486 293 2513 voce.
344 2471 446 2514 ‘Turi
477 2477 518 2514 in
544 2475 619 2516 hac
657 2479 941 2531 compositione
967 2485 1080 2516 notat
1108 2477 1211 2516 idem
1252 2486 1372 2532 atque
1411 2475 1494 2518 α’πὸ

72 2523 136 2563 vel
167 2524 298 2579 μετὰ,
353 2537 399 2568 ut
432 2531 473 2569 in
512 2525 790 2582 ὗπόβλαττον,
836 2533 945 2586 quod
976 2539 1036 2571 est
1073 2546 1095 2571 e
1121 2531 1247 2572 blatta
1284 2533 1348 2573 vel
1375 2534 1500 2572 serico

73 2576 222 2620 factum
240 2613 251 2630 ‚
280 2583 344 2623 vel
371 2587 540 2624 sericum
565 2600 700 2625 secum
726 2587 863 2637 habet,
898 2581 1152 2640 ὗποφιιὶλιν,
1181 2584 1494 2640 ὖποκαμπάγιν,

75 2634 183 2698 (111Οᾴ
210 2651 301 2677 cum
326 2639 496 2692 phialis,
527 2655 620 2680 cum
637 2643 834 2695 campagis
861 2649 948 2693 est;
991 2642 1047 2681 ita
1064 2656 1222 2696 quoque
1249 2641 1372 2690 ἵππος
1397 2641 1494 2681 ὕπο-

70 2698 360 2744 Ζαταφρακτος
388 2702 472 2749 est,
500 2696 569 2750 qui
598 2711 691 2736 cum
717 2694 994 2752 καταφράξει,
1020 2704 1151 2738 totum
1168 2712 1312 2753 corpus
1338 2705 1494 2752 tegente
