1884 3132
308 111 417 186 592
581 134 653 175 10.
697 134 802 175 IAC.
847 137 1040 177 Rssisml
1090 137 1464 183 comffiNTAmi

308 237 405 274 stica
433 234 620 275 sellarum
663 241 900 292 equinarum
939 242 1003 295 figi
1026 273 1036 290 ‚
1083 251 1175 282 sunt
1215 251 1390 283 setarum
1417 250 1488 284 aut
1521 259 1743 299 pennarum

306 290 518 329 fasciculus
547 291 587 331 in
617 294 697 332 imo
726 304 941 348 angustus,
984 299 1023 336 in
1063 313 1218 337 summo
1247 299 1351 338 latus
1379 300 1419 338 in
1446 299 1603 342 orbem.
1658 303 1742 342 Pro

309 347 393 385 tusa
425 349 517 409 'tv-fic
554 349 651 388 dixit
688 351 882 400 Zonaras,
903 359 948 390 ut
970 353 1099 391 locum
1122 355 1320 393 inveniret
1347 353 1612 409 etymologiae
1636 370 1746 397 suae.

307 402 537 455 Κατηγαγε
564 401 791 456 θρίαμβον,
814 409 891 457 ait,
922 408 972 446 de
1000 407 1146 446 Basilio
1176 410 1274 462 lmp,
1293 409 1485 462 loquens,
1514 409 1638 466 τιάρᾳ
1652 425 1745 451 ται·-

306 453 473 505 νιωθεῖς
503 456 652 514 ὀρθίᾳ,
696 457 747 516 7‘7‘31
786 458 926 514 τύφαν
965 465 1088 502 καλεῖ
1117 460 1140 501 ὅ
1175 462 1387 516 δημιώδής
1414 461 1486 504 καί
1511 462 1641 513 πολὺς
1670 459 1744 506 ἄν·

303 513 502 563 θρωπος,
532 509 665 568 τύψον
694 517 810 567 οἶμαι
838 514 1135 571 αἷιόλιιασμέιήν
1153 548 1164 569 ,
1204 516 1262 565 ὥς
1297 519 1568 573 τετυφῶσθαι
1603 519 1746 560 ποιοῦ-

305 581 385 631 σοξν
415 565 513 616 τούς
540 565 670 623 ταύτῃ
701 569 1023 622 ἀναδουμένους.
1053 574 1176 612 Putat
1196 589 1338 627 nempe
1354 589 1436 613 non
1453 582 1560 614 recte
1577 590 1601 614 a
1619 575 1742 630 vulgo

305 636 448 677 τυφαν
475 624 553 663 dici
574 656 583 674 ‚
616 626 736 680 idque
765 627 1029 680 depravatum
1057 643 1142 668 esse
1163 644 1207 668 ex
1227 632 1393 682 antiquo
1413 632 1577 669 nomine
1594 627 1745 685 τύφος,

303 693 384 731 quo
411 687 559 718 rectam
589 681 693 720 hanc
722 683 989 722 acuminatam
1016 684 1159 722 tiaram
1188 692 1342 724 veteres
1369 685 1460 724 ideo
1489 685 1744 739 appellarint,

303 735 412 786 quod
442 735 621 775 homines
649 733 786 791 τύφου
808 767 820 788 ,
848 738 974 777 fastus
1002 739 1140 791 plenos
1166 739 1329 780 faceret.
1358 740 1437 779 Sed
1464 748 1523 780 est
1550 755 1626 780 vox
1641 741 1743 780 Per-

303 792 384 828 sica
413 805 435 828 a
462 800 529 844 tug
554 791 616 830 vel
644 802 710 845 tog
736 801 938 846 corrupta.
997 794 1135 833 Solent
1152 796 1293 834 Graeci
1322 807 1347 846 y
1373 798 1416 834 in
1445 809 1476 849 φ
1505 803 1546 835 et
1570 797 1744 836 vicissim

300 853 471 884 mutare.
545 846 603 885 Ita
644 848 790 898 σαῦμα
835 849 902 900 (id
929 858 987 888 est
1014 852 1147 900 sffna
1185 851 1406 889 secundum
1443 852 1622 904 ipsorum
1649 866 1744 905 pro·-

302 902 610 953 nuntiationem)
640 902 779 942 dicunt
805 918 878 956 pro
905 902 1073 956 σάγμας
1113 902 1346 957 εὔλυτροῦν
1386 920 1460 958 pro
1488 904 1741 959 ἐκλυτροῦν;

302 956 468 1008 Χρίπος
497 972 570 1010 pro
600 952 785 1010 Εὔριπος
802 988 812 1003 ,
846 959 1028 1014 Est‘ipus.
1096 960 1244 999 Adhuc
1284 960 1404 1000 hodie
1431 961 1591 1000 Turcae
1617 960 1742 1000 vexil-

298 1021 385 1062 lum
412 1023 538 1061 cauda
569 1024 714 1077 equina
741 1038 763 1062 e
804 1026 945 1063 sarissa
973 1024 1110 1063 suffixa
1140 1025 1289 1064 factum
1318 1023 1430 1086 ξέν’,
1467 1035 1556 1079 mg,
1605 1026 1742 1080 appel-

301 1086 414 1138 lant3
448 1096 588 1128 contra
620 1097 773 1128 veteres
805 1091 1026 1142 Germani,
1058 1091 1180 1144 Angli
1206 1091 1270 1130 vel
1301 1091 1597 1145 Anglosaxones
1625 1099 1664 1131 et
1690 1092 1743 1132 ab

299 1142 379 1182 illis
418 1144 588 1183 Romani
634 1144 767 1183 vexilli
805 1160 928 1197 genus
958 1160 978 1184 e
1024 1147 1213 1185 consertis
1257 1146 1428 1199 pilorum
1462 1146 1744 1200 plumarumve

300 1199 495 1238 fasciculis
524 1208 709 1239 constans
737 1203 862 1252 tzffizm
891 1200 1177 1254 appellabant3
1210 1202 1292 1240 vid.
1319 1203 1387 1240 Du
1417 1202 1549 1255 Gange
1577 1217 1617 1242 v.
1658 1203 1741 1242 Τιι-

279 1256 370 1307 fa,
400 1255 556 1294 Frisch.
590 1256 631 1296 in
657 1256 753 1293 Lex.
784 1257 922 1294 Germ.
961 1270 1002 1294 v.
1031 1255 1184 1309 Zolgff,
1227 1256 1513 1310 Lexicographi
1557 1257 1741 1297 Francici

299 1325 341 1349 v.
378 1311 539 1365 Toupet.
598 1311 635 1349 A
664 1311 749 1362 tufa
777 1309 843 1349 vel
873 1320 968 1364 cupa
999 1312 1106 1349 venit
1135 1321 1295 1365 ιιιτιφα,
1325 1311 1550 1350 bonnetum
1565 1312 1740 1366 quadra-

299 1373 386 1405 tum
416 1365 653 1405 clericorum
673 1396 683 1412 ‚
716 1372 762 1403 ut
790 1380 813 1404 a
855 1368 945 1418 cissa
989 1368 1127 1418 cuczfiz
1142 1381 1157 1415 ,⁰
1187 1381 1228 1404 v.
1251 1367 1320 1405 Du
1342 1367 1477 1420 Gange
1495 1366 1539 1405 h.
1561 1381 1604 1407 v,
1634 1366 1742 1422 *[De

297 1421 426 1474 tupha
456 1422 557 1474 Imp.
596 1435 746 1460 corona
776 1435 816 1459 v.
838 1422 904 1460 Du
923 1420 1055 1474 Cange
1082 1436 1124 1459 n.
1155 1436 1218 1475 ¹7·
1249 1421 1402 1461 dissert.
1430 1422 1480 1460 de
1509 1422 1626 1461 inser.
1652 1424 1743 1463 aevi

299 1477 474 1516 nummis
491 1507 502 1527 ‚
536 1476 778 1516 Wachterus
807 1490 847 1515 v.
872 1475 1021 1530 Zolgff,
1054 1484 1093 1515 et
1127 1478 1327 1529 specimen
1349 1477 1496 1516 codicis
1515 1507 1526 1524 ‚
1556 1491 1638 1531 quo
1666 1492 1740 1517 an-

298 1533 432 1586 tiquus
475 1534 592 1586 po'eta
633 1533 861 1570 continetur
889 1547 912 1570 a
941 1531 1124 1571 Scheidio
1154 1533 1423 1571 Hannoverae
1450 1532 1741 1585 imprimendus

297 1602 342 1640 p.
385 1588 469 1629 138.
530 1583 678 1640 Τοῦφα
708 1594 765 1625 est
796 1602 920 1640 genus
948 1589 1072 1625 tiarae
1092 1616 1104 1636 ,
1149 1602 1227 1640 qua
1256 1602 1351 1627 usus
1380 1586 1574 1638 Basilius,
1613 1602 1740 1640 quum

296 1642 549 1696 triumphum
577 1642 741 1681 duceret
766 1642 815 1680 de
844 1642 1038 1696 BulgariS.
1072 1643 1270 1681 Dufresne
1289 1643 1339 1681 ad
1360 1641 1542 1681 Ioinville
1559 1657 1601 1695 p.
1625 1656 1739 1697 ²92„

298 1699 371 1737 ubi
400 1713 446 1738 ex
473 1699 616 1737 Tzetze
644 1697 753 1736 locus
782 1696 1058 1751 adducitur.]*
1114 1697 1254 1736 Talem
1281 1698 1409 1736 tufam
1450 1711 1520 1736 seu
1560 1697 1740 1751 galerum

299 1754 486 1792 conicum
513 1752 578 1792 vel
606 1753 895 1806 pyramidalem
923 1768 1015 1792 curn
1049 1753 1167 1792 crista
1195 1754 1299 1791 iuter
1326 1753 1494 1806 insignia
1521 1753 1633 1806 regni
1659 1767 1738 1792 nu-

299 1817 426 1848 merat
438 1811 585 1862 Georg.
604 1809 837 1862 Acropolita
849 1809 1041 1848 Chronic.
1074 1823 1110 1846 c.
1134 1823 1147 1846 1
1162 1823 1195 1846 1.
1212 1837 1223 1857 ‚
1245 1808 1316 1846 ubi
1343 1808 1427 1847 vid.
1446 1807 1736 1861 Georg.Dusa.

409 1876 455 1914 C.
485 1890 519 1913 1.
543 1873 658 1929 [5o5‚
686 1874 766 1928 19.]
804 1872 957 1927 μικρὸν
997 1873 1043 1913 δὲ
1080 1873 1154 1925 τῆς
1182 1869 1336 1926 πόρτης
1362 1869 1607 1927 πεφθακώς.
1663 1873 1740 1912 Est

290 1945 438 1986 parum
467 1932 573 1969 ultra
588 1939 749 1983 portam
769 1939 935 1969 evectus.
991 1929 1173 1969 Eandem
1200 1929 1362 1981 quidem
1388 1929 1650 1978 sententiam,
1667 1928 1739 1967 sed

298 1985 483 2038 ambigue
513 1987 555 2024 in
584 1986 734 2024 Latinis
761 1987 950 2038 expressi.
1009 1983 1114 2023 Illud
1142 1983 1338 2035 alterum,
1375 1991 1420 2022 ut
1445 1982 1614 2034 clarius,
1643 1997 1738 2037 sup—

298 2042 395 2095 poni
426 2040 575 2079 malim.

380 2111 474 2150 292.
498 2095 550 2135 A.
570 2109 607 2147 7.
626 2095 738 2149 [506,
762 2093 846 2150 17.]
878 2092 1116 2134 πούλπιτον.
1175 2093 1284 2133 Ante
1312 2092 1503 2146 palatium
1531 2099 1617 2131 erat
1642 2091 1738 2145 pul-

298 2154 430 2205 pitum
458 2166 527 2190 seu
554 2157 759 2204 suggestus
778 2181 788 2197 ‚
820 2150 939 2189 etiam
969 2151 1119 2188 Zosimi
1149 2150 1230 2188 iam
1260 2155 1466 2201 tempore,
1492 2148 1564 2202 qui
1590 2149 1639 2188 L.
1661 2147 1733 2187 IV.

299 2221 335 2246 c.
360 2207 400 2246 6.
432 2203 475 2245 τὸ
504 2202 581 2257 πρὸ
612 2205 686 2258 τῆς
718 2204 850 2257 αι”λῆς
877 2204 994 2256 βῆμα
1025 2203 1214 2258 appellat.

409 2273 456 2311 Β.
483 2273 521 2311 3.
546 2270 662 2325 [50],
685 2269 739 2323 2.]
771 2266 971 2309 ἀνελθών.
1028 2270 1182 2323 Nempe
1210 2270 1250 2308 in
1278 2267 1503 2322 pulpitum,
1534 2266 1641 2322 quod
1667 2279 1736 2305 co-

298 2342 386 2367 ram
413 2325 548 2367 chalce
577 2333 820 2365 exstructum
849 2332 934 2364 erat
962 2333 1001 2363 et
1032 2326 1073 2364 in
1100 2325 1294 2364 thronum
1330 2338 1452 2376 super
1481 2325 1555 2363 isto
1581 2321 1736 2375 pulpito

298 2383 553 2422 collocatum.
609 2381 682 2420 Est
711 2388 844 2419 autem
871 2379 1072 2433 pulpitum
1100 2381 1230 2426 idem,
1279 2379 1388 2432 quod
1414 2378 1530 2429 βῆμα
1551 2407 1562 2425 ,
1593 2390 1735 2429 sugge-

295 2445 379 2476 stus
409 2437 580 2477 excelsus
599 2466 609 2483 ‚
653 2451 676 2476 e
713 2450 795 2489 quo
833 2436 1087 2488 magistratus
1115 2443 1184 2474 aut
1214 2436 1436 2487 Imperator
1462 2432 1586 2471 verba
1612 2431 1735 2469 facie-

295 2491 379 2531 bat.
441 2492 574 2530 Latini
604 2491 723 2530 medii
753 2492 840 2529 aevi
869 2491 1122 2542 arengariam
1147 2489 1402 2543 appellabant
1429 2487 1480 2525 ab
1506 2486 1734 2538 arengando

298 2561 364 2584 scu
389 2547 634 2601 perorando.
695 2546 860 2597 „Luogo
901 2546 1068 2583 dinanzi
1105 2546 1149 2583 al
1179 2545 1348 2599 palazzo
1364 2571 1374 2588 ,
1418 2541 1538 2590 dore,
1576 2541 1734 2596 quando

296 2611 461 2639 εητιάυα
495 2602 536 2639 Ia
573 2602 760 2653 Signoria
772 2630 783 2648 ‚
818 2601 851 2637 il
890 2600 1059 2639 Podesta
1097 2600 1210 2638 salico
1241 2601 1282 2636 in
1314 2597 1512 2648 bigoncia,
1545 2597 1613 2634 che
1656 2597 1739 2634 cosi

295 2657 330 2691 si
366 2657 577 2693 cltiamava
604 2657 694 2709 quel
713 2656 867 2709 pulpito
895 2654 943 2693 di
964 2668 1156 2708 pergamo
1191 2652 1358 2691 d'entrel
1380 2651 1494 2704 quale
1531 2663 1734 2703 arengava

295 2725 316 2746 e
338 2710 496 2758 silceva
538 2725 590 2748 ιυι
620 2709 843 2749 orazione.'’
869 2708 966 2747 Vid.
984 2709 1048 2746 Du
1083 2708 1217 2760 Gange
1243 2704 1310 2743 Gl.
1334 2705 1382 2744 L.
1411 2719 1452 2744 v.
1490 2705 1731 2758 Arengaria.
