1884 3132
192 132 267 175 An
305 130 605 174 cons'rmr.
630 129 827 172 Pomm.
856 130 929 170 DE
962 127 1145 171 cmm,
1182 128 1283 168 Lm.
1321 127 1376 168 11.
1423 104 1536 162 613

111 246 202 283 ριον
225 235 298 287 τῆς
321 229 534 281 θεοτόκου,
566 233 652 272 aliis
677 240 736 272 est
752 226 980 286 μαφόριον,
1004 231 1100 270 item
1126 228 1294 270 salmas.
1315 227 1367 269 ad
1390 227 1538 283 Script.

111 288 166 328 H.
193 289 299 342 Aug.
325 290 377 328 T.
400 289 453 327 11.
473 303 514 341 p.
535 287 632 339 542.

222 344 279 382 D.
302 345 341 383 5.
369 343 480 397 [529‚
508 342 593 397 ¹9⁸]
649 341 780 381 Codex
809 339 932 380 babet
957 339 1002 380 ἒν
1030 333 1131 392 ἄλλῃ
1157 339 1285 379 τοι’νοι
1309 329 1377 378 ἂν.

195 398 287 438 506.
307 398 356 436 C.
377 398 418 437 6.
452 397 568 452 [531‚
589 395 651 450 5.]
673 396 859 447 τεθῆναι.
915 394 1018 434 Cod.
1046 395 1229 433 τεθεῖνα.

220 453 269 491 C.
289 466 329 506 7.
361 450 557 506 [531‚6.]
595 445 841 489 ἅποκοπτὸν.
910 450 1035 502 Saepe
1063 450 1237 488 occurrit
1264 447 1364 487 haec
1394 461 1470 487 vox
1497 448 1541 487 in

113 513 250 546 nostro
288 505 576 553 Ceremoniali,
618 504 849 558 praesertim
904 503 1025 544 dictio
1072 502 1258 555 τράπεζα
1301 498 1540 555 α’ποκοπτὴ,

111 575 247 600 mensa
281 569 536 615 sequestrata,
566 566 612 598 ut
638 559 771 598 Latini
801 557 919 597 medii
956 559 1045 597 aevi
1086 557 1352 610 loquebantur
1372 586 1386 609 ,
1414 557 1456 596 id
1483 565 1543 596 est

114 615 318 670 aliquanto
345 617 644 668 spatio.semota
658 642 670 663 ‚
700 620 897 666 separata,
924 613 1075 652 distans
1103 626 1127 650 a
1163 611 1326 665 reliquis
1340 641 1353 662 ‚
1381 613 1544 651 remoti-

113 684 186 720 or,
213 677 259 708 nt
292 670 388 709 dixit
416 668 593 707 luvenal.
623 669 757 721 Satyr.
787 668 904 706 Vlll.
939 667 1054 721 ¹76⁷:
1087 668 1305 706 commzmia
1324 667 1467 721 pocula
1484 667 1544 704 le-

114 733 196 762 ctus
215 724 406 764 Nonalius
429 725 612 778 cuiquam
626 751 637 773 ,
671 737 740 761 nec
771 736 904 760 mensa
931 723 1115 760 remotior·
1143 721 1232 760 ulli.
1287 721 1359 760 lta.
1386 735 1426 774 p.
1445 721 1541 772 546.

113 779 162 818 Β.
180 778 243 818 5.:
271 777 433 818 ἵσταται
471 773 703 823 ἀποκοπτὸς
747 771 803 822 ὥς
844 771 927 815 α’πό
970 772 1144 828 ὄργυιἀς
1179 775 1295 825 μιᾶς.
1353 774 1544 814 Solebant

113 832 208 872 illae
234 839 498 886 sequestratae
524 846 681 870 mensae
706 838 746 871 et
772 830 956 871 subsellia
993 837 1236 883 sequestrata
1261 829 1405 869 altiora
1433 844 1541 877 esse,

113 887 235 940 idque
261 901 307 926 ex
333 888 485 926 oriente
513 887 692 925 ductum.
769 885 1028 925 Parthorum·
1057 885 1163 924 enim
1192 898 1303 938 reges
1335 884 1402 938 ἐφ’
1430 882 1546 936 ὑψη-

114 942 190 994 λῆς
226 939 364 994 κλίνης
396 941 649 991 κατέκειντο,
689 947 728 980 et
766 942 896 979 vocati
934 941 1050 979 amici
1078 953 1147 978 seu
1176 941 1370 979 convivae
1405 937 1547 990 χαμαὶ

87 1028 90 1031 .
115 993 426 1047 ὑποκαθήμενοι
451 992 497 1035 τὸ
537 993 807 1048 παραβληθὲν
836 994 998 1034 κυνιστὶ
1024 993 1250 1043 ἐσιτοῦντο,
1279 1001 1326 1033 ut
1351 995 1406 1032 ait
1417 994 1545 1034 Athe-

115 1063 238 1089 naeus
264 1064 306 1103 p.
327 1049 416 1090 152.
459 1050 552 1090 fine.
611 1050 687 1088 Hic
715 1056 848 1088 autem
885 1055 1172 1102 sequestratum
1208 1062 1415 1087 scamnum
1448 1063 1466 1087 s
1497 1063 1545 1086 n·

116 1103 206 1143 celli
233 1104 424 1144 humilius
450 1113 533 1154 est,
560 1119 682 1158 quam
708 1103 980 1158 patriarcbae3
1009 1111 1050 1143 et
1090 1105 1123 1143 si
1150 1103 1313 1158 quidem
1346 1117 1466 1156 synce
1485 1103 1544 1142 lus

117 1173 221 1198 unus
248 1166 373 1208 esset,
415 1159 582 1199 sedebat*
620 1161 663 1198 in
704 1160 862 1198 sinistra
895 1158 1143 1212 patriarchae
1161 1189 1174 1207 ,
1217 1159 1249 1197 si
1278 1173 1373 1197 vero
1413 1158 1545 1197 adbuc

119 1213 221 1252 alius
256 1214 424 1264 adesset,
465 1217 571 1265 (nam
609 1228 699 1253 cum
737 1221 914 1266 tempore
951 1212 1191 1266 vulgabatur
1228 1212 1294 1252 ille
1327 1212 1469 1252 titulus
1506 1219 1548 1251 et

117 1267 236 1307 multi
261 1269 532 1321 metropolitae
562 1283 653 1307 eum
679 1268 998 1320 adipiscebantur
1012 1272 1038 1317 ‚)
1069 1268 1229 1306 sedebat
1254 1282 1390 1306 recens
1419 1267 1547 1306 hono-

120 1329 231 1361 ratus
268 1324 311 1362 in
345 1322 498 1362 dextra.
581 1323 680 1361 Nam
725 1337 880 1374 semper
914 1322 1136 1361 habebatur
1174 1336 1309 1361 recens
1350 1322 1547 1361 honorato

121 1378 396 1429 praerogativa
424 1378 496 1429 τῆς
521 1376 725 1430 προβολῆς
766 1391 834 1415 seu
861 1376 1129 1416 collocationis
1156 1377 1199 1414 in
1225 1377 1428 1429 superiore
1458 1375 1547 1415 loco

123 1445 220 1484 prae
259 1430 346 1471 aliis
381 1431 556 1470 eiusdem
593 1431 745 1469 ordinis
774 1432 853 1468 iam
890 1432 1101 1469 veteranis.
1158 1431 1221 1468 De
1249 1444 1383 1469 mensa
1411 1444 1551 1485 seque-

123 1493 248 1527 strata
279 1487 568 1538 Imperatorum
605 1485 700 1523 alibi
739 1485 880 1537 agendi
908 1485 983 1524 erit
1010 1483 1135 1523 locus.
1191 1485 1267 1523 Hic
1294 1492 1451 1523 tantum
1478 1499 1552 1522 no-

122 1541 218 1579 tabo
235 1569 247 1591 ‚
274 1542 318 1579 in
352 1541 493 1579 Russia
533 1554 716 1593 quoque,
754 1553 880 1592 quum
909 1539 1038 1578 adhuc
1078 1537 1266 1591 gauderet
1292 1538 1517 1591 patriarcha
1537 1568 1550 1589 ,

122 1594 232 1633 hunc
250 1595 490 1648 praesedisse
517 1595 559 1632 in
590 1595 736 1634 throno
764 1601 935 1648 quatuor
962 1594 1108 1646 gradus
1136 1591 1281 1643 altiori,
1310 1608 1430 1646 quam
1457 1592 1553 1631 reli-

124 1663 296 1702 quorum
332 1649 598 1703 praelatorum
643 1649 778 1693 throni
827 1657 967 1690 essent.
998 1649 1052 1687 V.
1092 1647 1138 1687 V
1132 1649 1315 1690 eriinderc
1346 1647 1556 1687 Russlandc

157 1733 170 1745 .
204 1705 250 1744 15
283 1733 294 1743 .

126 1719 155 1783 Ρ
237 1719 284 1798 C7.
312 1773 374 1799 11.
406 1759 519 1814 [531‚
540 1758 595 1812 9.]
637 1757 674 1799 οἶ
702 1755 892 1811 σύγκελοι
926 1756 1263 1812 προεισέρχονται
1290 1756 1372 1796 τῶν
1398 1771 1554 1810 μητρο-

124 1814 316 1853 πολιτῶν.
343 1815 466 1866 Saepe
484 1817 630 1867 agitata
645 1815 802 1854 videtur
823 1814 939 1853 fuisse
955 1815 1222 1852 controversia
1249 1812 1299 1850 de
1328 1813 1556 1865 praesiden-

126 1869 184 1907 tia
211 1868 276 1906 vel
307 1869 580 1921 praecedentia
607 1871 711 1908 inter
748 1869 942 1922 syncellos
973 1876 1011 1906 et
1038 1867 1308 1920 metropolitas
1317 1879 1342 1917 ,·
1359 1874 1399 1905 et
1414 1881 1556 1919 quam·-

129 1923 190 1960 vis
222 1922 288 1960 hio
323 1923 482 1961 definita
523 1923 708 1963 videatur
747 1924 888 1973 fuisse,
927 1923 1179 1975 tributusque
1218 1920 1295 1960 illis
1326 1935 1444 1973 super
1483 1921 1556 1960 hos

128 1976 297 2028 gradus,
326 1978 530 2016 recruduit
570 1986 704 2017 tamen
748 1978 823 2016 sub
863 1978 1042 2016 Romano
1090 1978 1274 2030 Argyro,
1320 1983 1367 2014 ut
1399 1982 1507 2027 patet
1534 1989 1558 2013 e

128 2030 298 2083 Scylitze
326 2046 367 2084 p.
391 2033 512 2085 ’ρᾶς
542 2030 697 2083 ἐγένετο
735 2028 838 2070 κατὰ
870 2028 944 2083 τὴν
968 2030 1125 2082 ἡμέραν
1157 2032 1231 2081 τῆς
1267 2024 1387 2080 ἆγιάς
1411 2043 1556 2081 πεντην

129 2084 276 2135 κοστῆς
302 2083 465 2138 ταραχὴ
513 2084 583 2124 διὰ
630 2083 704 2134 τὴν
732 2082 944 2138 xci-&edoctu
971 2086 1015 2125 έν
1046 2086 1098 2138 τῇ
1126 2081 1384 2138 λειτουργίᾳ,
1407 2079 1466 2135 μὴ
1481 2097 1558 2120 κα-

130 2138 418 2188 ταδεξαμένων
448 2139 530 2179 τῶν
564 2141 876 2194 μητροπολιτῶν
914 2139 1169 2192 προκαθίσαι
1206 2136 1302 2185 τοὺς
1337 2138 1559 2190 συγκέλους

128 2194 175 2231 ἐν
190 2193 246 2247 τῷ
274 2189 502 2248 συνθρόνῳ.

239 2248 294 2285 D.
312 2247 351 2285 5.
385 2247 502 2300 [531,
529 2246 608 2300 14]
637 2245 821 2287 κάτωθεν
851 2248 935 2287 τῶν
980 2245 1232 2300 μαγῖστρων.
1308 2247 1410 2286 Erat
1435 2258 1561 2298 quae·

129 2300 222 2340 dam
251 2303 454 2354 proportio
497 2301 732 2354 dignitatum
759 2303 1109 2341 ecclesiasticarum
1151 2303 1195 2341 in
1221 2299 1311 2340 aula
1340 2301 1559 2354 Byzantina

132 2370 224 2394 cum
252 2356 388 2394 aulicis
405 2385 418 2405 ‚
459 2362 506 2394 ut
543 2357 738 2408 quaedam
782 2357 941 2395 illarum
977 2356 1214 2408 quibusdam
1260 2357 1403 2394 harum
1432 2361 1560 2394 essent

129 2423 275 2462 pares:
322 2410 431 2462 quod
473 2418 750 2462 argumentum
787 2410 903 2449 latius
939 2411 1190 2463 persequitur
1226 2409 1561 2462 Gletes-elogium:

134 2464 192 2502 sic
217 2471 374 2514 tamen,
403 2472 448 2502 ut
490 2478 644 2516 semper
674 2465 825 2503 aulicae
863 2464 1078 2517 dignitates
1109 2466 1156 2503 iis
1186 2465 1560 2513 ecclesiasticarum,

133 2531 237 2569 quae
263 2519 337 2557 sibi
366 2519 492 2572 gradu
520 2519 708 2570 analogae
738 2525 888 2565 essent,
921 2521 1134 2570 praeirent.
1165 2518 1307 2558 Melius
1334 2533 1426 2570 ergo
1445 2519 1563 2556 Grae-

132 2584 208 2609 ·cus
232 2572 384 2623 clerus,
426 2587 546 2626 quam
575 2573 763 2622 Latinus,
801 2586 955 2610 memor
995 2579 1081 2610 erat
1116 2575 1312 2627 praecepti
1339 2571 1484 2611 Christi
1509 2571 1562 2610 de

136 2622 360 2665 humilitate
390 2634 429 2665 et
456 2627 674 2666 imitatione
706 2625 965 2679 simplicitatis
995 2627 1157 2678 puerilis
1186 2635 1224 2667 et
1274 2625 1561 2669 contemnendo

139 2677 290 2718 ambitu
325 2694 492 2735 pompae
534 2682 790 2734 mundanae,
830 2682 1013 2734 quamvis
1050 2689 1325 2735 paupertatem
1359 2693 1563 2733 uon-pro·-
