1884 3132
332 116 446 191 478
561 134 734 177 comm.
759 136 834 178 An
874 137 1275 183 CONST.PORP11.
1294 143 1369 183 m:
1398 142 1519 185 cen.
1542 145 1590 186 L.
1623 148 1657 187 1.

332 237 488 292 explere
515 239 837 280 terminationem
865 242 974 280 vocis
999 241 1120 281 huius
1159 257 1232 296 per
1271 243 1552 297 compendium
1578 248 1621 286 in
1648 261 1775 288 mem-

330 294 466 333 branis
495 303 694 334 exaratam
711 327 722 343 ‚
753 296 862 349 quod
890 298 1044 350 assequi
1072 311 1155 336 non
1187 297 1309 338 valui.
1369 300 1469 339 Nam
1497 301 1607 354 quod
1635 303 1675 343 in
1694 305 1770 343 La-

331 351 425 389 tinis
451 350 575 399 dedi,
604 365 686 390 non
711 353 985 406 interpretatio
1016 354 1125 392 vocis
1153 360 1212 392 est
1231 383 1242 403 ‚
1273 354 1342 393 sed
1370 355 1460 401 ideo
1486 358 1662 409 positum
1679 389 1692 408 ‚
1722 372 1774 398 ne

331 405 496 444 omnino
518 406 619 445 nihil
646 406 844 454 dicerem,
886 421 936 447 ne
964 407 1150 446 lacunam
1177 408 1458 463 relinquerem.
1517 411 1667 452 Sensus
1694 413 1774 453 loci

331 461 545 500 videbatur
573 461 614 502 id
643 462 775 502 saltim
804 463 930 514 ferre,
961 465 1095 502 sinon
1124 462 1318 518 flagitare.
1362 465 1653 518 Compendium
1671 467 1774 508 illud

331 518 402 570 qui
433 519 693 570 exprimeret,
725 525 870 571 typum
899 525 1110 558 stanneum
1138 521 1180 558 in
1206 519 1349 560 forulis
1377 520 1580 561 habebant
1606 521 1768 564 nullum

333 586 480 625 operae
517 574 839 627 typographicae.
895 574 1004 626 Ergo
1043 575 1094 613 ad
1137 583 1284 628 puncta
1318 576 1630 630 confugiendum
1670 586 1771 618 erat.

331 628 434 667 Erat
461 636 595 668 autem
622 630 665 668 in
695 629 831 668 codice
858 630 914 668 sic
942 637 1146 669 exaratum
1172 631 1248 670 hoc
1276 631 1518 671 vocabulum
1536 661 1549 682 ‚
1578 640 1625 672 ut
1652 648 1775 687 supra

331 684 357 722 λ
385 690 507 722 staret
536 698 561 723 τ
582 713 594 735 ,
622 685 738 738 eique
765 685 1049 738 adiungeretur
1077 685 1177 724 illud
1211 688 1430 740 scripturae
1455 688 1738 742 compendium
1760 718 1773 740 ‚

333 739 442 792 quod
471 739 567 779 alias
600 738 772 779 librariis
784 741 945 779 Graecis
974 743 1295 780 terminationem
1323 739 1416 791 κὸς,
1447 739 1497 795 m)
1514 772 1526 793 ‚
1557 739 1654 792 κᾶν,
1675 740 1775 790 κούς

334 801 409 833 etc.
440 794 648 848 designare
677 795 800 843 solet,
834 803 873 834 et
899 796 949 834 ad
978 797 1144 850 figuram
1172 797 1327 836 litterae
1357 799 1378 846 ξ
1405 799 1582 851 proxime
1602 799 1770 838 accedit.

332 849 484 888 Eadem
501 850 567 889 illa
584 858 643 889 est
655 851 796 904 figura,
815 850 868 889 ob
901 866 1022 904 quam
1050 866 1130 891 non
1150 861 1377 906 perceptam
1396 854 1436 891 in
1459 853 1632 906 epistolis
1655 855 1774 907 Igna-

334 905 379 944 tii
414 905 615 945 Thomam
646 907 846 945 Smithum
890 906 1056 945 Iacobus
1098 908 1328 947 Gronovius
1366 909 1480 947 initio
1517 909 1775 962 praefationis

333 959 386 998 ad
416 960 666 1000 Herodotum
698 976 772 1015 pro
802 976 915 1001 more
934 976 1007 1001 suo
1036 964 1164 1002 saevis
1191 963 1320 1002 modis
1348 964 1541 1017 increpat.
1599 963 1776 1005 Multum

333 1029 477 1068 nempe
506 1017 716 1069 ignorabat
754 1024 793 1056 et
834 1018 957 1057 idiota
991 1024 1102 1067 erat,
1146 1018 1215 1071 qui
1259 1033 1341 1057 non
1378 1019 1621 1058 meminisset
1649 1032 1777 1058 πνευ-

331 1072 460 1120 ματιξ
487 1072 594 1110 idem
622 1086 706 1111 esse
733 1080 852 1126 atque
890 1069 1180 1122 πνευματικός.
1237 1074 1323 1113 lam
1350 1074 1525 1114 viderint
1551 1075 1776 1126 doctiores,

333 1126 432 1178 quid
461 1140 505 1164 ex
535 1121 685 1176 ἅπελτξ
712 1127 898 1167 efficiant.
957 1128 1043 1180 Ego
1072 1129 1235 1181 quidem
1265 1129 1367 1169 nihil
1392 1143 1556 1182 prorsus
1583 1129 1776 1180 extundo,

333 1180 541 1234 aliquanto
569 1183 732 1222 meliore
759 1184 921 1222 fortuna
951 1198 1046 1222 usus
1077 1199 1119 1236 p.
1155 1185 1248 1223 522.
1289 1185 1342 1224 D.
1377 1186 1444 1235 5.‚
1474 1184 1544 1223 ubi
1573 1185 1778 1223 membra-

332 1250 410 1274 nae
442 1241 674 1291 quoquein
703 1253 802 1278 voce
830 1237 1040 1292 ἀνθρακιᾷ
1069 1239 1172 1278 hanc
1219 1241 1343 1289 ipsam
1371 1241 1538 1290 figuram
1579 1239 1779 1293 praefere-

334 1290 435 1330 bant
461 1291 646 1344 ἄνθραξ,
680 1293 794 1347 quod
817 1293 926 1334 aliud
954 1307 1037 1333 esse
1064 1302 1184 1349 atque
1214 1293 1425 1350 ἄνθρακιᾷ
1442 1325 1455 1348 ,
1484 1295 1584 1334 mihi
1603 1308 1684 1334 non
1703 1307 1779 1347 po-

335 1353 464 1387 teram
491 1348 743 1402 persuadere.
