1884 3132
350 164 459 219 802
617 179 691 222 10.
734 179 840 222 mc,
887 181 1083 222 amsxu
1133 178 1512 222 COMMENTARH

350 283 486 337 phano
516 283 666 336 neptim
697 284 738 321 in
764 282 1067 322 matrimonium
1095 281 1282 320 ducebat.
1360 282 1570 321 Caeterum
1600 281 1650 321 de
1678 281 1798 322 chri-

352 339 547 377 stianismi
576 337 684 391 apud
711 336 904 388 Bulgaros
949 344 1041 375 ortu
1084 344 1122 375 et
1161 350 1373 390 progressu
1413 351 1456 376 v.
1490 337 1666 376 Fabricii
1707 338 1795 377 Lux

350 392 563 447 Evangelii
590 408 629 446 p.
659 391 754 444 480.
785 390 880 442 481.
909 392 1113 430 Ccdrenus
1142 407 1183 445 p.
1213 390 1311 441 468.
1342 391 1388 430 C.
1418 394 1499 431 iam
1543 391 1619 431 sub
1663 393 1799 431 Leone

354 447 535 488 Chazaro
577 449 634 487 ait
669 461 808 486 eorum
846 447 1042 500 principes
1086 447 1205 486 fidem
1237 446 1438 499 amplexos
1482 446 1627 498 fuisse3
1671 454 1799 487 totam

351 517 450 542 vero
492 509 651 556 gentem
686 501 833 541 Christi
874 503 995 540 sacris
1033 502 1228 540 initiatam
1267 501 1343 540 sub
1383 501 1578 541 Michaele
1598 530 1610 552 ‚
1659 501 1800 542 Theo-

354 558 455 612 phili
495 558 603 609 filio,
649 564 688 596 et
716 559 799 596 eius
824 564 951 596 matre
978 556 1219 607 Theodora,
1249 557 1304 595 ait
1331 571 1374 609 p.
1401 557 1492 607 540.
1523 557 1572 596 Β.
1606 556 1652 596 C.
1684 557 1798 597 Basi-

353 613 454 653 lium
490 613 662 666 denique
704 612 964 652 Macedonem
1003 612 1193 665 Bulgaros
1222 613 1262 649 in
1292 612 1369 650 fide
1405 611 1660 651 confirmasse
1691 612 1798 651 idem

353 668 478 707 tradit
517 683 559 722 p.
592 668 684 723 589.
720 667 768 706 B.
800 673 839 706 et
868 668 1027 707 Contin.
1063 668 1201 707 Const.
1232 668 1275 705 in
1310 667 1457 721 Script.
1486 673 1576 721 post
1608 667 1794 721 Theoph.

385 752 395 762 .
425 737 519 763 210.
549 723 643 762 fine.

352 738 380 778 p
473 779 519 817 B.
537 779 581 828 4.
614 777 735 833 [681,
752 776 814 831 6.]
844 771 869 829 ἦ
900 770 1148 827 Αὕγοτῖστα.
1205 777 1343 826 Quare
1360 775 1564 830 Augustae
1589 791 1674 816 non
1703 776 1799 817 item

352 832 495 873 titulus
523 834 638 872 aviae
667 840 736 872 aut
763 832 903 871 matris
944 831 1163 884 spiritualis
1198 832 1406 870 tributus?
1461 832 1569 883 Quia
1607 833 1660 871 ad
1699 831 1799 871 Bul·-

353 888 438 943 gari
471 890 742 941 receptionem
773 902 795 927 e
822 887 1019 940 baptismo
1050 894 1089 925 et
1117 887 1167 925 ad
1197 886 1314 925 fidem
1332 886 1597 926 Christianam
1616 886 1796 927 adhibita

352 958 435 983 non
462 943 605 983 fuerat.
662 944 756 983 Non
785 944 893 982 enim
937 941 1134 981 foeminae
1175 942 1282 995 apud
1313 943 1487 982 Graecos
1530 956 1553 982 e
1592 942 1796 996 baptismo

351 998 505 1039 levant.

462 1053 508 1092 B.
530 1066 572 1106 9.
603 1050 721 1106 [681‚
748 1051 832 1103 11.]
854 1046 891 1089 οἱ
920 1046 955 1089 δ’
986 1049 1221 1102 λογοθέται.
1275 1051 1389 1090 Varii
1419 1059 1513 1091 sunt
1531 1051 1793 1107 Logothetae:

351 1109 395 1147 in
423 1108 551 1161 specie
586 1114 624 1146 et
652 1107 760 1146 nude
787 1107 843 1145 sic
873 1105 1028 1156 dictus,
1058 1105 1154 1144 alias
1185 1106 1406 1159 Logotheta
1432 1107 1573 1146 Dromi
1591 1137 1603 1158 ,
1646 1107 1740 1146 item
1771 1102 1794 1145 ὅ

352 1161 483 1214 μέγας
514 1161 760 1214 λογοθέτης,
790 1168 878 1199 tum
907 1158 928 1198 ὁ
955 1159 1130 1212 γενικὰς,
1159 1160 1363 1201 rationalis
1391 1161 1584 1216 generalis
1611 1176 1681 1201 seu
1709 1162 1794 1202 fisci

353 1217 539 1271 publici,
566 1213 587 1255 ὃ
617 1211 768 1262 εἰδικὰς
787 1246 797 1263 ,
828 1229 964 1254 rerum
992 1216 1238 1268 privatarum
1260 1246 1271 1263 ‚
1302 1214 1323 1255 ὃ
1352 1214 1669 1269 στρατιωτικὸς,
1707 1217 1789 1256 fisci

353 1272 563 1319 militaris,
594 1270 676 1311 τῶν
703 1271 925 1323 σεκρὲτων,
954 1270 1216 1309 tribunalium
1242 1272 1474 1322 variorum,
1515 1269 1540 1310 ὅ
1571 1272 1654 1311 τῶν
1694 1266 1791 1324 ἆγε·

358 1327 458 1376 λῶν,
487 1340 651 1380 gregum
681 1332 758 1364 etc.
812 1325 1011 1372 Putofhic
1039 1324 1205 1380 intelligi
1234 1334 1408 1380 quatuor
1433 1326 1546 1378 illos,
1577 1341 1679 1381 quos
1707 1328 1791 1381 pri-

354 1396 422 1421 mo
447 1382 535 1420 loco
564 1381 785 1420 nominavi.

469 1437 517 1475 C.
539 1436 578 1474 3.
608 1435 724 1490 [681‚
755 1433 837 1488 14]
877 1429 897 1474 ὃ
930 1434 975 1475 ἐκ
1019 1433 1125 1474 θεοῦ
1153 1429 1311 1487 ἄρχων.
1377 1436 1537 1476 Dicitur
1580 1436 1794 1491 Bulgariae

353 1492 538 1545 princeps
566 1498 605 1530 et
621 1491 855 1544 principissa
874 1488 918 1528 ἐκ
942 1490 1064 1541 θεοῦ,
1095 1505 1149 1530 ex
1171 1492 1244 1531 deo
1271 1491 1336 1531 vel
1367 1507 1394 1531 a
1420 1493 1512 1540 deo,
1544 1491 1585 1531 id
1611 1500 1671 1532 est
1695 1507 1792 1545 gra-

354 1548 412 1585 tia
439 1547 506 1585 dei
532 1553 570 1585 et
599 1547 836 1584 auctoritate
863 1545 999 1584 divina
1028 1559 1219 1598 regnare,
1257 1550 1350 1601 quia
1389 1562 1581 1586 consensu
1611 1548 1791 1600 Impera-

355 1602 454 1640 toris
483 1601 623 1640 Graeci
654 1601 872 1654 populique
901 1601 1070 1640 Romani
1098 1603 1281 1655 princeps
1317 1605 1553 1642 constitutus
1594 1610 1634 1642 et
1666 1603 1790 1642 bene-

354 1657 528 1695 dictione
565 1656 815 1709 patriarchae
842 1655 993 1694 CPtani
1020 1665 1270 1697 consecratus
1307 1665 1422 1697 esset.
1479 1659 1622 1696 Omnis
1649 1660 1755 1696 enim
1774 1687 1790 1706 ,

355 1713 425 1764 qui
473 1713 582 1750 iussu
626 1711 881 1764 Imperatoris
916 1718 985 1750 aut
1026 1711 1162 1764 populi
1202 1719 1240 1751 et
1279 1714 1574 1751 consecratione
1615 1712 1788 1751 clericali

355 1767 515 1819 rituque
545 1766 773 1806 Christiano
800 1769 1059 1819 inauguratus
1088 1781 1232 1806 munus
1269 1768 1430 1821 aliquod
1472 1767 1677 1821 publicum
1720 1782 1789 1821 ge-

355 1829 477 1871 reret,
512 1821 552 1860 id
580 1821 625 1860 ἑκ
655 1822 782 1873 θεοῦ,
812 1821 856 1860 ἐν
882 1821 990 1876 θεῷ,
1022 1819 1099 1860 σὺν
1125 1822 1224 1875 θεῷ,
1256 1837 1282 1860 ιι
1307 1824 1381 1862 deo
1400 1853 1413 1874 ,
1442 1824 1574 1875 gratia
1601 1823 1691 1874 dei,
1722 1824 1792 1862 dei

356 1877 510 1915 nomine
541 1883 615 1915 etc.
648 1891 784 1930 gerere
809 1876 1016 1915 dicebatur
1033 1907 1043 1923 ‚
1075 1878 1227 1915 etiamsi
1256 1877 1394 1917 officiis
1421 1878 1680 1931 fungerentur
1705 1892 1788 1917 non

357 1931 660 1970 honestissimis.
720 1932 781 1970 lta
819 1932 926 1984 apud
954 1930 1143 1970 Malalam
1171 1933 1223 1970 T.
1256 1934 1314 1971 ΙΙ.
1355 1948 1395 1986 p.
1431 1935 1521 1972 150.
1563 1933 1710 1986 legitur
1749 1929 1789 1972 οἱ

360 1983 638 2039 φυλάττοντες
655 1983 842 2025 κελεύσει
859 1986 980 2036 θεοῦ,
1010 2001 1064 2025 ex
1081 1986 1281 2026 voluntale
1309 1998 1345 2027 et
1373 1990 1476 2026 iussu
1503 1989 1591 2036 dei,
1632 1984 1677 2027 τὸ
1707 2002 1788 2026 πα-

358 2036 479 2079 λάτιν
507 2039 810 2092 ὲξκουβήωρες,
875 2042 920 2079 In
958 2041 1097 2080 charta
1133 2044 1258 2080 veteri
1298 2044 1403 2096 apud
1434 2044 1630 2082 Murator.
1663 2043 1716 2081 T.
1732 2043 1790 2083 11.

357 2094 458 2133 Ant.
498 2095 586 2134 Ital.
618 2110 655 2148 p.
687 2095 782 2149 807.
811 2103 1025 2134 occurrunt
1052 2110 1116 2135 sex
1145 2097 1325 2137 consules
1363 2098 1648 2151 municipales,
1683 2111 1786 2150 quo-

356 2163 448 2188 rum
480 2150 623 2203 singuli
653 2150 970 2204 subscripserunt
1001 2153 1042 2189 in
1070 2152 1138 2190 dei
1162 2155 1317 2192 nomine
1344 2154 1476 2192 consul
1492 2163 1530 2192 et
1546 2154 1662 2204 dux-3
1689 2153 1789 2195 Τ.Ῑ.

356 2219 398 2257 p.
442 2218 529 2259 ¹97·
558 2204 679 2243 habet
707 2206 812 2244 idem
839 2205 944 2244 hanc
972 2205 1207 2246 formulam:
1249 2210 1399 2263 cepistis
1425 2223 1564 2261 rogare
1591 2218 1629 2246 et
1649 2217 1788 2262 postu-

360 2260 445 2297 lare
476 2274 545 2298 nos
559 2289 570 2307 ‚
618 2259 799 2298 videlicet
824 2261 1016 2311 Ioannes,
1055 2263 1208 2300 domini
1242 2266 1410 2316 gratiam
1447 2265 1755 2318 archiepiscopus
1771 2291 1783 2310 ‚

356 2324 394 2352 et
415 2314 571 2366 Sergius
599 2316 641 2353 in
674 2315 742 2353 dei
769 2317 921 2354 nomine
955 2317 1244 2355 eminentissimi
1274 2319 1423 2358 consuli
1446 2327 1485 2357 et
1516 2318 1609 2356 daei
1621 2347 1632 2368 ‚
1669 2326 1787 2371 atque

355 2369 508 2408 domini
542 2371 673 2423 gratia
701 2371 885 2422 magister
914 2372 1095 2410 militam.
1151 2372 1272 2411 Anna
1303 2375 1506 2413 Comnena
1535 2388 1577 2426 p.
1597 2372 1664 2412 33.
1692 2371 1786 2410 Ale·

354 2424 479 2462 xiadis
545 2439 582 2463 c.
620 2422 706 2463 fin?
737 2424 839 2463 hanc
889 2426 1009 2465 refert
1059 2427 1299 2480 epigraphen
1358 2429 1581 2467 litterarum
1619 2426 1784 2466 Roberti

356 2479 565 2518 Guiscardi
591 2479 640 2518 ad
662 2479 813 2532 Papam
833 2481 1068 2534 Gregorium
1085 2483 1194 2520 VIL:
1226 2483 1282 2535 τῷ
1307 2481 1472 2537 μεγάλῳ
1499 2480 1695 2532 ἀρχιερεῖ
1716 2481 1788 2521 καί

355 2532 483 2588 κυρίῳ
510 2547 592 2584 μου
615 2532 866 2586 Ῥομπέρτος
884 2531 998 2584 Λούξ
1026 2537 1070 2575 ἐν
1102 2535 1199 2591 θεῷ.
1260 2539 1365 2577 Hinc
1392 2545 1483 2575 nata
1510 2534 1681 2574 formula
1710 2550 1785 2574 no—

355 2588 445 2626 stris
476 2589 720 2642 principibus
749 2597 790 2627 et
816 2590 973 2642 regibus
1002 2590 1190 2640 solennis,
1220 2609 1299 2647 qua
1327 2594 1504 2647 apposita
1530 2592 1692 2629 nomina
1712 2605 1784 2631 sua

355 2640 584 2682 illustrant:
624 2644 706 2682 Nos
734 2644 818 2683 Dei
845 2646 1002 2684 Gratia.

467 2696 513 2734 C.
539 2698 578 2740 3.
609 2698 720 2754 [681,
751 2698 833 2752 14]
864 2692 1020 2751 ἄρχων.
1074 2700 1184 2754 Ergo
1212 2701 1280 2740 illa
1314 2707 1440 2739 aetate
1460 2729 1470 2748 ‚
1507 2699 1645 2739 Basilii
1682 2700 1784 2739 sorte

354 2756 394 2788 et
423 2750 594 2803 Leonis,
625 2753 755 2803 adhuc
784 2753 1009 2795 Archontes
1036 2756 1250 2795 audiebant
1275 2755 1534 2811 Bulgarorum
1568 2756 1781 2810 principes.
