1884 3132
318 94 434 159 614
589 110 661 152 10.
710 112 815 154 1Αο.
856 112 1049 154 masan
1089 84 1498 163 COMMENTARIL

315 215 467 265 fessus3
496 221 566 254 aut
592 217 725 269 potius
755 215 943 267 Graecos,
973 224 1117 256 natura
1138 232 1220 256 non
1249 221 1381 260 minus
1429 221 1656 262 ambitIOSos
1693 229 1748 270 et,

314 271 348 308 si
374 269 556 308 libertate
587 285 666 310 non
697 272 914 310 caruissent
931 302 942 322 ,
987 273 1125 312 eadem
1154 288 1319 313 ausuros
1344 290 1436 314 cum
1465 278 1642 324 Latinis,
1681 293 1747 317 re-

313 326 457 377 pressit
493 328 715 377 praesentia
753 327 1058 378 Imperatorum.
1125 329 1240 378 Quae
1277 338 1500 383 sequuntur
1541 332 1747 371 obscurlus

314 379 462 418 tradita
502 394 584 419 non
626 396 769 434 parum
811 383 959 434 negotii
987 382 1086 421 mihi
1115 379 1292 422 fecerunt
1321 387 1508 425 vertenti.
1567 387 1686 436 Quod
1715 387 1749 426 si

314 441 423 483 recte
465 434 688 487 perfecero,
729 436 935 487 laetabor,
982 452 1041 475 sm
1074 446 1207 477 autem
1249 441 1428 488 sinistre,
1468 455 1548 479 non
1584 442 1747 479 mirum.

314 489 552 530 Coniectura
593 494 699 530 enim
745 493 869 545 magis
923 507 1043 545 quam
1081 500 1188 532 certa
1231 496 1394 534 scientia
1443 495 1510 534 hie
1555 496 1773 543 utendum„

316 545 416 583 mihi
445 554 542 587 erat.

398 600 490 654 507.
511 603 557 640 Β.
579 603 618 641 3.
638 601 747 656 [532‚
770 600 823 655 7.]
851 600 1169 641 Κωνσταντίνου
1198 598 1358 654 ἐτήσιος
1384 601 1542 656 μνήμη.
1598 605 1751 644 Memo-

314 655 416 706 riae,
445 656 625 709 μνῆμαι,
656 656 960 709 appellabantur
989 658 1169 697 solennes
1203 672 1295 696 cum
1326 659 1682 711 supplicationibus
1713 667 1754 698 et

315 712 449 764 agapis
477 726 548 750 seu
576 711 782 750 silicerniis
812 714 1000 764 appositis
1033 720 1071 751 et
1104 713 1326 752 distributis
1353 715 1458 752 inter
1485 729 1678 767 pauperes
1710 721 1770 759 etr

314 766 420 818 apud
448 768 607 820 tymbos
636 776 856 820 martyrum
900 775 969 806 aut
1009 769 1050 806 in
1091 768 1310 821 porticibus
1351 768 1605 808 ecclesiarum
1654 783 1773 807 con-e

313 822 452 860 sumtis
485 821 769 862 celebrationes
798 823 1080 862 emortualium
1116 832 1184 862 aut
1214 822 1404 862 natalium
1433 826 1572 863 mortis
1599 831 1777 876 ma1·ty-.

311 889 403 914 rum
447 884 516 916 aut
554 892 718 916 suorum
760 879 901 930 cuique
938 877 1115 917 affinium
1153 880 1359 917 annuatim
1401 880 1577 917 iteratae.
1651 879 1749 920 Vid.

313 930 381 969 Du
410 931 543 986 Gange
571 940 741 986 utroque
771 933 902 971 Gloss.
930 933 972 971 h.
999 948 1040 972 v.
1083 941 1122 972 et
1165 935 1409 972 Muratorius
1446 935 1488 972 in
1533 933 1748 972 Anecdotis

313 986 477 1026 Graecis
505 987 662 1027 dissert.
694 989 743 1027 de
772 987 921 1040 Agapis
949 995 1146 1027 veterum.
1204 990 1340 1038 Quum
1358 990 1490 1040 itaque
1520 988 1749 1027 Constanti-

312 1055 390 1079 nus
420 1043 479 1080 M.
510 1042 574 1080 die
606 1056 673 1081 22.
705 1045 802 1082 Maii
830 1044 999 1093 obierit,
1043 1044 1269 1081 institutum
1300 1043 1374 1081 fuit
1401 1043 1452 1081 ab
1481 1044 1563 1081 eius
1590 1058 1749 1082 excessu

312 1095 383 1134 illo
412 1096 475 1135 die
504 1111 684 1136 annuum
711 1100 795 1137 eius
814 1098 1028 1136 memoriae
1045 1112 1202 1136 sacrum
1221 1098 1364 1136 festum
1385 1127 1396 1147 ,
1424 1097 1608 1150 idemque
1628 1098 1748 1137 simul
1796 1119 1798 1121 ·

312 1151 453 1189 matris
503 1151 678 1191 Helenae
717 1154 931 1192 memoriae
973 1153 1177 1202 dicatum3
1224 1153 1308 1190 vid.
1341 1152 1570 1203 Menologia
1597 1154 1749 1192 Graeca

311 1205 362 1243 ad
393 1207 513 1244 istum
544 1207 664 1246 diem.
723 1207 817 1261 *[In
855 1208 990 1247 codice
1020 1209 1172 1246 Graeco
1202 1207 1410 1246 Basileensi
1439 1207 1486 1246 N.
1507 1209 1573 1258 T„
1604 1210 1750 1260 scripto

309 1262 352 1299 in
381 1274 499 1299 usum
513 1261 679 1302 alicuius
704 1262 904 1309 ecclesiae,
935 1262 1097 1300 additur
1122 1265 1164 1301 in
1192 1264 1385 1314 margine:
1409 1261 1467 1308 εἷς
1483 1258 1558 1314 τὴν
1583 1258 1748 1316 μνήμην

311 1314 389 1353 τοῦ
428 1314 749 1356 Κωνσταντίνου
790 1317 861 1357 καί
892 1315 1081 1368 Ἑλένης,
1121 1332 1223 1370 qnae
1258 1317 1337 1355 duo
1371 1323 1570 1369 postrema
1598 1317 1695 1356 festa
1724 1332 1749 1356 a

312 1371 572 1411 Constantino
601 1380 641 1411 et
668 1372 821 1412 Helena
847 1374 1026 1416 instituta
1055 1373 1189 1422 fuisse,
1219 1386 1264 1410 ex
1283 1371 1546 1410 Ceremoniali
1564 1372 1753 1410 Constan—

314 1426 386 1463 tini
414 1434 593 1478 apparet.
625 1429 822 1471 Wetsten.
861 1427 1090 1480 Prolegom.
1126 1430 1168 1466 in
1210 1427 1263 1465 N.
1297 1427 1348 1465 T.
1381 1442 1421 1480 p.
1452 1425 1552 1480 19.]*
1609 1428 1750 1466 Sintne

311 1479 527 1520 Wetstenii
569 1497 620 1521 an
661 1483 813 1522 Leichii
851 1482 950 1521 haec
979 1482 1127 1532 verba,
1168 1496 1248 1520 non
1278 1483 1510 1534 expediam,
1542 1495 1667 1534 quum
1696 1482 1749 1520 ad

310 1548 476 1574 manum
504 1551 583 1575 non
614 1539 694 1576 sint
715 1538 783 1577 illa
810 1537 1108 1591 Prolegomena.
1163 1536 1320 1575 Vellem
1349 1536 1494 1575 clarius
1520 1544 1560 1575 et
1586 1537 1749 1576 uberius

315 1593 488 1645 exposita
507 1622 519 1643 ‚
549 1592 648 1631 mihi
677 1601 781 1632 certe
810 1607 891 1632 non
920 1594 1082 1631 omnino
1111 1593 1261 1644 pervia.

417 1646 463 1684 B.
487 1646 527 1697 4.
554 1647 670 1702 [532‚
693 1646 750 1702 7.]
766 1644 964 1699 ἐγκαίνια.
994 1647 1217 1686 Dedicatio.
1250 1647 1340 1685 Dixi
1360 1646 1410 1685 de
1428 1645 1552 1685 verbo
1571 1644 1748 1696 ἕγκαινί-

313 1701 400 1750 ζειν
421 1702 470 1740 ad
491 1717 533 1753 p.
557 1717 623 1755 27.
646 1703 691 1741 C.
716 1703 889 1753 Quando
907 1710 1038 1741 autem
1054 1703 1237 1740 encaenia
1261 1716 1342 1740 non
1362 1702 1530 1754 primam
1547 1715 1748 1753 quamque

310 1756 616 1805 dedicationem,
636 1759 704 1797 sed
725 1758 984 1797 dedicationis
996 1764 1224 1796 renovatam
1240 1758 1470 1795 memoriam
1486 1762 1614 1805 notat,
1642 1758 1749 1808 posi-

310 1818 398 1849 tum
417 1819 476 1851 est
503 1826 575 1864 pro
597 1810 830 1852 ἆνακαίνια.
858 1814 1023 1865 Saepius
1045 1811 1301 1850 celebrabant
1313 1811 1516 1858 encaenia,
1548 1824 1629 1848 non
1658 1817 1750 1848 tan-

310 1873 398 1904 tum
432 1866 594 1906 urbium
632 1876 702 1907 aut
738 1868 1013 1916 ecclesiarum,
1062 1866 1130 1905 sed
1160 1869 1279 1905 etiam
1307 1865 1500 1905 natalium
1527 1864 1749 1904 aliorumve

310 1921 494 1972 dierum,
535 1923 680 1975 quibus
714 1926 856 1976 cuique
883 1922 1032 1962 laetum
1073 1921 1224 1973 aliquid
1252 1922 1488 1974 contigisset.
1549 1920 1653 1958 Hinc
1681 1935 1747 1958 en·

308 1977 512 2028 menime,
549 1978 691 2017 hilaria
723 1992 837 2031 agere
856 2009 865 2025 ‚
906 1978 1128 2029 encaenia,
1167 1990 1332 2015 munera
1351 2006 1360 2023 ‚
1405 1990 1506 2028 quae
1544 1975 1748 2013 occasione

310 2031 400 2070 talis
429 2031 639 2072 hilaritatis
664 2033 715 2071 ad
743 2035 892 2072 amicos
921 2033 1162 2079 mittuntur3
1193 2033 1422 2069 encaeniare
1456 2031 1628 2084 aliquem
1645 2059 1656 2079 ,
1685 2029 1750 2067 hi·-

309 2085 447 2124 lariter
477 2086 648 2140 aliquem
681 2090 858 2141 excipere
899 2095 938 2126 et
980 2088 1020 2125 in
1056 2086 1173 2125 lautis
1202 2085 1378 2132 habere,
1409 2085 1460 2124 de
1487 2084 1634 2138 quibus
1663 2084 1746 2122 vid.

310 2141 377 2179 Du
407 2142 538 2194 Gange
567 2142 608 2181 h.
630 2157 668 2182 v.
1110 2157 1114 2163 ’

419 2197 463 2237 Β,
483 2196 522 2247 [i.
546 2196 662 2250 [532‚
684 2197 746 2249 8.]
765 2197 847 2236 τῶν
875 2193 1134 2247 ἱδρυθέντων
1163 2191 1315 2246 τιμίων
1343 2192 1549 2245 σταυρῶν.
1579 2194 1747 2232 Crucem

310 2251 430 2304 figere
450 2281 460 2298 ‚
491 2252 713 2305 depangere
740 2255 780 2290 in
809 2251 942 2304 aliqua
972 2251 1152 2302 ccclesia,
1187 2257 1246 2289 est
1279 2263 1366 2287 eam
1395 2249 1593 2297 dedicare,
1623 2245 1747 2308 cultui

309 2306 447 2345 divino
478 2314 609 2360 aptam
638 2307 862 2355 declarare,
906 2305 1134 2345 celebrandi
1184 2305 1346 2343 veniam
1390 2304 1486 2342 dare
1525 2310 1564 2342 et
1591 2301 1747 2339 initium

308 2360 453 2399 facere.
511 2362 654 2400 Fiebat
682 2362 778 2400 haec
807 2363 934 2400 crucis
965 2361 1056 2398 fixio
1086 2359 1322 2412 plerumque
1350 2358 1425 2397 sub
1445 2358 1553 2396 initia
1573 2362 1746 2394 structu-

310 2428 378 2454 rae
396 2445 407 2463 ,
438 2416 638 2455 interdum
668 2431 826 2470 quoque
858 2416 954 2455 aede
974 2430 1054 2453 lam
1075 2414 1342 2453 exaedificata.
1400 2413 1494 2451 Vid.
1524 2411 1590 2448 Du
1614 2409 1748 2461 Gange

311 2483 354 2507 v.
379 2471 536 2509 Crucem
538 2471 672 2525 figere
702 2479 739 2509 et
768 2466 1092 2523 Σταυροηήγιον.
1153 2467 1375 2507 celebratio
1405 2467 1527 2519 igitur
1554 2464 1748 2503 natalium

289 2523 485 2574 fixarum
516 2528 686 2564 ‹vm-ium
718 2528 759 2565 in
789 2527 926 2579 aliqua
955 2525 1116 2563 ecclesia
1146 2527 1250 2575 (nam
1280 2536 1362 2563 una
1392 2521 1572 2572 pluresve
1592 2533 1663 2571 pro
1685 2519 1748 2557 lu-

307 2576 395 2615 bitu
423 2580 775 2634 depangebantur)
808 2587 866 2620 cst
893 2580 1000 2619 idem
1029 2586 1149 2632 atque
1180 2577 1393 2616 celebratio
1419 2574 1561 2613 natalis
1587 2573 1749 2612 dedica-

307 2631 425 2670 tionis
451 2635 551 2673 eius.

416 2686 459 2723 B.
483 2688 518 2726 5.
543 2688 733 2743 [532‚8.]
764 2688 891 2741 ἐντῷ
907 2687 982 2742 νέῳ
1012 2687 1195 2741 ηαλατίῳ
1225 2684 1300 2724 τοῦ
1327 2680 1475 2724 Βόνου.
1501 2684 1574 2723 Est
1603 2685 1644 2722 in
1670 2683 1746 2722 hoc
