1884 3132
241 101 355 172 248
533 120 609 162 ιο.
657 117 764 162 1Ac.
813 118 1010 160 afflsxn
1049 115 1432 161 commum}

243 224 377 265 tulum
404 215 521 274 ἅγιος
554 221 871 275 Imperator-ibus
903 220 1079 260 CPtanis
1108 235 1134 260 a
1159 222 1241 260 suis
1265 221 1466 260 tributum
1491 219 1594 261 adeo
1622 229 1707 262 sto-

245 280 529 328 macharetur,
551 284 671 330 atque
700 277 818 317 nobis
847 283 906 316 est
924 306 936 327 ‚
951 283 1013 315 .ut
1044 276 1158 316 velut
1191 276 1505 316 abominabilem
1530 277 1678 317 fastum
1692 307 1706 328 .,

247 343 289 375 et
312 332 553 373 Antichristi
586 332 751 385 aliquod
785 333 946 385 signum
981 339 1168 372 notemus
1203 339 1323 386 atque
1343 332 1581 372 damnemus
1610 334 1712 372 titu-

249 389 337 429 lum
368 388 624 428 Sanctissime
647 389 780 427 Pater
802 395 842 426 et
860 387 1063 427 Sanctitas
1105 388 1193 426 Tua
1222 389 1265 427 in
1291 387 1490 427 Pontifice
1512 388 1710 428 Romano.

252 446 315 484 Ut
336 443 509 483 Sanctus
534 442 637 483 nihil
662 443 782 497 plus,
817 457 941 496 quam
973 441 1278 495 inviolabilem,
1309 442 1606 491 venerabilem,
1648 457 1715 482 re-

251 499 478 539 verendum
500 529 512 551 ,
546 500 644 538 item
673 506 925 538 reverentem
963 497 1139 537 aliorum
1182 505 1222 537 et
1275 498 1542 538 abstinentem
1582 498 1659 538 sibi
1692 513 1717 538 a

255 555 495 595 criminibus
527 554 750 608 significat,
775 555 832 594 ita
874 568 954 594 vox
982 568 1146 608 quoque
1180 554 1333 593 Graeca
1369 553 1497 594 nihilo
1529 553 1619 608 plus
1653 555 1717 593 in-

255 611 350 651 fert.
411 609 559 650 Nullus
580 623 707 663 paene
730 617 788 649 est
816 610 995 649 Graecus
1035 609 1218 649 sacerdos
1232 640 1243 660 ‚
1272 611 1340 650 cui
1371 608 1517 649 titulus
1555 611 1719 649 sanctis-

258 668 356 710 sime
380 675 503 721 pater
521 673 560 704 et
584 666 770 704 sanctitas
801 674 870 705 tua
902 679 986 704 non
1014 665 1218 704 tribuatur
1247 665 1384 704 hodie.
1443 664 1556 704 Olim
1595 665 1721 720 perti·-

259 722 386 762 nebat
432 721 485 761 ad
527 721 792 775 Imperatores
833 721 979 760 veteris
1012 720 1179 761 Romae.
1249 720 1508 774 Lampridius
1546 721 1589 760 in
1620 721 1722 760 Vita

261 776 518 830 Heliogabali
549 777 600 816 T.
643 776 678 815 1.
708 775 797 815 Scr.
833 776 941 815 Hist.
961 775 1070 831 Aug.
1108 790 1149 830 p.
1169 775 1265 831 877.
1328 777 1579 816 Constantine
1601 791 1724 816 vene-

263 833 405 886 rabilis
422 860 434 883 ‚
466 833 523 871 ait
544 861 556 882 ‚
582 831 624 871 id
655 838 716 871 est
755 827 848 883 ἅγιε
863 860 876 882 ,
905 846 1026 885 quem
1056 846 1098 886 p.
1124 830 1219 886 795.
1257 832 1514 871 sacratissime
1545 832 1727 885 compel-

260 887 432 928 laverat.
493 886 606 926 Idem
647 888 691 926 in
725 886 957 927 Alexandro
990 887 1139 927 Severo
1177 901 1221 940 p.
1244 886 1340 927 888.
1367 902 1379 926 :
1415 887 1479 927 Ab
1504 887 1598 926 aliis
1623 889 1726 927 Pius

261 942 544 999 appellabatur
561 973 572 991 ‚
627 943 678 982 ab
720 943 896 982 omnibus
939 952 1040 982 certe
1073 952 1227 982 sanctus
1261 951 1301 981 et
1331 943 1438 982 utilis
1467 943 1721 997 reipublicae.

263 997 479 1040 Praeclare
502 997 553 1037 de
583 1012 660 1037 usu
689 999 802 1037 vocis
830 1008 989 1038 sanctas
1016 1012 1090 1052 pro
1120 998 1360 1037 venerabilis
1394 998 1475 1051 egit
1510 998 1729 1038 Salmasius

264 1053 320 1095 ad
353 1053 515 1093 eosdem
549 1053 639 1092 Ser.
672 1053 727 1092 H.
767 1052 822 1093 A.
862 1067 903 1107 p.
925 1053 1020 1107 629.
1044 1053 1099 1093 T.
1125 1053 1179 1092 11.
1239 1053 1335 1093 Pari
1363 1053 1485 1093 modo
1513 1053 1729 1108 appellatio

264 1103 386 1161 ἅγιος
415 1117 455 1148 et
494 1104 616 1161 κύριε
648 1103 874 1162 ἧγιασμένε
906 1109 963 1158 (in
999 1107 1170 1149 Novella
1206 1109 1378 1149 Romani
1412 1109 1580 1148 iunioris
1620 1109 1731 1163 apud

265 1163 483 1207 Labbeum
512 1178 554 1217 p.
586 1163 654 1204 80.
680 1163 767 1215 fin.)
793 1170 878 1203 tam
908 1163 1128 1204 invidenda
1166 1179 1250 1204 non
1289 1171 1375 1214 est,
1413 1171 1453 1204 et
1477 1163 1607 1203 nihilo
1637 1164 1732 1218 plus

268 1233 394 1275 quam
431 1220 698 1258 sacratissima
724 1228 857 1258 vestra
903 1221 1086 1259 maiestas
1129 1227 1244 1259 notat
1257 1249 1268 1268 ‚
1296 1226 1490 1273 tanquam
1517 1221 1550 1259 si
1578 1219 1732 1259 diceres

268 1275 527 1321 vener-abilis,
557 1281 627 1313 aut
652 1274 1002 1323 venerandissime,
1034 1280 1106 1314 aut
1134 1282 1174 1314 et
1193 1276 1394 1315 carissime
1420 1275 1592 1315 domine.
1625 1275 1733 1315 Nam

269 1324 388 1383 ἅγιος
405 1329 458 1369 ab
485 1322 574 1382 ἄγω
595 1328 663 1368 vel
694 1323 812 1379 ἅζω,
843 1324 1023 1380 ἅζομαι,
1046 1330 1176 1380 venit,
1213 1331 1351 1384 magni
1381 1330 1496 1379 duco,
1540 1344 1731 1379 veneror,

269 1385 370 1425 item
396 1379 558 1438 ἄγαμαι
572 1414 584 1434 ,
610 1398 702 1424 amo
718 1415 730 1432 ,
751 1399 888 1424 caram
915 1385 1061 1434 habeo,-
1079 1381 1165 1438 etv?
1203 1382 1257 1438 σή
1290 1380 1457 1438 ἇγιότης
1486 1392 1547 1426 est
1571 1387 1735 1440 proprie

270 1449 341 1480 tua
371 1439 677 1490 venerabilitas,
716 1447 787 1479 aut
821 1449 890 1480 tna
921 1440 1095 1494 dignitas
1109 1469 1126 1487 ,
1152 1439 1218 1481 vel
1250 1448 1291 1481 et
1319 1449 1387 1480 tua
1426 1441 1733 1491 adamabilitas,

272 1503 345 1537 aut
370 1495 537 1535 tandem
571 1503 640 1534 tna
672 1496 975 1535 inviolabilitas.
1034 1496 1247 1536 Caeterum
1277 1497 1328 1536 de
1351 1497 1463 1549 fisco
1492 1495 1616 1550 Agios
1638 1496 1737 1536 olim

273 1550 435 1591 saeculo
474 1550 576 1589 XII.
614 1551 657 1589 in
697 1550 863 1591 ecclesia
897 1551 1188 1592 Mediolanensi
1217 1551 1442 1599 celebrato,
1478 1566 1560 1606 quo
1594 1566 1741 1606 nempe

274 1605 454 1661 hymnus
478 1600 621 1669 a‘ytpc,
647 1597 786 1658 ἅγιος,
802 1601 941 1672 ἅγιος,
964 1607 1029 1647 vel
1055 1609 1176 1647 etiam
1200 1602 1319 1659 ἅγιος
1348 1604 1372 1647 ὅ
1405 1604 1527 1657 θεὸς,
1566 1601 1684 1661 ἅγιος
1716 1602 1741 1647 ὅ

276 1658 485 1715 ἰσχυρὸς,
534 1656 653 1712 ἅγιος
692 1656 714 1699 ὅ
750 1659 994 1710 ἁθανατος,
1041 1673 1195 1702 sanctas
1227 1664 1322 1703 deus
1341 1694 1352 1712 ‚
1395 1671 1551 1702 sanctus
1582 1664 1737 1716 Jbrtis,

277 1726 431 1757 sanctus
458 1716 697 1756 immortalis
712 1746 723 1764 ‚
757 1719 911 1757 cantari
936 1718 1113 1768 solebat,
1150 1719 1248 1759 haec
1266 1717 1450 1773 perhibet
1471 1717 1741 1771 Landulphus

279 1771 414 1813 iunior
447 1771 556 1812 Hist.
585 1771 754 1811 Mediol.
793 1787 831 1812 c.
865 1787 935 1813 22.
958 1788 970 1814 ε
992 1775 1256 1814 Parochianis
1290 1775 1474 1813 ecclesiae
1501 1773 1548 1812 S.
1580 1772 1743 1812 Mariae

279 1841 367 1867 cum
404 1827 603 1867 viridibus
623 1828 846 1879 frondibus
885 1838 924 1868 et
970 1831 1094 1868 ramis
1129 1830 1314 1869 arborum
1348 1827 1524 1868 candelis·
1573 1830 1745 1868 accensis

281 1883 470 1937 illigatis,
497 1883 637 1922 iisdem
656 1892 695 1922 et
712 1885 955 1924 cantantibus
979 1884 1106 1938 Agios
1119 1915 1129 1933 ‚
1164 1894 1331 1940 propter
1347 1883 1609 1940 quodfistum
1641 1883 1745 1923 dici-

283 1946 350 1977 tur
393 1939 444 1978 de
478 1937 628 1991 Agios,
667 1940 776 1993 quod
810 1949 867 1978 est
900 1954 1041 1979 nomen
1082 1940 1162 1979 dei.
1221 1939 1340 1981 Conf.
1373 1937 1577 1993 Menolog.
1618 1939 1743 1979 Basil.

283 1992 336 2032 Τ.
372 1994 406 2033 1.
437 2008 477 2048 p.
498 1993 570 2048 69.
627 1992 769 2047 *[Du0
815 1994 974 2034 diaconi
1017 1996 1153 2048 cappis
1197 1995 1331 2035 rubris
1365 2002 1571 2034 cantantes
1601 1993 1743 2049 Agios.

291 2048 472 2089 Moleon.
507 2063 550 2103 p.
590 2047 734 2104 208.]*
789 2051 843 2089 V.
891 2050 943 2090 de
967 2051 1152 2104 Trisagio
1183 2050 1353 2090 Habert.
1386 2050 1575 2090 Pontific.
1611 2065 1654 2104 p.
1674 2049 1745 2101 64.

288 2103 411 2144 Iuvat
436 2104 514 2144 hac
556 2106 765 2144 occasione
803 2105 982 2145 indicare
1003 2136 1016 2158 ‚
1044 2120 1169 2160 quare
1201 2105 1344 2145 Graeci
1374 2105 1530 2145 CPtani
1563 2105 1750 2145 dicantur

289 2157 369 2199 hoe
393 2153 513 2212 ἅγιος
537 2166 578 2198 et
608 2158 706 2199 alias
729 2160 830 2200 tales
847 2161 1040 2200 formulas
1068 2159 1115 2200 ἐκ
1135 2156 1276 2214 τρίτου
1302 2160 1367 2201 vel
1385 2159 1539 2212 τρίτον,
1567 2169 1637 2209 ter,
1673 2161 1749 2199 ite-

292 2226 395 2255 rare.
454 2216 504 2254 In
532 2214 715 2268 Trisagio
738 2216 902 2269 quidem
930 2216 1120 2256 nolumus
1143 2230 1236 2255 cum
1257 2216 1452 2270 theologis
1472 2229 1650 2270 pugnare
1673 2215 1749 2255 do-

293 2277 486 2310 cumenta
508 2271 721 2310 Trinitatis
754 2272 1081 2324 invenientibus;
1113 2272 1331 2325 antiquarii
1378 2279 1512 2311 tamen
1553 2277 1594 2310 et
1628 2272 1671 2310 in
1699 2284 1749 2310 ea

294 2323 474 2365 formula
503 2332 543 2365 et
584 2328 629 2365 in
668 2325 756 2366 aliis
796 2334 860 2367 ter
897 2329 1049 2367 iteratis
1081 2328 1331 2381 antiquitatis
1365 2334 1482 2367 notas
1513 2332 1749 2380 agnoscunt.

298 2377 460 2420 Scilicet
478 2381 598 2434 primi
626 2380 810 2422 homines
826 2412 838 2434 ,
865 2383 1047 2422 idearum
1080 2390 1120 2422 et
1142 2383 1358 2422 verborum
1385 2395 1579 2436 pauperes
1593 2411 1604 2430 ,
1623 2395 1751 2435 quum

300 2433 451 2474 vellent
477 2435 655 2489 aliquam
679 2451 767 2477 rem
799 2436 1042 2492 ἑμφατικῶς
1071 2438 1292 2493 significare
1319 2446 1360 2478 et
1390 2437 1503 2477 velut
1527 2435 1750 2487 inculcare,

300 2486 408 2526 idem
447 2491 640 2543 verbum,
680 2493 848 2532 eandem
881 2493 1094 2532 formulam
1108 2525 1119 2543 ,
1149 2495 1295 2533 iterum
1323 2501 1443 2547 atque
1461 2493 1607 2531 iterum
1636 2506 1752 2545 repe-

300 2541 455 2582 tebant.
511 2546 636 2585 Unde
667 2549 779 2588 venit
796 2548 865 2588 illa
892 2549 1063 2588 formula
1098 2549 1176 2596 his,
1216 2558 1346 2604 terque
1360 2579 1373 2598 ‚
1407 2555 1616 2603 quaterqzae
1659 2547 1752 2586 bea-

300 2605 393 2645 tus,-
421 2598 462 2637 id
489 2607 548 2638 est
566 2601 671 2652 talis,
697 2605 765 2656 qui
795 2612 1025 2657 mereatur,
1052 2612 1098 2644 ut
1127 2604 1371 2644 vocabulum
1398 2603 1530 2642 beatas
1556 2601 1606 2641 de
1628 2616 1676 2642 eo
1692 2610 1756 2642 ter

302 2659 525 2707 quaterque
553 2655 735 2696 iteretur.
768 2659 1007 2712 Numinum,
1037 2674 1140 2714 quae
1159 2658 1324 2714 gentiles
1343 2658 1605 2708 celebrarent,
1623 2660 1755 2698 nomi-

300 2720 354 2747 na
377 2706 437 2748 his
453 2715 491 2748 et
508 2716 570 2749 ter
590 2712 768 2754 citabant
796 2715 838 2755 in
865 2717 945 2755 suis
965 2715 1141 2770 hymnis.
1175 2714 1380 2754 Theocrit.
1401 2713 1680 2755 ld.XX11.vs.
1698 2726 1753 2769 με
