1832 3126
304 154 408 213 158
495 198 499 201 ,
564 174 638 217 10.
681 173 789 217 1AC.
829 174 1024 218 Rsslsxn
1063 174 1442 220 COMMENTARH

299 277 550 318 curatoribus
587 292 689 332 opus
729 278 893 318 habent.
955 278 1011 318 At
1034 279 1148 334 quid,
1187 281 1221 320 si
1252 290 1411 321 curator
1437 296 1600 336 magnus
1642 290 1742 328 ωερε

299 333 494 387 generalis
529 341 710 388 receptor
738 335 840 374 aeris
854 365 865 383 ‚
912 335 1021 389 quod
1051 350 1073 374 e
1100 337 1312 389 portoriis,
1352 337 1529 392 pedagiis
1544 369 1557 390 ‚
1593 349 1741 394 ponta-

299 390 413 442 ficis,
449 389 670 445 plateaticis
687 419 700 442 ‚
733 391 913 430 casaticis
930 397 1007 430 etc.
1034 391 1208 443 redibat,
1267 393 1743 438 General-Accis-Ezh-

299 446 491 485 richmer?
528 445 676 485 Curata
701 446 810 485 enim
835 446 1005 501 vectigal
1027 446 1237 486 dicebatur
1263 447 1398 487 medio
1418 462 1541 498 aevu,
1570 458 1611 490 et
1631 466 1743 493 cura,-

296 500 401 539 toria
441 500 509 540 die
547 500 706 540 Steuer-
735 502 822 541 und
841 501 1163 542 Acciseinnalzme
1179 533 1192 552 ‚
1235 503 1322 542 vid.
1348 503 1418 543 Du
1447 505 1585 561 Gange
1605 507 1742 549 Gloss.

300 555 390 595 Lat.
410 555 457 595 h.
485 570 530 597 v.
558 564 596 595 et
614 558 815 597 Murator.
837 556 893 598 A.
921 558 957 597 1.
989 558 1041 597 Τ.
1069 558 1124 597 II.
1149 571 1192 611 p.
1222 558 1291 599 28.

408 611 462 650 D.
482 626 522 651 2.
547 610 640 666 [61‚
659 611 751 666 21.]
793 610 865 652 τὸν
899 611 1185 665 τοποτηρητὴν
1213 613 1300 653 τῶν
1340 613 1518 666 σχολῶν.
1570 616 1745 659 Videtur

299 666 498 719 vicarius,-
529 665 664 707 locum
686 675 828 708 tenens
843 698 855 718 ,
898 668 1117 708 Domestici
1147 668 1374 710 scholarum
1400 670 1535 712 fuisse.
1593 673 1649 714 V.
1673 674 1745 716 Du

301 722 434 776 Gange
455 736 498 762 v.
518 723 808 762 Lociservator.

409 778 463 816 D.
482 778 526 818 5.
547 777 639 832 [61‚
661 777 753 832 22.]
803 777 1094 830 δυσυπάτους,
1136 778 1404 832 σπαθαρίους
1428 777 1746 836 συγκλητικοΰξ.

298 833 359 873 Μ.
383 831 451 872 hic
473 833 628 872 nullam
659 834 956 873 distinctionem
977 842 1211 888 agnoscunt.
1271 836 1365 875 Non
1397 836 1593 889 dixerim,
1621 853 1745 892 quam

299 888 403 928 bene
425 888 595 930 maleve.
655 890 802 930 Putem
826 897 962 929 tamen
975 919 987 940 ,
1027 890 1271 930 membranis
1302 892 1436 944 potius
1461 891 1746 946 obtemperan-

301 943 399 983 dum
423 952 463 984 et
479 959 525 983 ex
547 945 627 985 illis
655 945 890 985 discendum
914 959 1022 995 esse,
1054 947 1097 984 in
1117 946 1210 985 aula
1234 947 1399 986 CPtana
1414 947 1534 987 fuisse
1549 949 1745 1004 Dishypa-

300 1006 363 1039 tos
390 999 624 1054 Spatharios
656 1000 828 1055 dup1101s
849 1001 1030 1054 generiS,
1061 1015 1164 1041 unos
1185 1002 1373 1041 Basilicos
1399 1016 1469 1041 seu
1493 1004 1716 1057 imperiales
1725 1035 1741 1066 ae’

302 1053 450 1095 alteros
471 1055 715 1109 Syncleticos
729 1087 740 1105 ,
778 1071 847 1096 seu
871 1057 1102 1097 senatorios
1116 1086 1128 1107 ‚
1161 1071 1262 1111 quos
1286 1059 1328 1096 in
1349 1059 1541 1097 comitatu
1556 1088 1569 1110 ‚
1609 1059 1746 1114 dispo-

302 1111 443 1151 sitione
463 1112 753 1166 stipendiisque
769 1113 851 1152 suis
873 1111 1069 1151 haberent
1090 1113 1300 1152 Senatores
1315 1144 1325 1162 ‚
1360 1113 1412 1152 ad
1434 1114 1614 1153 curanda
1633 1122 1746 1155 tuen·

303 1166 435 1220 daque
452 1167 610 1207 diversa
631 1175 796 1216 secreta,
828 1181 896 1206 seu
915 1168 1148 1207 tribunalia.
1206 1169 1242 1208 E
1257 1183 1298 1221 p.
1315 1167 1411 1221 415.
1426 1168 1520 1221 B.4.
1541 1176 1650 1209 certe
1672 1183 1748 1223 pa-

302 1229 384 1271 tet,
417 1225 637 1262 senatorios
659 1230 699 1262 et
719 1223 941 1276 imperiales
968 1224 1146 1262 diversos
1174 1223 1308 1263 fuisse.
1367 1223 1453 1263 Aut
1475 1231 1639 1278 possent
1664 1226 1745 1265 dici

303 1277 347 1316 hi
372 1278 587 1332 Dishypati
609 1277 810 1331 Spatharii
837 1277 1042 1332 syncletici
1061 1278 1160 1318 tales
1183 1279 1303 1318 fuisse
1316 1279 1341 1327 ‚'
1358 1281 1428 1332 qui
1449 1281 1633 1334 quamvis
1653 1295 1746 1335 spa-

303 1333 425 1372 tharii
444 1341 592 1382 essent,
622 1341 758 1372 tamen
779 1333 1040 1373 nihilominus
1059 1334 1111 1372 ad
1133 1330 1208 1385 τὴν
1235 1333 1461 1386 σύγκλητον
1482 1336 1745 1388 pertinerent.

305 1387 411 1427 Nam
435 1404 554 1428 sensu
575 1390 772 1428 strictiore
802 1387 828 1442 ἦ
857 1386 1082 1442 σύγκλητος
1108 1396 1203 1428 sunt
1229 1397 1384 1428 tantum
1405 1389 1593 1430 officiales
1615 1391 1747 1431 civili-

304 1443 382 1483 bus
410 1445 530 1484 rebus
566 1444 826 1497 expediundis
859 1443 979 1496 lecti,
1016 1458 1116 1498 quos
1154 1446 1288 1483 Latini
1316 1454 1463 1497 togatos
1489 1453 1663 1498 vocant3
1699 1453 1749 1487 ut

304 1507 415 1552 patet
437 1513 459 1539 e
481 1500 614 1539 Nostri
634 1514 676 1553 p.
709 1499 798 1551 ¹42.
827 1499 872 1538 B.
899 1499 965 1550 5.‚
998 1501 1069 1539 ubi
1095 1501 1285 1553 patricius
1311 1500 1550 1554 syncleticus
1573 1503 1746 1554 patricio

305 1554 423 1594 alicui
457 1556 514 1611 τῷ
542 1550 625 1595 ἀπὸ
660 1553 876 1605 σπαθιόυ,
904 1563 1063 1608 sagam,
1099 1555 1288 1606 militari,
1330 1556 1744 1610 contradistinguitur.

307 1610 459 1663 Hypati
493 1617 533 1649 et
555 1610 769 1664 Dishypati
803 1624 850 1649 ea
882 1617 1011 1650 aetate
1041 1611 1091 1650 de
1115 1611 1261 1650 infimis
1295 1614 1410 1650 crant
1430 1612 1744 1665 magistratibus.

305 1665 543 1720 *[Ducibus
564 1667 731 1706 Venetis
751 1673 987 1718 ornamenta
1013 1673 1053 1705 et
1071 1666 1235 1706 titulum
1258 1667 1408 1720 Hypati
1432 1667 1584 1706 dabant
1603 1668 1748 1707 Graeci

305 1721 602 1774 Imperatore53
642 1721 750 1760 unde
782 1722 903 1760 etiam
933 1722 1115 1761 vestitus.
1173 1722 1319 1760 Giann.
1354 1722 1405 1761 T.
1442 1722 1497 1760 ΙΙ.
1524 1737 1566 1775 p.
1593 1722 1747 1777 367.]*

306 1776 443 1816 Simile
473 1777 569 1816 huic
605 1776 735 1816 videri
769 1784 928 1830 posset,
967 1777 1077 1830 quod
1115 1777 1344 1831 Sigebertus
1362 1777 1569 1816 Gemblac.
1606 1778 1745 1827 refert,

308 1832 551 1872 Clodoveum
576 1832 627 1870 ab
654 1832 867 1871 Anastasio
900 1832 1144 1887 Imperatore
1181 1833 1381 1871 codicillos
1408 1832 1458 1870 de
1484 1833 1684 1872 consulatu
1711 1842 1754 1874 et

305 1902 493 1928 coronam
534 1902 698 1927 auream
740 1901 826 1926 cum
865 1890 1025 1940 gemmis
1061 1897 1100 1926 et
1123 1889 1294 1926 tunicam
1321 1887 1504 1926 blatteam
1530 1888 1746 1942 accepisse,

306 1952 346 1982 et
381 1958 437 1983 ex
473 1957 522 1982 ea
562 1942 628 1982 die
669 1943 873 1982 Consulem
906 1951 943 1981 et
969 1942 1183 1996 Augustum
1204 1944 1336 1994 ‚sitisse
1374 1942 1537 1981 dictum.
1593 1943 1672 1982 Sed
1697 1943 1750 1982 ad

307 1997 383 2037 hos
412 1999 595 2053 Hypatos
625 2012 671 2037 ea
694 2012 777 2037 non
800 1999 1023 2051 pertinenti
1075 1997 1251 2036 Multum
1273 1996 1501 2036 defecerant
1521 1997 1659 2037 Nostri
1679 2012 1750 2037 ae-

306 2060 390 2092 tate
415 2053 606 2093 Consules
635 2053 687 2092 ab
709 2053 876 2106 antiquo
904 2052 1128 2106 splendore.
1186 2053 1301 2091 Conf.
1333 2067 1435 2105 quae
1458 2053 1540 2092 dixi
1561 2054 1604 2091 in
1635 2052 1749 2093 Actis

307 2109 519 2148 Eruditor.
543 2108 657 2148 Anni
689 2108 805 2161 1751.
838 2109 878 2146 in
908 2109 1138 2147 recensione
1167 2107 1350 2149 Eduardi
1371 2108 1526 2147 Corsini
1555 2108 1750 2148 Notarum

308 2178 541 2216 graecarum
557 2194 568 2211 ‚
599 2163 669 2202 ubi
694 2162 856 2218 Hypati
880 2171 919 2202 et
945 2163 1152 2218 Spatlzariz'
1177 2165 1327 2202 mentio
1351 2163 1396 2202 fit
1419 2164 1459 2202 in
1484 2162 1598 2202 bulla
1620 2162 1748 2217 plum-

310 2220 401 2259 bea.
459 2219 556 2259 Vid.
580 2219 647 2257 Du
671 2217 807 2272 Cange
830 2217 961 2257 Gloss.
990 2219 1122 2257 Latin.
1151 2231 1194 2258 v.
1225 2218 1450 2273 Dissipatus
1476 2225 1516 2258 et
1545 2218 1746 2273 Hypatus.

312 2275 360 2313 In
389 2276 625 2315 universum
648 2273 747 2312 haec
771 2273 821 2312 de
846 2273 1104 2326 dignitatibus
1135 2273 1249 2312 aulae
1270 2274 1512 2327 Byzantinae
1531 2280 1571 2312 et
1589 2274 1751 2327 provin-

311 2330 479 2369 cialibus
499 2344 546 2370 eo
573 2337 754 2382 tempore
776 2329 1072 2382 magistratibus
1093 2329 1273 2368 doctrina
1300 2329 1543 2382 perobscura
1570 2335 1644 2368 est.

420 2386 474 2424 D.
495 2401 534 2440 7.
561 2384 650 2438 [62‚
681 2382 740 2437 1.]
768 2379 866 2429 τούς
894 2379 976 2422 α’πὸ
1003 2382 1211 2435 ἐπάρχων.
1238 2384 1516 2439 Expracjecti.
1572 2383 1666 2423 Non
1682 2382 1750 2423 hic

312 2438 364 2477 de
386 2440 463 2480 illis
481 2440 739 2493 cogitandum
755 2468 766 2486 ‚
802 2438 878 2491 qui·
901 2438 1151 2492 praefectura
1177 2439 1288 2477 urbis
1312 2446 1502 2492 augustae
1521 2438 1651 2478 functi
1674 2438 1751 2477 ali-

306 2496 475 2545 'quando
499 2502 628 2534 essent
642 2526 652 2542 ‚
695 2493 766 2533 sed
790 2494 954 2533 fuerunt
982 2493 1025 2532 hi
1047 2494 1296 2546 Expraefecti
1310 2525 1321 2542 ‚
1357 2494 1426 2547 qui
1447 2493 1544 2533 olim
1574 2493 1750 2547 Eparchi

313 2550 576 2600 provinciales
603 2551 788 2599 fuerant,
818 2548 956 2601 quales
985 2549 1120 2602 paullo
1143 2557 1235 2588 ante
1259 2549 1307 2588 C.
1344 2563 1405 2588 ιο.
1437 2563 1530 2587 cum
1559 2544 1752 2588 ἀνθυπά-

313 2616 399 2650 τοις
429 2604 512 2642 τιόν
541 2603 738 2653 θεμάτων
756 2604 964 2643 memorati
982 2605 1160 2643 fuerunt.
1217 2604 1496 2657 Unaquaeque
1517 2604 1624 2642 enim
1638 2616 1749 2656 epar-

313 2657 404 2696 chia
443 2659 604 2697 videtur
638 2674 755 2697 suum
780 2660 996 2711 eparchum
1022 2660 1221 2698 habuisse.
1281 2660 1327 2698 Id
1357 2658 1464 2698 clare
1489 2658 1749 2700 confirmatur

305 2727 356 2765 p.
373 2713 466 2764 410.
481 2714 524 2753 B.
538 2713 630 2760 ult„
660 2714 729 2752 ubi
742 2711 1027 2778 στρατηλάται
1049 2714 1120 2755 ἐπὶ
1134 2710 1348 2765 θεμάτων,
1364 2714 1587 2753 stratelatae
1599 2715 1748 2767 itt-pro·-

315 2769 455 2808 vinciis
481 2770 674 2808 constituti
699 2775 739 2807 et
772 2781 812 2809 οι
848 2763 928 2808 ἀπὸ
975 2764 1170 2823 ἐπάρχων
1204 2783 1278 2823 pro
1306 2769 1447 2809 iisdem
1479 2768 1742 2823 accipiuntur.
