<?xml version="1.0" encoding="UTF-8"?>
<!DOCTYPE html PUBLIC "-//W3C//DTD XHTML 1.0 Transitional//EN"
    "http://www.w3.org/TR/xhtml1/DTD/xhtml1-transitional.dtd">
<html xmlns="http://www.w3.org/1999/xhtml" xml:lang="en" lang="en">
 <head>
  <title>
</title>
<meta http-equiv="Content-Type" content="text/html;charset=utf-8" />
  <meta name='ocr-system' content='tesseract 3.04.00' />
  <meta name='ocr-capabilities' content='ocr_page ocr_carea ocr_par ocr_line ocrx_word'/>
</head>
<body>
  <div class='ocr_page' id='page_1' title='image "./corpusscriptorum08niebuoft/corpusscriptorum08niebuoft_0860.png"; bbox 0 0 1884 3132; ppageno 0'>
   <div class='ocr_carea' id='block_1_1' title="bbox 330 121 1508 184">
    <p class='ocr_par' dir='ltr' id='par_1_1' title="bbox 330 121 1508 184">
     <span class='ocr_line' id='line_1_1' title="bbox 330 121 1508 184; baseline 0.003 -6"><span class='ocrx_word' id='word_1_1' title='bbox 330 121 439 178; x_wconf 85' lang='lat'><strong>852</strong></span> <span class='ocrx_word' id='word_1_2' title='bbox 625 139 698 181; x_wconf 91' lang='lat'><strong>10.</strong></span> <span class='ocrx_word' id='word_1_3' title='bbox 739 139 845 183; x_wconf 69' lang='lat' dir='ltr'><strong>mc.</strong></span> <span class='ocrx_word' id='word_1_4' title='bbox 892 141 1089 183; x_wconf 72' lang='lat' dir='ltr'><strong>nmsxu</strong></span> <span class='ocrx_word' id='word_1_5' title='bbox 1126 139 1508 184; x_wconf 66' lang='lat' dir='ltr'><strong>coimmmnu</strong></span> 
     </span>
    </p>
   </div>
   <div class='ocr_carea' id='block_1_2' title="bbox 329 240 1862 2713">
    <p class='ocr_par' dir='ltr' id='par_1_2' title="bbox 329 240 1787 958">
     <span class='ocr_line' id='line_1_2' title="bbox 329 240 1780 296; baseline 0.001 -14"><span class='ocrx_word' id='word_1_6' title='bbox 329 250 413 283; x_wconf 89' lang='lat' dir='ltr'><strong>tem</strong></span> <span class='ocrx_word' id='word_1_7' title='bbox 453 240 578 281; x_wconf 80' lang='lat' dir='ltr'><strong>Gothi</strong></span> <span class='ocrx_word' id='word_1_8' title='bbox 621 241 887 296; x_wconf 81' lang='lat' dir='ltr'><strong>Byzantinum</strong></span> <span class='ocrx_word' id='word_1_9' title='bbox 927 242 1140 296; x_wconf 86' lang='lat' dir='ltr'><strong>imperium</strong></span> <span class='ocrx_word' id='word_1_10' title='bbox 1181 241 1435 283; x_wconf 79' lang='lat' dir='ltr'><strong>obsidebant.</strong></span> <span class='ocrx_word' id='word_1_11' title='bbox 1492 242 1613 282; x_wconf 87' lang='lat' dir='ltr'><strong>Sedes</strong></span> <span class='ocrx_word' id='word_1_12' title='bbox 1640 255 1780 283; x_wconf 84' lang='lat' dir='ltr'><strong>eorum</strong></span> 
     </span>
     <span class='ocr_line' id='line_1_3' title="bbox 333 297 1782 351; baseline 0 -14"><span class='ocrx_word' id='word_1_13' title='bbox 333 305 419 337; x_wconf 89' lang='lat' dir='ltr'><strong>erat</strong></span> <span class='ocrx_word' id='word_1_14' title='bbox 448 297 719 336; x_wconf 83' lang='lat' dir='ltr'>Chersonesus</span> <span class='ocrx_word' id='word_1_15' title='bbox 747 298 921 336; x_wconf 82' lang='lat' dir='ltr'>Taurica</span> <span class='ocrx_word' id='word_1_16' title='bbox 953 306 992 337; x_wconf 87' lang='lat' dir='ltr'><strong>et</strong></span> <span class='ocrx_word' id='word_1_17' title='bbox 1020 305 1171 343; x_wconf 77' lang='lat' dir='ltr'><strong>tractus</strong></span> <span class='ocrx_word' id='word_1_18' title='bbox 1200 301 1307 338; x_wconf 84' lang='lat' dir='ltr'><strong>circa</strong></span> <span class='ocrx_word' id='word_1_19' title='bbox 1336 299 1485 337; x_wconf 90' lang='lat' dir='ltr'><strong>Istrum</strong></span> <span class='ocrx_word' id='word_1_20' title='bbox 1507 305 1547 337; x_wconf 89' lang='lat' dir='ltr'><strong>et</strong></span> <span class='ocrx_word' id='word_1_21' title='bbox 1566 299 1782 351; x_wconf 75' lang='lat' dir='ltr'><strong>Borysthe—</strong></span> 
     </span>
     <span class='ocr_line' id='line_1_4' title="bbox 335 352 1785 408; baseline 0 -16"><span class='ocrx_word' id='word_1_22' title='bbox 335 367 429 392; x_wconf 85' lang='lat' dir='ltr'><strong>nem</strong></span> <span class='ocrx_word' id='word_1_23' title='bbox 460 367 532 406; x_wconf 89' lang='lat' dir='ltr'><strong>per</strong></span> <span class='ocrx_word' id='word_1_24' title='bbox 561 352 808 392; x_wconf 77' lang='lat' dir='ltr'><strong>Moldaviam</strong></span> <span class='ocrx_word' id='word_1_25' title='bbox 839 367 964 406; x_wconf 86' lang='lat' dir='ltr'><strong>usque</strong></span> <span class='ocrx_word' id='word_1_26' title='bbox 995 355 1034 392; x_wconf 87' lang='lat' dir='ltr'><strong>in</strong></span> <span class='ocrx_word' id='word_1_27' title='bbox 1061 352 1400 408; x_wconf 81' lang='lat' dir='ltr'><strong>Transylvaniam</strong></span> <span class='ocrx_word' id='word_1_28' title='bbox 1417 383 1428 400; x_wconf 93' lang='lat'><strong>,</strong></span> <span class='ocrx_word' id='word_1_29' title='bbox 1475 353 1546 392; x_wconf 90' lang='lat' dir='ltr'><strong>ubi</strong></span> <span class='ocrx_word' id='word_1_30' title='bbox 1573 360 1785 406; x_wconf 79' lang='lat' dir='ltr'><strong>supersunt</strong></span> 
     </span>
     <span class='ocr_line' id='line_1_5' title="bbox 334 407 1786 461; baseline -0.001 -13"><span class='ocrx_word' id='word_1_31' title='bbox 334 409 467 448; x_wconf 87' lang='lat' dir='ltr'><strong>adhuc</strong></span> <span class='ocrx_word' id='word_1_32' title='bbox 505 407 627 446; x_wconf 91' lang='lat' dir='ltr'><strong>hodie</strong></span> <span class='ocrx_word' id='word_1_33' title='bbox 654 410 800 461; x_wconf 82' lang='lat' dir='ltr'>posteri</span> <span class='ocrx_word' id='word_1_34' title='bbox 832 423 967 446; x_wconf 88' lang='lat' dir='ltr'><strong>eorum</strong></span> <span class='ocrx_word' id='word_1_35' title='bbox 998 409 1218 458; x_wconf 86' lang='lat' dir='ltr'><strong>Saxonice,</strong></span> <span class='ocrx_word' id='word_1_36' title='bbox 1256 416 1302 448; x_wconf 91' lang='lat' dir='ltr'><strong>ut</strong></span> <span class='ocrx_word' id='word_1_37' title='bbox 1330 409 1436 447; x_wconf 85' lang='lat' dir='ltr'><strong>fama</strong></span> <span class='ocrx_word' id='word_1_38' title='bbox 1463 409 1568 459; x_wconf 87' lang='lat' dir='ltr'><strong>fert,</strong></span> <span class='ocrx_word' id='word_1_39' title='bbox 1616 407 1786 461; x_wconf 84' lang='lat' dir='ltr'><strong>loquen-</strong></span> 
     </span>
     <span class='ocr_line' id='line_1_6' title="bbox 333 462 1786 503; baseline -0.001 0"><span class='ocrx_word' id='word_1_40' title='bbox 333 471 406 503; x_wconf 83' lang='lat' dir='ltr'><strong>tes.</strong></span> <span class='ocrx_word' id='word_1_41' title='bbox 434 462 584 503; x_wconf 85' lang='lat' dir='ltr'><strong>Adhuc</strong></span> <span class='ocrx_word' id='word_1_42' title='bbox 612 463 770 502; x_wconf 88' lang='lat' dir='ltr'><strong>saeculo</strong></span> <span class='ocrx_word' id='word_1_43' title='bbox 798 464 917 502; x_wconf 87' lang='lat' dir='ltr'><strong>XVI.</strong></span> <span class='ocrx_word' id='word_1_44' title='bbox 945 463 1172 503; x_wconf 81' lang='lat' dir='ltr'><strong>incolebant</strong></span> <span class='ocrx_word' id='word_1_45' title='bbox 1201 464 1326 503; x_wconf 80' lang='lat' dir='ltr'>Gothi</span> <span class='ocrx_word' id='word_1_46' title='bbox 1357 463 1650 503; x_wconf 82' lang='lat' dir='ltr'><strong>Chersonesum</strong></span> <span class='ocrx_word' id='word_1_47' title='bbox 1673 465 1786 503; x_wconf 81' lang='lat' dir='ltr'><strong>Tau-</strong></span> 
     </span>
     <span class='ocr_line' id='line_1_7' title="bbox 335 518 1782 573; baseline -0.001 -15"><span class='ocrx_word' id='word_1_48' title='bbox 335 521 462 558; x_wconf 85' lang='lat' dir='ltr'><strong>ricam</strong></span> <span class='ocrx_word' id='word_1_49' title='bbox 481 547 493 568; x_wconf 91' lang='lat'><strong>,</strong></span> <span class='ocrx_word' id='word_1_50' title='bbox 532 525 578 556; x_wconf 88' lang='lat' dir='ltr'><strong>ut</strong></span> <span class='ocrx_word' id='word_1_51' title='bbox 614 532 661 557; x_wconf 84' lang='lat' dir='ltr'><strong>ex</strong></span> <span class='ocrx_word' id='word_1_52' title='bbox 690 518 901 558; x_wconf 85' lang='lat' dir='ltr'><strong>ltinerario</strong></span> <span class='ocrx_word' id='word_1_53' title='bbox 931 518 1138 558; x_wconf 82' lang='lat' dir='ltr'><strong>Ambrosii</strong></span> <span class='ocrx_word' id='word_1_54' title='bbox 1170 518 1386 558; x_wconf 88' lang='lat' dir='ltr'><strong>Contareni</strong></span> <span class='ocrx_word' id='word_1_55' title='bbox 1411 533 1499 573; x_wconf 85' lang='lat' dir='ltr'>pag.</span> <span class='ocrx_word' id='word_1_56' title='bbox 1530 533 1587 557; x_wconf 93' lang='lat' dir='ltr'><strong>m.</strong></span> <span class='ocrx_word' id='word_1_57' title='bbox 1622 533 1685 559; x_wconf 85' lang='lat'><strong>20.</strong></span> <span class='ocrx_word' id='word_1_58' title='bbox 1716 518 1782 557; x_wconf 90' lang='lat' dir='ltr'><strong>ed.</strong></span> 
     </span>
     <span class='ocr_line' id='line_1_8' title="bbox 334 571 1784 627; baseline -0.001 -14"><span class='ocrx_word' id='word_1_59' title='bbox 334 573 497 613; x_wconf 80' lang='lat' dir='ltr'><strong>Italicae</strong></span> <span class='ocrx_word' id='word_1_60' title='bbox 524 571 703 613; x_wconf 88' lang='lat' dir='ltr'><strong>Aldinae</strong></span> <span class='ocrx_word' id='word_1_61' title='bbox 731 580 771 612; x_wconf 90' lang='lat' dir='ltr'><strong>et</strong></span> <span class='ocrx_word' id='word_1_62' title='bbox 800 572 982 626; x_wconf 84' lang='lat' dir='ltr'><strong>Epistola</strong></span> <span class='ocrx_word' id='word_1_63' title='bbox 1015 574 1096 614; x_wconf 85' lang='lat' dir='ltr'><strong>Ill.</strong></span> <span class='ocrx_word' id='word_1_64' title='bbox 1116 573 1302 613; x_wconf 85' lang='lat' dir='ltr'><strong>Busbekii</strong></span> <span class='ocrx_word' id='word_1_65' title='bbox 1332 588 1374 627; x_wconf 92' lang='lat' dir='ltr'><strong>p.</strong></span> <span class='ocrx_word' id='word_1_66' title='bbox 1399 589 1456 612; x_wconf 92' lang='lat' dir='ltr'><strong>m.</strong></span> <span class='ocrx_word' id='word_1_67' title='bbox 1493 572 1590 624; x_wconf 78' lang='grc'><strong><em>244.</em></strong></span> <span class='ocrx_word' id='word_1_68' title='bbox 1613 580 1784 613; x_wconf 77' lang='lat' dir='ltr'><strong>constat.</strong></span> 
     </span>
     <span class='ocr_line' id='line_1_9' title="bbox 334 629 1786 683; baseline -0.002 -14"><span class='ocrx_word' id='word_1_69' title='bbox 334 630 487 669; x_wconf 89' lang='lat' dir='ltr'><strong>Mirum</strong></span> <span class='ocrx_word' id='word_1_70' title='bbox 517 642 611 682; x_wconf 85' lang='lat' dir='ltr'><strong>ergo</strong></span> <span class='ocrx_word' id='word_1_71' title='bbox 640 643 720 668; x_wconf 90' lang='lat' dir='ltr'><strong>non</strong></span> <span class='ocrx_word' id='word_1_72' title='bbox 751 636 836 678; x_wconf 83' lang='lat' dir='ltr'><strong>est,</strong></span> <span class='ocrx_word' id='word_1_73' title='bbox 863 630 897 667; x_wconf 89' lang='lat' dir='ltr'><strong>si</strong></span> <span class='ocrx_word' id='word_1_74' title='bbox 928 643 1046 668; x_wconf 87' lang='lat' dir='ltr'><strong>voces</strong></span> <span class='ocrx_word' id='word_1_75' title='bbox 1073 629 1266 683; x_wconf 87' lang='lat' dir='ltr'><strong>quasdam</strong></span> <span class='ocrx_word' id='word_1_76' title='bbox 1297 629 1487 668; x_wconf 85' lang='lat' dir='ltr'><strong>Gothicas</strong></span> <span class='ocrx_word' id='word_1_77' title='bbox 1517 635 1587 668; x_wconf 87' lang='lat' dir='ltr'><strong>aut</strong></span> <span class='ocrx_word' id='word_1_78' title='bbox 1618 629 1786 667; x_wconf 86' lang='lat' dir='ltr'><strong>Germa-</strong></span> 
     </span>
     <span class='ocr_line' id='line_1_10' title="bbox 337 683 1787 737; baseline -0.001 -13"><span class='ocrx_word' id='word_1_79' title='bbox 337 686 448 724; x_wconf 87' lang='lat' dir='ltr'><strong>nicas</strong></span> <span class='ocrx_word' id='word_1_80' title='bbox 494 685 534 722; x_wconf 89' lang='lat' dir='ltr'><strong>in</strong></span> <span class='ocrx_word' id='word_1_81' title='bbox 577 685 653 723; x_wconf 91' lang='lat' dir='ltr'><strong>hoc</strong></span> <span class='ocrx_word' id='word_1_82' title='bbox 691 683 955 723; x_wconf 87' lang='lat' dir='ltr'><strong>Ceremoniali</strong></span> <span class='ocrx_word' id='word_1_83' title='bbox 985 691 1123 723; x_wconf 86' lang='lat' dir='ltr'><strong>nostro</strong></span> <span class='ocrx_word' id='word_1_84' title='bbox 1152 685 1386 737; x_wconf 86' lang='lat' dir='ltr'><strong>reperimus.</strong></span> <span class='ocrx_word' id='word_1_85' title='bbox 1445 683 1523 723; x_wconf 90' lang='lat' dir='ltr'><strong>Sed</strong></span> <span class='ocrx_word' id='word_1_86' title='bbox 1551 698 1681 737; x_wconf 90' lang='lat' dir='ltr'><strong>neque</strong></span> <span class='ocrx_word' id='word_1_87' title='bbox 1709 683 1787 723; x_wconf 87' lang='lat' dir='ltr'><strong>hoc</strong></span> 
     </span>
     <span class='ocr_line' id='line_1_11' title="bbox 336 738 1786 794; baseline -0.001 -16"><span class='ocrx_word' id='word_1_88' title='bbox 336 739 672 794; x_wconf 86' lang='lat' dir='ltr'><strong>praetereundum</strong></span> <span class='ocrx_word' id='word_1_89' title='bbox 692 770 704 788; x_wconf 90' lang='lat'><strong>,</strong></span> <span class='ocrx_word' id='word_1_90' title='bbox 734 738 851 778; x_wconf 86' lang='lat' dir='ltr'><strong>hosas</strong></span> <span class='ocrx_word' id='word_1_91' title='bbox 886 753 967 778; x_wconf 91' lang='lat' dir='ltr'><strong>non</strong></span> <span class='ocrx_word' id='word_1_92' title='bbox 998 746 1158 778; x_wconf 84' lang='lat' dir='ltr'><strong>tantum</strong></span> <span class='ocrx_word' id='word_1_93' title='bbox 1197 738 1401 778; x_wconf 86' lang='lat' dir='ltr'><strong>femoralia</strong></span> <span class='ocrx_word' id='word_1_94' title='bbox 1439 739 1659 793; x_wconf 85' lang='lat' dir='ltr'><strong>significare</strong></span> <span class='ocrx_word' id='word_1_95' title='bbox 1688 739 1786 778; x_wconf 84' lang='lat' dir='ltr'><strong>scri-</strong></span> 
     </span>
     <span class='ocr_line' id='line_1_12' title="bbox 341 792 1787 849; baseline -0.002 -15"><span class='ocrx_word' id='word_1_96' title='bbox 341 795 528 849; x_wconf 87' lang='lat' dir='ltr'><strong>ptoribus</strong></span> <span class='ocrx_word' id='word_1_97' title='bbox 558 795 678 833; x_wconf 87' lang='lat' dir='ltr'><strong>medii</strong></span> <span class='ocrx_word' id='word_1_98' title='bbox 707 795 795 833; x_wconf 85' lang='lat' dir='ltr'><strong>aevi</strong></span> <span class='ocrx_word' id='word_1_99' title='bbox 813 824 823 841; x_wconf 90' lang='lat'><strong>,</strong></span> <span class='ocrx_word' id='word_1_100' title='bbox 855 808 998 833; x_wconf 86' lang='lat' dir='ltr'><strong>verum</strong></span> <span class='ocrx_word' id='word_1_101' title='bbox 1031 795 1151 834; x_wconf 86' lang='lat' dir='ltr'><strong>etiam</strong></span> <span class='ocrx_word' id='word_1_102' title='bbox 1180 808 1344 842; x_wconf 90' lang='lat' dir='ltr'><strong>ocreas,</strong></span> <span class='ocrx_word' id='word_1_103' title='bbox 1390 801 1438 834; x_wconf 88' lang='lat' dir='ltr'><strong>ut</strong></span> <span class='ocrx_word' id='word_1_104' title='bbox 1474 808 1497 833; x_wconf 84' lang='lat' dir='ltr'><strong>e</strong></span> <span class='ocrx_word' id='word_1_105' title='bbox 1524 793 1661 833; x_wconf 87' lang='lat' dir='ltr'><strong>multis</strong></span> <span class='ocrx_word' id='word_1_106' title='bbox 1688 792 1787 832; x_wconf 84' lang='lat' dir='ltr'><strong>Iocis</strong></span> 
     </span>
     <span class='ocr_line' id='line_1_13' title="bbox 343 849 1787 903; baseline -0.001 -14"><span class='ocrx_word' id='word_1_107' title='bbox 343 865 366 889; x_wconf 87' lang='lat' dir='ltr'><strong>a</strong></span> <span class='ocrx_word' id='word_1_108' title='bbox 399 850 467 889; x_wconf 88' lang='lat' dir='ltr'><strong>Du</strong></span> <span class='ocrx_word' id='word_1_109' title='bbox 499 849 652 903; x_wconf 88' lang='lat' dir='ltr'><strong>Cangio</strong></span> <span class='ocrx_word' id='word_1_110' title='bbox 680 863 723 888; x_wconf 89' lang='lat' dir='ltr'><strong>v.</strong></span> <span class='ocrx_word' id='word_1_111' title='bbox 758 849 842 888; x_wconf 76' lang='lat' dir='ltr'><strong>Osa</strong></span> <span class='ocrx_word' id='word_1_112' title='bbox 869 851 1002 888; x_wconf 80' lang='lat' dir='ltr'><strong>citatis</strong></span> <span class='ocrx_word' id='word_1_113' title='bbox 1040 855 1207 890; x_wconf 79' lang='lat' dir='ltr'><strong>constat.</strong></span> <span class='ocrx_word' id='word_1_114' title='bbox 1262 850 1392 889; x_wconf 90' lang='lat' dir='ltr'><strong>Erant</strong></span> <span class='ocrx_word' id='word_1_115' title='bbox 1422 863 1517 902; x_wconf 84' lang='lat' dir='ltr'><strong>ergo</strong></span> <span class='ocrx_word' id='word_1_116' title='bbox 1547 849 1787 888; x_wconf 82' lang='lat' dir='ltr'><strong>Chosbaitae</strong></span> 
     </span>
     <span class='ocr_line' id='line_1_14' title="bbox 338 903 1578 958; baseline 0.001 -14"><span class='ocrx_word' id='word_1_117' title='bbox 338 903 464 944; x_wconf 87' lang='lat' dir='ltr'><strong>iidem</strong></span> <span class='ocrx_word' id='word_1_118' title='bbox 491 919 584 943; x_wconf 89' lang='lat' dir='ltr'><strong>cum</strong></span> <span class='ocrx_word' id='word_1_119' title='bbox 612 904 712 943; x_wconf 89' lang='lat' dir='ltr'><strong>olim</strong></span> <span class='ocrx_word' id='word_1_120' title='bbox 741 905 796 943; x_wconf 85' lang='lat' dir='ltr'><strong>sic</strong></span> <span class='ocrx_word' id='word_1_121' title='bbox 825 903 941 943; x_wconf 86' lang='lat' dir='ltr'><strong>dictis</strong></span> <span class='ocrx_word' id='word_1_122' title='bbox 967 905 1155 944; x_wconf 79' lang='lat' dir='ltr'><strong>ministris</strong></span> <span class='ocrx_word' id='word_1_123' title='bbox 1181 918 1208 943; x_wconf 86' lang='lat' dir='ltr'><strong>a</strong></span> <span class='ocrx_word' id='word_1_124' title='bbox 1236 905 1376 943; x_wconf 79' lang='lat' dir='ltr'><strong>calceis</strong></span> <span class='ocrx_word' id='word_1_125' title='bbox 1401 904 1578 958; x_wconf 74' lang='lat' dir='ltr'><strong>Augusti.</strong></span> 
     </span>
    </p>

    <p class='ocr_par' dir='ltr' id='par_1_3' title="bbox 339 958 1862 2713">
     <span class='ocr_line' id='line_1_15' title="bbox 449 958 1786 1013; baseline -0.001 -15"><span class='ocrx_word' id='word_1_126' title='bbox 449 959 496 998; x_wconf 90' lang='lat' dir='ltr'><strong>B.</strong></span> <span class='ocrx_word' id='word_1_127' title='bbox 519 958 563 999; x_wconf 90' lang='lat'><strong>8.</strong></span> <span class='ocrx_word' id='word_1_128' title='bbox 584 959 698 1013; x_wconf 81' lang='lat'><strong>[719,</strong></span> <span class='ocrx_word' id='word_1_129' title='bbox 721 958 802 1012; x_wconf 78' lang='lat'><strong>18.]</strong></span> <span class='ocrx_word' id='word_1_130' title='bbox 823 959 898 998; x_wconf 80' lang='grc' dir='ltr'><strong>τοῦ</strong></span> <span class='ocrx_word' id='word_1_131' title='bbox 916 958 1167 998; x_wconf 80' lang='grc' dir='ltr'><em>κανικλείου.</em></span> <span class='ocrx_word' id='word_1_132' title='bbox 1208 959 1301 998; x_wconf 91' lang='lat' dir='ltr'><strong>Non</strong></span> <span class='ocrx_word' id='word_1_133' title='bbox 1321 959 1477 1008; x_wconf 90' lang='lat' dir='ltr'><strong>dubito,</strong></span> <span class='ocrx_word' id='word_1_134' title='bbox 1499 958 1786 998; x_wconf 87' lang='lat' dir='ltr'><strong>chartularium</strong></span> 
     </span>
     <span class='ocr_line' id='line_1_16' title="bbox 340 1009 1786 1066; baseline -0.001 -12"><span class='ocrx_word' id='word_1_135' title='bbox 340 1014 506 1055; x_wconf 86' lang='lat' dir='ltr'><strong>caniclci</strong></span> <span class='ocrx_word' id='word_1_136' title='bbox 551 1014 723 1053; x_wconf 86' lang='lat' dir='ltr'><strong>eundem</strong></span> <span class='ocrx_word' id='word_1_137' title='bbox 757 1027 843 1052; x_wconf 89' lang='lat' dir='ltr'><strong>esse</strong></span> <span class='ocrx_word' id='word_1_138' title='bbox 888 1021 1008 1066; x_wconf 73' lang='lat' dir='ltr'><strong>atque</strong></span> <span class='ocrx_word' id='word_1_139' title='bbox 1036 1009 1108 1053; x_wconf 88' lang='grc' dir='ltr'><strong>τὸν</strong></span> <span class='ocrx_word' id='word_1_140' title='bbox 1147 1012 1376 1053; x_wconf 82' lang='grc' dir='ltr'><em>κανίκλειον</em></span> <span class='ocrx_word' id='word_1_141' title='bbox 1413 1022 1483 1054; x_wconf 89' lang='lat' dir='ltr'><strong>aut</strong></span> <span class='ocrx_word' id='word_1_142' title='bbox 1508 1011 1582 1053; x_wconf 85' lang='grc' dir='ltr'><strong>τὸν</strong></span> <span class='ocrx_word' id='word_1_143' title='bbox 1609 1013 1685 1052; x_wconf 79' lang='grc' dir='ltr'><strong>τοῦ</strong></span> <span class='ocrx_word' id='word_1_144' title='bbox 1707 1027 1786 1052; x_wconf 88' lang='grc' dir='ltr'><strong>κα-</strong></span> 
     </span>
     <span class='ocr_line' id='line_1_17' title="bbox 339 1067 1786 1123; baseline -0.001 -14"><span class='ocrx_word' id='word_1_145' title='bbox 339 1067 519 1110; x_wconf 79' lang='grc' dir='ltr'><em>νικλείου</em></span> <span class='ocrx_word' id='word_1_146' title='bbox 534 1098 547 1121; x_wconf 81' lang='lat'><strong>,</strong></span> <span class='ocrx_word' id='word_1_147' title='bbox 576 1069 749 1108; x_wconf 84' lang='lat' dir='ltr'><strong>canicleo</strong></span> <span class='ocrx_word' id='word_1_148' title='bbox 772 1070 1034 1123; x_wconf 72' lang='lat' dir='ltr'><strong>praesectum.</strong></span> <span class='ocrx_word' id='word_1_149' title='bbox 1086 1068 1188 1107; x_wconf 88' lang='lat' dir='ltr'><strong>Erat</strong></span> <span class='ocrx_word' id='word_1_150' title='bbox 1214 1075 1347 1107; x_wconf 89' lang='lat' dir='ltr'><strong>autem</strong></span> <span class='ocrx_word' id='word_1_151' title='bbox 1375 1068 1443 1108; x_wconf 89' lang='lat' dir='ltr'><strong>ille</strong></span> <span class='ocrx_word' id='word_1_152' title='bbox 1458 1099 1470 1120; x_wconf 88' lang='lat'>‚</span> <span class='ocrx_word' id='word_1_153' title='bbox 1501 1070 1569 1122; x_wconf 88' lang='lat' dir='ltr'><strong>qui</strong></span> <span class='ocrx_word' id='word_1_154' title='bbox 1600 1067 1786 1108; x_wconf 87' lang='lat' dir='ltr'><strong>servabat</strong></span> 
     </span>
     <span class='ocr_line' id='line_1_18' title="bbox 341 1123 1784 1177; baseline -0.001 -13"><span class='ocrx_word' id='word_1_155' title='bbox 341 1131 382 1164; x_wconf 87' lang='lat' dir='ltr'><strong>et</strong></span> <span class='ocrx_word' id='word_1_156' title='bbox 405 1137 503 1163; x_wconf 89' lang='lat' dir='ltr'><strong>usus</strong></span> <span class='ocrx_word' id='word_1_157' title='bbox 528 1130 708 1176; x_wconf 86' lang='lat' dir='ltr'><strong>tempore</strong></span> <span class='ocrx_word' id='word_1_158' title='bbox 734 1123 962 1176; x_wconf 81' lang='lat' dir='ltr'><strong>praestabat</strong></span> <span class='ocrx_word' id='word_1_159' title='bbox 990 1124 1227 1177; x_wconf 86' lang='lat' dir='ltr'><strong>Imperatori</strong></span> <span class='ocrx_word' id='word_1_160' title='bbox 1252 1123 1471 1163; x_wconf 88' lang='lat' dir='ltr'><strong>eanicleum</strong></span> <span class='ocrx_word' id='word_1_161' title='bbox 1499 1138 1568 1163; x_wconf 91' lang='lat' dir='ltr'><strong>seu</strong></span> <span class='ocrx_word' id='word_1_162' title='bbox 1595 1123 1784 1163; x_wconf 89' lang='lat' dir='ltr'><strong>tubulum</strong></span> 
     </span>
     <span class='ocr_line' id='line_1_19' title="bbox 341 1179 1785 1232; baseline -0.001 -14"><span class='ocrx_word' id='word_1_163' title='bbox 341 1179 407 1218; x_wconf 87' lang='lat' dir='ltr'><strong>vel</strong></span> <span class='ocrx_word' id='word_1_164' title='bbox 437 1179 646 1217; x_wconf 86' lang='lat' dir='ltr'><strong>vasculum</strong></span> <span class='ocrx_word' id='word_1_165' title='bbox 674 1181 883 1218; x_wconf 87' lang='lat' dir='ltr'><strong>continens</strong></span> <span class='ocrx_word' id='word_1_166' title='bbox 912 1192 1070 1217; x_wconf 87' lang='lat' dir='ltr'><strong>sacrum</strong></span> <span class='ocrx_word' id='word_1_167' title='bbox 1102 1186 1334 1218; x_wconf 73' lang='lat' dir='ltr'><strong>encaustum</strong></span> <span class='ocrx_word' id='word_1_168' title='bbox 1372 1179 1438 1219; x_wconf 81' lang='lat' dir='ltr'><strong>vel</strong></span> <span class='ocrx_word' id='word_1_169' title='bbox 1466 1179 1660 1232; x_wconf 88' lang='lat' dir='ltr'><strong>liquorem</strong></span> <span class='ocrx_word' id='word_1_170' title='bbox 1689 1192 1785 1217; x_wconf 92' lang='lat' dir='ltr'><strong>coc-</strong></span> 
     </span>
     <span class='ocr_line' id='line_1_20' title="bbox 342 1233 1785 1287; baseline 0 -15"><span class='ocrx_word' id='word_1_171' title='bbox 342 1235 500 1273; x_wconf 88' lang='lat' dir='ltr'><strong>cineum</strong></span> <span class='ocrx_word' id='word_1_172' title='bbox 521 1263 532 1283; x_wconf 89' lang='lat'>‚</span> <span class='ocrx_word' id='word_1_173' title='bbox 574 1247 655 1287; x_wconf 91' lang='lat' dir='ltr'><strong>quo</strong></span> <span class='ocrx_word' id='word_1_174' title='bbox 683 1234 903 1287; x_wconf 86' lang='lat' dir='ltr'><strong>Imperator</strong></span> <span class='ocrx_word' id='word_1_175' title='bbox 933 1234 1182 1272; x_wconf 88' lang='lat' dir='ltr'><strong>subscribere</strong></span> <span class='ocrx_word' id='word_1_176' title='bbox 1209 1233 1366 1273; x_wconf 88' lang='lat' dir='ltr'><strong>chartas</strong></span> <span class='ocrx_word' id='word_1_177' title='bbox 1405 1234 1584 1287; x_wconf 90' lang='lat' dir='ltr'><strong>publicas</strong></span> <span class='ocrx_word' id='word_1_178' title='bbox 1619 1233 1785 1273; x_wconf 83' lang='lat' dir='ltr'><strong>solebat.</strong></span> 
     </span>
     <span class='ocr_line' id='line_1_21' title="bbox 342 1287 1784 1342; baseline -0.001 -14"><span class='ocrx_word' id='word_1_179' title='bbox 342 1290 446 1328; x_wconf 88' lang='lat' dir='ltr'><strong>Erat</strong></span> <span class='ocrx_word' id='word_1_180' title='bbox 481 1302 575 1341; x_wconf 81' lang='lat' dir='ltr'><strong>ergo</strong></span> <span class='ocrx_word' id='word_1_181' title='bbox 613 1287 812 1327; x_wconf 83' lang='lat' dir='ltr'><strong>eanicleus</strong></span> <span class='ocrx_word' id='word_1_182' title='bbox 846 1287 911 1328; x_wconf 90' lang='lat' dir='ltr'><strong>vel</strong></span> <span class='ocrx_word' id='word_1_183' title='bbox 954 1288 1175 1342; x_wconf 83' lang='lat' dir='ltr'><strong>praefectus</strong></span> <span class='ocrx_word' id='word_1_184' title='bbox 1214 1295 1284 1327; x_wconf 85' lang='lat' dir='ltr'><strong>aut</strong></span> <span class='ocrx_word' id='word_1_185' title='bbox 1327 1288 1592 1328; x_wconf 85' lang='lat' dir='ltr'><strong>chartularius</strong></span> <span class='ocrx_word' id='word_1_186' title='bbox 1620 1289 1784 1328; x_wconf 77' lang='lat' dir='ltr'><strong>caniciei</strong></span> 
     </span>
     <span class='ocr_line' id='line_1_22' title="bbox 344 1338 1786 1397; baseline -0.001 -14"><span class='ocrx_word' id='word_1_187' title='bbox 344 1344 476 1393; x_wconf 86' lang='lat' dir='ltr'><strong>idem,</strong></span> <span class='ocrx_word' id='word_1_188' title='bbox 520 1343 652 1382; x_wconf 83' lang='lat' dir='ltr'><strong>saltim</strong></span> <span class='ocrx_word' id='word_1_189' title='bbox 688 1345 850 1383; x_wconf 88' lang='lat' dir='ltr'><strong>nomine</strong></span> <span class='ocrx_word' id='word_1_190' title='bbox 876 1350 995 1382; x_wconf 85' lang='lat' dir='ltr'><strong>tenus</strong></span> <span class='ocrx_word' id='word_1_191' title='bbox 1014 1373 1026 1394; x_wconf 93' lang='lat'><strong>,</strong></span> <span class='ocrx_word' id='word_1_192' title='bbox 1069 1346 1138 1397; x_wconf 90' lang='lat' dir='ltr'><strong>qui</strong></span> <span class='ocrx_word' id='word_1_193' title='bbox 1166 1343 1261 1382; x_wconf 85' lang='lat' dir='ltr'><strong>olim</strong></span> <span class='ocrx_word' id='word_1_194' title='bbox 1284 1345 1325 1383; x_wconf 90' lang='lat' dir='ltr'><strong>in</strong></span> <span class='ocrx_word' id='word_1_195' title='bbox 1351 1344 1442 1384; x_wconf 88' lang='lat' dir='ltr'><strong>aula</strong></span> <span class='ocrx_word' id='word_1_196' title='bbox 1473 1344 1730 1383; x_wconf 88' lang='lat' dir='ltr'><strong>Macedonica</strong></span> <span class='ocrx_word' id='word_1_197' title='bbox 1760 1338 1786 1381; x_wconf 78' lang='grc' dir='ltr'>ὅ</span> 
     </span>
     <span class='ocr_line' id='line_1_23' title="bbox 344 1396 1781 1453; baseline -0.001 -14"><span class='ocrx_word' id='word_1_198' title='bbox 344 1397 418 1439; x_wconf 73' lang='grc' dir='ltr'><strong>ἐπὶ</strong></span> <span class='ocrx_word' id='word_1_199' title='bbox 453 1397 528 1436; x_wconf 80' lang='grc' dir='ltr'><strong>τοῦ</strong></span> <span class='ocrx_word' id='word_1_200' title='bbox 557 1398 844 1450; x_wconf 78' lang='grc' dir='ltr'><em>γραμματείου</em></span> <span class='ocrx_word' id='word_1_201' title='bbox 862 1426 875 1448; x_wconf 90' lang='grc'>,</span> <span class='ocrx_word' id='word_1_202' title='bbox 921 1413 1040 1452; x_wconf 90' lang='lat' dir='ltr'><strong>quem</strong></span> <span class='ocrx_word' id='word_1_203' title='bbox 1081 1406 1368 1439; x_wconf 84' lang='lat' dir='ltr'><strong>commemorat</strong></span> <span class='ocrx_word' id='word_1_204' title='bbox 1403 1399 1596 1453; x_wconf 85' lang='lat' dir='ltr'><strong>Polybius</strong></span> <span class='ocrx_word' id='word_1_205' title='bbox 1620 1414 1663 1452; x_wconf 92' lang='lat' dir='ltr'><strong>p.</strong></span> <span class='ocrx_word' id='word_1_206' title='bbox 1686 1396 1781 1448; x_wconf 88' lang='grc'><strong><em>485.</em></strong></span> 
     </span>
     <span class='ocr_line' id='line_1_24' title="bbox 346 1452 1790 1509; baseline -0.001 -17"><span class='ocrx_word' id='word_1_207' title='bbox 346 1466 414 1492; x_wconf 82' lang='lat'><strong>20.</strong></span> <span class='ocrx_word' id='word_1_208' title='bbox 441 1453 537 1492; x_wconf 86' lang='lat' dir='ltr'><strong>edit.</strong></span> <span class='ocrx_word' id='word_1_209' title='bbox 569 1455 752 1492; x_wconf 85' lang='lat' dir='ltr'><strong>Gronov.</strong></span> <span class='ocrx_word' id='word_1_210' title='bbox 809 1452 918 1508; x_wconf 80' lang='lat' dir='ltr'><strong>*[De</strong></span> <span class='ocrx_word' id='word_1_211' title='bbox 954 1452 1130 1493; x_wconf 91' lang='lat' dir='ltr'><strong>canicleo</strong></span> <span class='ocrx_word' id='word_1_212' title='bbox 1164 1454 1244 1493; x_wconf 92' lang='lat' dir='ltr'><strong>vid.</strong></span> <span class='ocrx_word' id='word_1_213' title='bbox 1267 1457 1334 1494; x_wconf 92' lang='lat' dir='ltr'><strong>Du</strong></span> <span class='ocrx_word' id='word_1_214' title='bbox 1363 1455 1497 1509; x_wconf 85' lang='lat' dir='ltr'><strong>Gange</strong></span> <span class='ocrx_word' id='word_1_215' title='bbox 1517 1455 1568 1493; x_wconf 90' lang='lat' dir='ltr'><strong>ad</strong></span> <span class='ocrx_word' id='word_1_216' title='bbox 1598 1452 1790 1493; x_wconf 67' lang='lat' dir='ltr'><strong>Alexiad..</strong></span> 
     </span>
     <span class='ocr_line' id='line_1_25' title="bbox 345 1508 1787 1564; baseline -0.001 -17"><span class='ocrx_word' id='word_1_217' title='bbox 345 1522 385 1562; x_wconf 85' lang='lat' dir='ltr'><strong>p.</strong></span> <span class='ocrx_word' id='word_1_218' title='bbox 408 1508 503 1561; x_wconf 83' lang='lat'><strong>257.</strong></span> <span class='ocrx_word' id='word_1_219' title='bbox 522 1508 615 1562; x_wconf 77' lang='lat'><strong>378.</strong></span> <span class='ocrx_word' id='word_1_220' title='bbox 657 1509 922 1562; x_wconf 77' lang='lat' dir='ltr'><strong>Imperatores</strong></span> <span class='ocrx_word' id='word_1_221' title='bbox 949 1510 1072 1548; x_wconf 91' lang='lat' dir='ltr'><strong>rubro</strong></span> <span class='ocrx_word' id='word_1_222' title='bbox 1100 1508 1252 1548; x_wconf 84' lang='lat' dir='ltr'><strong>litteras</strong></span> <span class='ocrx_word' id='word_1_223' title='bbox 1275 1524 1365 1548; x_wconf 86' lang='lat' dir='ltr'><strong>suas</strong></span> <span class='ocrx_word' id='word_1_224' title='bbox 1391 1509 1615 1564; x_wconf 82' lang='lat' dir='ltr'><strong>signabant.</strong></span> <span class='ocrx_word' id='word_1_225' title='bbox 1639 1510 1787 1561; x_wconf 69' lang='lat' dir='ltr'><strong>Georg-</strong></span> 
     </span>
     <span class='ocr_line' id='line_1_26' title="bbox 346 1562 1786 1618; baseline 0 -16"><span class='ocrx_word' id='word_1_226' title='bbox 346 1562 574 1615; x_wconf 85' lang='lat' dir='ltr'><strong>Acropolit.</strong></span> <span class='ocrx_word' id='word_1_227' title='bbox 603 1578 642 1617; x_wconf 89' lang='lat' dir='ltr'><strong>p.</strong></span> <span class='ocrx_word' id='word_1_228' title='bbox 662 1562 757 1614; x_wconf 74' lang='lat'><strong>453.</strong></span> <span class='ocrx_word' id='word_1_229' title='bbox 816 1564 879 1602; x_wconf 91' lang='lat' dir='ltr'><strong>De</strong></span> <span class='ocrx_word' id='word_1_230' title='bbox 900 1563 1137 1615; x_wconf 81' lang='lat' dir='ltr'><strong>cinnabari,</strong></span> <span class='ocrx_word' id='word_1_231' title='bbox 1165 1579 1245 1618; x_wconf 89' lang='lat' dir='ltr'><strong>qua</strong></span> <span class='ocrx_word' id='word_1_232' title='bbox 1273 1566 1400 1618; x_wconf 87' lang='lat' dir='ltr'><strong>Impp.</strong></span> <span class='ocrx_word' id='word_1_233' title='bbox 1441 1565 1594 1603; x_wconf 87' lang='lat' dir='ltr'><strong>CPtani</strong></span> <span class='ocrx_word' id='word_1_234' title='bbox 1620 1565 1660 1602; x_wconf 93' lang='lat' dir='ltr'><strong>in</strong></span> <span class='ocrx_word' id='word_1_235' title='bbox 1690 1564 1786 1602; x_wconf 90' lang='lat' dir='ltr'><strong>sub-</strong></span> 
     </span>
     <span class='ocr_line' id='line_1_27' title="bbox 347 1617 1791 1672; baseline 0 -16"><span class='ocrx_word' id='word_1_236' title='bbox 347 1618 630 1670; x_wconf 77' lang='lat' dir='ltr'><strong>scriptionibus</strong></span> <span class='ocrx_word' id='word_1_237' title='bbox 667 1620 897 1665; x_wconf 82' lang='lat' dir='ltr'><strong>utebantur,</strong></span> <span class='ocrx_word' id='word_1_238' title='bbox 928 1619 1011 1658; x_wconf 88' lang='lat' dir='ltr'><strong>vid.</strong></span> <span class='ocrx_word' id='word_1_239' title='bbox 1043 1620 1184 1658; x_wconf 84' lang='lat' dir='ltr'><strong>Giorn.</strong></span> <span class='ocrx_word' id='word_1_240' title='bbox 1211 1620 1273 1658; x_wconf 88' lang='lat' dir='ltr'><strong>dei</strong></span> <span class='ocrx_word' id='word_1_241' title='bbox 1310 1621 1500 1659; x_wconf 87' lang='lat' dir='ltr'><strong>Letterati</strong></span> <span class='ocrx_word' id='word_1_242' title='bbox 1522 1620 1596 1657; x_wconf 93' lang='lat' dir='ltr'><strong>VI.</strong></span> <span class='ocrx_word' id='word_1_243' title='bbox 1630 1633 1670 1672; x_wconf 88' lang='lat' dir='ltr'><strong>p.</strong></span> <span class='ocrx_word' id='word_1_244' title='bbox 1687 1617 1791 1669; x_wconf 86' lang='grc'><strong><em>480.-</em></strong></span> 
     </span>
     <span class='ocr_line' id='line_1_28' title="bbox 350 1672 1787 1714; baseline -0.001 -3"><span class='ocrx_word' id='word_1_245' title='bbox 350 1679 389 1711; x_wconf 89' lang='lat' dir='ltr'><strong>et</strong></span> <span class='ocrx_word' id='word_1_246' title='bbox 411 1672 583 1711; x_wconf 69' lang='lat' dir='ltr'><strong>Michaffl</strong></span> <span class='ocrx_word' id='word_1_247' title='bbox 623 1674 763 1713; x_wconf 85' lang='lat' dir='ltr'><strong>Lazari</strong></span> <span class='ocrx_word' id='word_1_248' title='bbox 796 1674 998 1713; x_wconf 86' lang='lat' dir='ltr'><strong>Consutat.</strong></span> <span class='ocrx_word' id='word_1_249' title='bbox 1027 1674 1181 1714; x_wconf 86' lang='lat' dir='ltr'><strong>dissert.</strong></span> <span class='ocrx_word' id='word_1_250' title='bbox 1213 1674 1346 1713; x_wconf 82' lang='lat' dir='ltr'><strong>Maffei</strong></span> <span class='ocrx_word' id='word_1_251' title='bbox 1377 1675 1428 1713; x_wconf 90' lang='lat' dir='ltr'><strong>de</strong></span> <span class='ocrx_word' id='word_1_252' title='bbox 1472 1673 1607 1713; x_wconf 84' lang='lat' dir='ltr'><strong>fabula</strong></span> <span class='ocrx_word' id='word_1_253' title='bbox 1633 1673 1787 1711; x_wconf 88' lang='lat' dir='ltr'><strong>ordinis</strong></span> 
     </span>
     <span class='ocr_line' id='line_1_29' title="bbox 347 1727 1793 1782; baseline 0 -16"><span class='ocrx_word' id='word_1_254' title='bbox 347 1727 665 1767; x_wconf 85' lang='lat' dir='ltr'><strong>Constantiniani</strong></span> <span class='ocrx_word' id='word_1_255' title='bbox 700 1743 740 1781; x_wconf 84' lang='lat' dir='ltr'><strong>p.</strong></span> <span class='ocrx_word' id='word_1_256' title='bbox 761 1728 868 1782; x_wconf 71' lang='grc'><strong><em>24.]*</em></strong></span> <span class='ocrx_word' id='word_1_257' title='bbox 925 1730 1024 1768; x_wconf 85' lang='lat' dir='ltr'><strong>Item</strong></span> <span class='ocrx_word' id='word_1_258' title='bbox 1050 1728 1265 1768; x_wconf 87' lang='lat' dir='ltr'><strong>Alemann.</strong></span> <span class='ocrx_word' id='word_1_259' title='bbox 1283 1730 1334 1768; x_wconf 88' lang='lat' dir='ltr'><strong>ad</strong></span> <span class='ocrx_word' id='word_1_260' title='bbox 1354 1730 1527 1782; x_wconf 91' lang='lat' dir='ltr'><strong>Procop.</strong></span> <span class='ocrx_word' id='word_1_261' title='bbox 1557 1728 1714 1767; x_wconf 90' lang='lat' dir='ltr'><strong>Anecd.</strong></span> <span class='ocrx_word' id='word_1_262' title='bbox 1743 1741 1793 1780; x_wconf 78' lang='lat' dir='ltr'><strong>p.</strong></span> 
     </span>
     <span class='ocr_line' id='line_1_30' title="bbox 356 1783 1795 1838; baseline 0 -17"><span class='ocrx_word' id='word_1_263' title='bbox 356 1796 420 1835; x_wconf 83' lang='lat'><strong>19.</strong></span> <span class='ocrx_word' id='word_1_264' title='bbox 451 1797 515 1821; x_wconf 86' lang='lat'><strong>20.</strong></span> <span class='ocrx_word' id='word_1_265' title='bbox 534 1815 546 1833; x_wconf 91' lang='lat'><em>‚</em></span> <span class='ocrx_word' id='word_1_266' title='bbox 575 1784 697 1823; x_wconf 80' lang='lat' dir='ltr'><strong>Goar.</strong></span> <span class='ocrx_word' id='word_1_267' title='bbox 726 1785 776 1823; x_wconf 86' lang='lat' dir='ltr'><strong>ad</strong></span> <span class='ocrx_word' id='word_1_268' title='bbox 793 1784 934 1826; x_wconf 84' lang='lat' dir='ltr'><strong>Codin.</strong></span> <span class='ocrx_word' id='word_1_269' title='bbox 967 1799 1006 1837; x_wconf 91' lang='lat' dir='ltr'><strong>p.</strong></span> <span class='ocrx_word' id='word_1_270' title='bbox 1040 1785 1107 1826; x_wconf 80' lang='lat'><strong>55.</strong></span> <span class='ocrx_word' id='word_1_271' title='bbox 1136 1799 1180 1823; x_wconf 88' lang='lat' dir='ltr'><strong>n.</strong></span> <span class='ocrx_word' id='word_1_272' title='bbox 1210 1798 1276 1838; x_wconf 77' lang='lat'><strong>77.</strong></span> <span class='ocrx_word' id='word_1_273' title='bbox 1297 1814 1309 1836; x_wconf 88' lang='lat'><strong>,</strong></span> <span class='ocrx_word' id='word_1_274' title='bbox 1349 1786 1416 1823; x_wconf 92' lang='lat' dir='ltr'><strong>Du</strong></span> <span class='ocrx_word' id='word_1_275' title='bbox 1438 1785 1573 1837; x_wconf 80' lang='lat' dir='ltr'><strong>Gange</strong></span> <span class='ocrx_word' id='word_1_276' title='bbox 1591 1797 1633 1821; x_wconf 89' lang='lat' dir='ltr'><strong>v.</strong></span> <span class='ocrx_word' id='word_1_277' title='bbox 1651 1783 1795 1822; x_wconf 80' lang='lat' dir='ltr'><strong>Cani--</strong></span> 
     </span>
     <span class='ocr_line' id='line_1_31' title="bbox 354 1835 1794 1892; baseline 0 -17"><span class='ocrx_word' id='word_1_278' title='bbox 354 1839 478 1876; x_wconf 74' lang='lat' dir='ltr'><strong>cliuus</strong></span> <span class='ocrx_word' id='word_1_279' title='bbox 514 1845 553 1877; x_wconf 87' lang='lat' dir='ltr'><strong>et</strong></span> <span class='ocrx_word' id='word_1_280' title='bbox 585 1838 830 1885; x_wconf 79' lang='grc' dir='ltr'><em>Κανίκλειος</em></span> <span class='ocrx_word' id='word_1_281' title='bbox 866 1847 906 1878; x_wconf 87' lang='lat' dir='ltr'><strong>et</strong></span> <span class='ocrx_word' id='word_1_282' title='bbox 928 1835 1170 1891; x_wconf 71' lang='grc' dir='ltr'><em>Λογοθέτης</em></span> <span class='ocrx_word' id='word_1_283' title='bbox 1202 1840 1277 1877; x_wconf 82' lang='grc' dir='ltr'><strong>τοῦ</strong></span> <span class='ocrx_word' id='word_1_284' title='bbox 1306 1835 1463 1890; x_wconf 73' lang='grc' dir='ltr'><em>δρόμου</em></span> <span class='ocrx_word' id='word_1_285' title='bbox 1485 1868 1497 1890; x_wconf 87' lang='lat'><strong>,</strong></span> <span class='ocrx_word' id='word_1_286' title='bbox 1539 1852 1659 1892; x_wconf 83' lang='lat' dir='ltr'><strong>quem</strong></span> <span class='ocrx_word' id='word_1_287' title='bbox 1696 1851 1794 1890; x_wconf 80' lang='lat' dir='ltr'><strong>per--¹</strong></span> 
     </span>
     <span class='ocr_line' id='line_1_32' title="bbox 350 1892 1790 1948; baseline 0 -18"><span class='ocrx_word' id='word_1_288' title='bbox 350 1906 489 1947; x_wconf 88' lang='lat' dir='ltr'><strong>peram</strong></span> <span class='ocrx_word' id='word_1_289' title='bbox 532 1907 625 1932; x_wconf 89' lang='lat' dir='ltr'><strong>cum</strong></span> <span class='ocrx_word' id='word_1_290' title='bbox 671 1892 846 1933; x_wconf 89' lang='lat' dir='ltr'><strong>canicleo</strong></span> <span class='ocrx_word' id='word_1_291' title='bbox 892 1894 1064 1932; x_wconf 85' lang='lat' dir='ltr'><strong>eundem</strong></span> <span class='ocrx_word' id='word_1_292' title='bbox 1103 1894 1211 1932; x_wconf 86' lang='lat' dir='ltr'><strong>facit.</strong></span> <span class='ocrx_word' id='word_1_293' title='bbox 1267 1895 1459 1948; x_wconf 79' lang='lat' dir='ltr'><strong>Egregius</strong></span> <span class='ocrx_word' id='word_1_294' title='bbox 1497 1901 1554 1932; x_wconf 90' lang='lat' dir='ltr'><strong>est</strong></span> <span class='ocrx_word' id='word_1_295' title='bbox 1579 1892 1646 1931; x_wconf 88' lang='lat' dir='ltr'><strong>ille</strong></span> <span class='ocrx_word' id='word_1_296' title='bbox 1676 1892 1790 1931; x_wconf 86' lang='lat' dir='ltr'><strong>locus</strong></span> 
     </span>
     <span class='ocr_line' id='line_1_33' title="bbox 352 1947 1787 2002; baseline -0.002 -14"><span class='ocrx_word' id='word_1_297' title='bbox 352 1948 567 2000; x_wconf 83' lang='lat' dir='ltr'><strong>Procopii,</strong></span> <span class='ocrx_word' id='word_1_298' title='bbox 611 1949 662 1987; x_wconf 91' lang='lat' dir='ltr'><strong>ad</strong></span> <span class='ocrx_word' id='word_1_299' title='bbox 691 1963 812 2002; x_wconf 88' lang='lat' dir='ltr'><strong>quem</strong></span> <span class='ocrx_word' id='word_1_300' title='bbox 852 1948 1101 1988; x_wconf 89' lang='lat' dir='ltr'><strong>Alemannus</strong></span> <span class='ocrx_word' id='word_1_301' title='bbox 1128 1949 1179 1987; x_wconf 90' lang='lat' dir='ltr'><strong>de</strong></span> <span class='ocrx_word' id='word_1_302' title='bbox 1212 1950 1379 1989; x_wconf 88' lang='lat' dir='ltr'><strong>caniclio</strong></span> <span class='ocrx_word' id='word_1_303' title='bbox 1413 1949 1594 1994; x_wconf 85' lang='lat' dir='ltr'><strong>disserit,</strong></span> <span class='ocrx_word' id='word_1_304' title='bbox 1621 1947 1690 1987; x_wconf 88' lang='lat' dir='ltr'><strong>sed</strong></span> <span class='ocrx_word' id='word_1_305' title='bbox 1713 1948 1787 2000; x_wconf 89' lang='lat' dir='ltr'><strong>ipsi</strong></span> 
     </span>
     <span class='ocr_line' id='line_1_34' title="bbox 351 2001 1784 2057; baseline 0 -17"><span class='ocrx_word' id='word_1_306' title='bbox 351 2016 434 2040; x_wconf 92' lang='lat' dir='ltr'><strong>non</strong></span> <span class='ocrx_word' id='word_1_307' title='bbox 475 2003 576 2041; x_wconf 87' lang='lat' dir='ltr'><strong>bene</strong></span> <span class='ocrx_word' id='word_1_308' title='bbox 613 2011 844 2056; x_wconf 81' lang='lat' dir='ltr'><strong>perceptus3</strong></span> <span class='ocrx_word' id='word_1_309' title='bbox 895 2018 1014 2057; x_wconf 88' lang='lat' dir='ltr'><strong>quem</strong></span> <span class='ocrx_word' id='word_1_310' title='bbox 1067 2003 1142 2042; x_wconf 89' lang='lat' dir='ltr'><strong>hac</strong></span> <span class='ocrx_word' id='word_1_311' title='bbox 1181 2007 1385 2044; x_wconf 87' lang='lat' dir='ltr'><strong>occasione</strong></span> <span class='ocrx_word' id='word_1_312' title='bbox 1434 2017 1651 2056; x_wconf 82' lang='lat' dir='ltr'><strong>exponere.</strong></span> <span class='ocrx_word' id='word_1_313' title='bbox 1674 2001 1784 2041; x_wconf 82' lang='lat' dir='ltr'><strong>volo.</strong></span> 
     </span>
     <span class='ocr_line' id='line_1_35' title="bbox 354 2056 1784 2111; baseline 0 -16"><span class='ocrx_word' id='word_1_314' title='bbox 354 2056 537 2104; x_wconf 81' lang='lat' dir='ltr'><strong>Narrat,</strong></span> <span class='ocrx_word' id='word_1_315' title='bbox 567 2058 762 2097; x_wconf 79' lang='lat' dir='ltr'><strong>lustinum</strong></span> <span class='ocrx_word' id='word_1_316' title='bbox 802 2060 903 2111; x_wconf 87' lang='lat' dir='ltr'><strong>Imp.</strong></span> <span class='ocrx_word' id='word_1_317' title='bbox 955 2059 1151 2105; x_wconf 80' lang='lat' dir='ltr'><strong>seniorem</strong></span> <span class='ocrx_word' id='word_1_318' title='bbox 1194 2059 1332 2098; x_wconf 89' lang='lat' dir='ltr'><strong>rudem</strong></span> <span class='ocrx_word' id='word_1_319' title='bbox 1383 2059 1605 2098; x_wconf 79' lang='lat' dir='ltr'><strong>litterarum</strong></span> <span class='ocrx_word' id='word_1_320' title='bbox 1649 2056 1784 2096; x_wconf 85' lang='lat' dir='ltr'><strong>fuisse.</strong></span> 
     </span>
     <span class='ocr_line' id='line_1_36' title="bbox 355 2111 1795 2166; baseline 0.001 -17"><span class='ocrx_word' id='word_1_321' title='bbox 355 2112 492 2162; x_wconf 87' lang='lat' dir='ltr'><strong>Quum</strong></span> <span class='ocrx_word' id='word_1_322' title='bbox 523 2119 655 2152; x_wconf 82' lang='lat' dir='ltr'><strong>autem</strong></span> <span class='ocrx_word' id='word_1_323' title='bbox 679 2114 798 2152; x_wconf 85' lang='lat' dir='ltr'><strong>moris</strong></span> <span class='ocrx_word' id='word_1_324' title='bbox 824 2121 949 2164; x_wconf 86' lang='lat' dir='ltr'><strong>esset,</strong></span> <span class='ocrx_word' id='word_1_325' title='bbox 979 2121 1024 2152; x_wconf 89' lang='lat' dir='ltr'><strong>ut</strong></span> <span class='ocrx_word' id='word_1_326' title='bbox 1043 2114 1263 2166; x_wconf 88' lang='lat' dir='ltr'><strong>Imperator</strong></span> <span class='ocrx_word' id='word_1_327' title='bbox 1293 2114 1435 2153; x_wconf 85' lang='lat' dir='ltr'><strong>libellis</strong></span> <span class='ocrx_word' id='word_1_328' title='bbox 1474 2111 1716 2166; x_wconf 85' lang='lat' dir='ltr'><strong>supplicibus</strong></span> <span class='ocrx_word' id='word_1_329' title='bbox 1747 2117 1795 2150; x_wconf 72' lang='lat' dir='ltr'><strong>etv</strong></span> 
     </span>
     <span class='ocr_line' id='line_1_37' title="bbox 356 2166 1797 2222; baseline 0.001 -19"><span class='ocrx_word' id='word_1_330' title='bbox 356 2167 554 2206; x_wconf 86' lang='lat' dir='ltr'><strong>mandatis</strong></span> <span class='ocrx_word' id='word_1_331' title='bbox 575 2168 839 2207; x_wconf 64' lang='lat' dir='ltr'><strong>subscriberet</strong></span> <span class='ocrx_word' id='word_1_332' title='bbox 859 2183 1058 2208; x_wconf 87' lang='lat' dir='ltr'><strong>assensum</strong></span> <span class='ocrx_word' id='word_1_333' title='bbox 1093 2182 1232 2218; x_wconf 89' lang='lat' dir='ltr'><strong>suum,</strong></span> <span class='ocrx_word' id='word_1_334' title='bbox 1264 2170 1526 2222; x_wconf 85' lang='lat' dir='ltr'><strong>excogitatum</strong></span> <span class='ocrx_word' id='word_1_335' title='bbox 1560 2167 1634 2206; x_wconf 84' lang='lat' dir='ltr'><strong>hoc</strong></span> <span class='ocrx_word' id='word_1_336' title='bbox 1667 2166 1797 2205; x_wconf 78' lang='lat' dir='ltr'><strong>fuisse-</strong></span> 
     </span>
     <span class='ocr_line' id='line_1_38' title="bbox 354 2216 1797 2288; baseline -0.001 -29"><span class='ocrx_word' id='word_1_337' title='bbox 354 2221 595 2262; x_wconf 83' lang='lat' dir='ltr'><strong>artificium:</strong></span> <span class='ocrx_word' id='word_1_338' title='bbox 638 2222 746 2278; x_wconf 70' lang='grc' dir='ltr'><strong>ξύλῳ</strong></span> <span class='ocrx_word' id='word_1_339' title='bbox 790 2222 1045 2278; x_wconf 77' lang='grc' dir='ltr'><em>εἰργασμένῳ</em></span> <span class='ocrx_word' id='word_1_340' title='bbox 1086 2224 1247 2275; x_wconf 64' lang='grc' dir='ltr'><em>βραχεῖ</em></span> <span class='ocrx_word' id='word_1_341' title='bbox 1283 2221 1579 2274; x_wconf 84' lang='grc' dir='ltr'><em>ἐγκολάψαντες</em></span> <span class='ocrx_word' id='word_1_342' title='bbox 1617 2216 1797 2288; x_wconf 66' lang='grc' dir='ltr'><em>μορφήν·-</em></span> 
     </span>
     <span class='ocr_line' id='line_1_39' title="bbox 353 2273 1794 2331; baseline -0.002 -17"><span class='ocrx_word' id='word_1_343' title='bbox 353 2290 447 2314; x_wconf 84' lang='grc' dir='ltr'><em>τινα</em></span> <span class='ocrx_word' id='word_1_344' title='bbox 494 2273 748 2327; x_wconf 73' lang='grc' dir='ltr'><em>γραμμάτων</em></span> <span class='ocrx_word' id='word_1_345' title='bbox 794 2276 1027 2327; x_wconf 79' lang='grc' dir='ltr'><em>τεττάρων,</em></span> <span class='ocrx_word' id='word_1_346' title='bbox 1073 2273 1175 2329; x_wconf 78' lang='grc' dir='ltr'><em>ἅπερ</em></span> <span class='ocrx_word' id='word_1_347' title='bbox 1218 2276 1453 2329; x_wconf 81' lang='grc' dir='ltr'><em>α’ναγνῶναι</em></span> <span class='ocrx_word' id='word_1_348' title='bbox 1495 2276 1548 2331; x_wconf 82' lang='grc' dir='ltr'><strong>τῇ</strong></span> <span class='ocrx_word' id='word_1_349' title='bbox 1592 2277 1794 2316; x_wconf 86' lang='grc' dir='ltr'><em>Λατινων·</em></span> 
     </span>
     <span class='ocr_line' id='line_1_40' title="bbox 354 2324 1790 2386; baseline -0.001 -18"><span class='ocrx_word' id='word_1_350' title='bbox 354 2329 477 2383; x_wconf 77' lang='grc' dir='ltr'><em>φωνῇ’</em></span> <span class='ocrx_word' id='word_1_351' title='bbox 502 2327 890 2384; x_wconf 76' lang='grc' dir='ltr'><em>ὁ”ύναται,γραφι’δα</em></span> <span class='ocrx_word' id='word_1_352' title='bbox 907 2331 952 2372; x_wconf 77' lang='grc' dir='ltr'><strong>δὲ</strong></span> <span class='ocrx_word' id='word_1_353' title='bbox 971 2331 1089 2386; x_wconf 82' lang='grc' dir='ltr'><em>βαφῇ</em></span> <span class='ocrx_word' id='word_1_354' title='bbox 1103 2330 1317 2383; x_wconf 80' lang='grc' dir='ltr'><em>βάψαντες</em></span> <span class='ocrx_word' id='word_1_355' title='bbox 1346 2324 1374 2386; x_wconf 79' lang='grc' dir='ltr'><em>ᾗ</em></span> <span class='ocrx_word' id='word_1_356' title='bbox 1400 2332 1587 2383; x_wconf 85' lang='grc' dir='ltr'><em>βασιλεῖς</em></span> <span class='ocrx_word' id='word_1_357' title='bbox 1611 2325 1790 2382; x_wconf 78' lang='grc' dir='ltr'><em>γράφειν</em></span> 
     </span>
     <span class='ocr_line' id='line_1_41' title="bbox 354 2379 1792 2441; baseline -0.001 -19"><span class='ocrx_word' id='word_1_358' title='bbox 354 2379 558 2423; x_wconf 74' lang='grc' dir='ltr'><em>εἰώθασιν</em></span> <span class='ocrx_word' id='word_1_359' title='bbox 584 2384 832 2439; x_wconf 72' lang='grc' dir='ltr'><em>ἐνεχείριζον</em></span> <span class='ocrx_word' id='word_1_360' title='bbox 875 2386 930 2440; x_wconf 73' lang='grc' dir='ltr'><strong>τῷ</strong></span> <span class='ocrx_word' id='word_1_361' title='bbox 956 2388 1128 2437; x_wconf 82' lang='grc' dir='ltr'><em>βασιλεῖ</em></span> <span class='ocrx_word' id='word_1_362' title='bbox 1150 2382 1282 2441; x_wconf 75' lang='grc' dir='ltr'><em>τούτῳ</em></span> <span class='ocrx_word' id='word_1_363' title='bbox 1315 2395 1390 2426; x_wconf 82' lang='lat' dir='ltr'><strong>etc.</strong></span> <span class='ocrx_word' id='word_1_364' title='bbox 1412 2417 1423 2434; x_wconf 85' lang='lat'>‚</span> <span class='ocrx_word' id='word_1_365' title='bbox 1455 2386 1620 2425; x_wconf 78' lang='lat' dir='ltr'><strong>tabellae</strong></span> <span class='ocrx_word' id='word_1_366' title='bbox 1637 2385 1792 2436; x_wconf 77' lang='lat' dir='ltr'><strong>ligneae</strong></span> 
     </span>
     <span class='ocr_line' id='line_1_42' title="bbox 349 2439 1798 2495; baseline 0.001 -18"><span class='ocrx_word' id='word_1_367' title='bbox 349 2440 571 2492; x_wconf 77' lang='lat' dir='ltr'><strong>perpolitae</strong></span> <span class='ocrx_word' id='word_1_368' title='bbox 611 2442 785 2484; x_wconf 74' lang='lat' dir='ltr'><strong>formam</strong></span> <span class='ocrx_word' id='word_1_369' title='bbox 830 2450 1000 2495; x_wconf 79' lang='lat' dir='ltr'><strong>quatuor</strong></span> <span class='ocrx_word' id='word_1_370' title='bbox 1042 2442 1260 2481; x_wconf 78' lang='lat' dir='ltr'><strong>litterarum</strong></span> <span class='ocrx_word' id='word_1_371' title='bbox 1310 2444 1416 2481; x_wconf 78' lang='lat' dir='ltr'><strong>vocis</strong></span> <span class='ocrx_word' id='word_1_372' title='bbox 1451 2439 1617 2480; x_wconf 76' lang='lat' dir='ltr'><strong>Latinae</strong></span> <span class='ocrx_word' id='word_1_373' title='bbox 1631 2467 1642 2485; x_wconf 90' lang='lat'>‚</span> <span class='ocrx_word' id='word_1_374' title='bbox 1688 2451 1798 2493; x_wconf 63' lang='lat' dir='ltr'><strong>quae&gt;</strong></span> 
     </span>
     <span class='ocr_line' id='line_1_43' title="bbox 355 2494 1862 2549; baseline -0.001 -18"><span class='ocrx_word' id='word_1_375' title='bbox 355 2494 593 2549; x_wconf 53' lang='lat' dir='ltr'><strong>agrafi-aret</strong></span> <span class='ocrx_word' id='word_1_376' title='bbox 615 2525 625 2542; x_wconf 79' lang='lat'><em>‚</em></span> <span class='ocrx_word' id='word_1_377' title='bbox 660 2496 942 2549; x_wconf 82' lang='lat' dir='ltr'><strong>Imperatorem</strong></span> <span class='ocrx_word' id='word_1_378' title='bbox 973 2497 1050 2535; x_wconf 81' lang='lat' dir='ltr'><strong>ista</strong></span> <span class='ocrx_word' id='word_1_379' title='bbox 1077 2497 1226 2549; x_wconf 77' lang='lat' dir='ltr'><strong>legisse,</strong></span> <span class='ocrx_word' id='word_1_380' title='bbox 1257 2497 1505 2535; x_wconf 84' lang='lat' dir='ltr'><strong>incidendam</strong></span> <span class='ocrx_word' id='word_1_381' title='bbox 1534 2501 1695 2542; x_wconf 83' lang='lat' dir='ltr'><strong>curant,</strong></span> <span class='ocrx_word' id='word_1_382' title='bbox 1718 2506 1798 2530; x_wconf 69' lang='lat' dir='ltr'><strong>ea-v</strong></span> <span class='ocrx_word' id='word_1_383' title='bbox 1860 2524 1862 2527; x_wconf 73' lang='grc'>,</span> 
     </span>
     <span class='ocr_line' id='line_1_44' title="bbox 357 2548 1791 2605; baseline 0 -20"><span class='ocrx_word' id='word_1_384' title='bbox 357 2562 429 2599; x_wconf 71' lang='lat' dir='ltr'><strong>que</strong></span> <span class='ocrx_word' id='word_1_385' title='bbox 463 2549 595 2588; x_wconf 81' lang='lat' dir='ltr'><strong>libello</strong></span> <span class='ocrx_word' id='word_1_386' title='bbox 620 2551 816 2604; x_wconf 25' lang='lat' dir='ltr'><strong>imposita*</strong></span> <span class='ocrx_word' id='word_1_387' title='bbox 830 2551 1003 2589; x_wconf 79' lang='lat' dir='ltr'><strong>calamus</strong></span> <span class='ocrx_word' id='word_1_388' title='bbox 1034 2552 1160 2590; x_wconf 79' lang='lat' dir='ltr'><strong>colore</strong></span> <span class='ocrx_word' id='word_1_389' title='bbox 1193 2553 1356 2590; x_wconf 82' lang='lat' dir='ltr'><strong>imbutus</strong></span> <span class='ocrx_word' id='word_1_390' title='bbox 1374 2581 1384 2599; x_wconf 89' lang='lat'><strong>,</strong></span> <span class='ocrx_word' id='word_1_391' title='bbox 1421 2564 1498 2605; x_wconf 84' lang='lat' dir='ltr'><strong>quo</strong></span> <span class='ocrx_word' id='word_1_392' title='bbox 1528 2548 1690 2587; x_wconf 79' lang='lat' dir='ltr'><strong>scribere</strong></span> <span class='ocrx_word' id='word_1_393' title='bbox 1706 2559 1791 2586; x_wconf 79' lang='lat' dir='ltr'><strong>mos</strong></span> 
     </span>
     <span class='ocr_line' id='line_1_45' title="bbox 357 2602 1789 2660; baseline 0.002 -24"><span class='ocrx_word' id='word_1_394' title='bbox 357 2610 413 2638; x_wconf 75' lang='lat' dir='ltr'><strong>esc</strong></span> <span class='ocrx_word' id='word_1_395' title='bbox 453 2603 759 2658; x_wconf 77' lang='lat' dir='ltr'><strong>Imperator-ibus</strong></span> <span class='ocrx_word' id='word_1_396' title='bbox 776 2634 787 2656; x_wconf 93' lang='lat'>‚</span> <span class='ocrx_word' id='word_1_397' title='bbox 818 2606 905 2643; x_wconf 83' lang='grc' dir='ltr'><em>Ιιιιὶε</em></span> <span class='ocrx_word' id='word_1_398' title='bbox 932 2605 1110 2660; x_wconf 80' lang='lat' dir='ltr'><strong>principi</strong></span> <span class='ocrx_word' id='word_1_399' title='bbox 1139 2608 1181 2644; x_wconf 81' lang='lat' dir='ltr'><strong>in</strong></span> <span class='ocrx_word' id='word_1_400' title='bbox 1209 2620 1344 2645; x_wconf 78' lang='lat' dir='ltr'><strong>manus</strong></span> <span class='ocrx_word' id='word_1_401' title='bbox 1369 2605 1527 2644; x_wconf 80' lang='lat' dir='ltr'><strong>tradunt</strong></span> <span class='ocrx_word' id='word_1_402' title='bbox 1563 2609 1640 2640; x_wconf 87' lang='lat' dir='ltr'><strong>etc.</strong></span> <span class='ocrx_word' id='word_1_403' title='bbox 1698 2602 1789 2640; x_wconf 85' lang='lat' dir='ltr'><strong>Vox</strong></span> 
     </span>
     <span class='ocr_line' id='line_1_46' title="bbox 361 2655 1799 2713; baseline 0.002 -23"><span class='ocrx_word' id='word_1_404' title='bbox 361 2661 495 2694; x_wconf 86' lang='lat' dir='ltr'><strong>autem</strong></span> <span class='ocrx_word' id='word_1_405' title='bbox 523 2658 591 2697; x_wconf 83' lang='lat' dir='ltr'><strong>iila</strong></span> <span class='ocrx_word' id='word_1_406' title='bbox 621 2660 762 2698; x_wconf 83' lang='lat' dir='ltr'><strong>Latina</strong></span> <span class='ocrx_word' id='word_1_407' title='bbox 795 2666 968 2712; x_wconf 85' lang='lat' dir='ltr'><strong>quatuor</strong></span> <span class='ocrx_word' id='word_1_408' title='bbox 1000 2660 1246 2710; x_wconf 85' lang='lat' dir='ltr'><strong>litterarum,</strong></span> <span class='ocrx_word' id='word_1_409' title='bbox 1277 2674 1398 2713; x_wconf 89' lang='lat' dir='ltr'><strong>quam</strong></span> <span class='ocrx_word' id='word_1_410' title='bbox 1433 2658 1652 2710; x_wconf 90' lang='lat' dir='ltr'><strong>Procopius</strong></span> <span class='ocrx_word' id='word_1_411' title='bbox 1686 2655 1799 2694; x_wconf 78' lang='lat' dir='ltr'><strong>desi--</strong></span> 
     </span>
    </p>
   </div>
   <div class='ocr_carea' id='block_1_3' title="bbox 358 2709 1791 2766">
    <p class='ocr_par' dir='ltr' id='par_1_4' title="bbox 358 2709 1791 2766">
     <span class='ocr_line' id='line_1_47' title="bbox 358 2709 1791 2766; baseline 0.002 -21"><span class='ocrx_word' id='word_1_412' title='bbox 358 2715 480 2759; x_wconf 80' lang='lat' dir='ltr'><strong>gnat,</strong></span> <span class='ocrx_word' id='word_1_413' title='bbox 524 2720 582 2750; x_wconf 86' lang='lat' dir='ltr'><strong>est</strong></span> <span class='ocrx_word' id='word_1_414' title='bbox 607 2713 766 2766; x_wconf 80' lang='lat' dir='ltr'><strong>LEGI,</strong></span> <span class='ocrx_word' id='word_1_415' title='bbox 812 2728 893 2753; x_wconf 89' lang='lat' dir='ltr'><strong>non</strong></span> <span class='ocrx_word' id='word_1_416' title='bbox 922 2722 1056 2754; x_wconf 87' lang='lat' dir='ltr'><strong>autem</strong></span> <span class='ocrx_word' id='word_1_417' title='bbox 1086 2715 1222 2755; x_wconf 78' lang='lat' dir='ltr'><strong>IUST.</strong></span> <span class='ocrx_word' id='word_1_418' title='bbox 1240 2746 1254 2766; x_wconf 89' lang='lat'><em>‚</em></span> <span class='ocrx_word' id='word_1_419' title='bbox 1291 2715 1329 2754; x_wconf 82' lang='lat' dir='ltr'><strong>id</strong></span> <span class='ocrx_word' id='word_1_420' title='bbox 1367 2720 1425 2752; x_wconf 80' lang='lat' dir='ltr'><strong>est</strong></span> <span class='ocrx_word' id='word_1_421' title='bbox 1460 2713 1651 2761; x_wconf 67' lang='lat' dir='ltr'><strong>Iustinus,</strong></span> <span class='ocrx_word' id='word_1_422' title='bbox 1681 2709 1791 2764; x_wconf 84' lang='lat' dir='ltr'><strong>quod</strong></span> 
     </span>
    </p>
   </div>
  </div>
 </body>
</html>
