1884 3132
277 160 352 202 An
393 159 727 202 APPEchEM
764 161 864 201 Lm.
907 163 938 201 1.
985 162 1057 202 m:
1107 159 1363 202 cEmmoN.
1439 139 1554 207 485

124 261 248 317 Apud
273 258 313 302 al
339 263 573 303 Maidanum
603 265 646 302 in
684 264 913 303 Proverbiis
950 271 1009 303 est
1045 263 1096 302 de
1139 264 1309 303 foemina
1339 262 1549 304 libidinosa

577 341 710 385 Ram!
748 340 902 403 ιοριῑϋ·
934 341 1098 384 offis

121 414 275 454 Parum
299 415 428 466 abest,
446 417 541 470 qaia
563 417 746 456 ebulliens
765 417 887 455 libido
910 426 1126 471 correptam
1149 418 1255 456 velut
1289 417 1430 456 insultu
1458 417 1542 470 epi—

230 471 367 524 leptico
387 470 445 509 ad
466 479 608 509 terram
629 481 864 525 prosternat.

119 536 207 576 Hoc
233 538 366 589 itaque
392 535 574 583 verbum,
611 545 655 575 ut
682 537 759 576 alia
786 536 929 587 multa,
961 543 1295 574 transsumserunt
1323 537 1462 575 Graeci
1492 535 1544 574 ab

117 590 347 641 Ambihus‚
393 597 438 629 ut
466 591 628 642 vicinis,
660 599 699 630 et
744 592 902 630 civitate
947 605 1018 629 sua
1045 591 1260 629 donarunt.
1317 591 1383 628 Du
1410 591 1542 644 Gange

117 660 158 685 v.
189 643 567 697 Ἀποκοπουρίζειν
601 647 759 698 exponit
785 661 881 700 equo
914 646 1078 684 deick-ere
1113 660 1152 698 p.
1183 647 1277 698 732.
1307 645 1436 683 Gloss.
1462 646 1537 684 Gr.

117 701 181 740 De
220 699 310 739 loco
352 700 553 752 scriptoris
596 701 711 739 Neo-
735 701 906 750 Graeci,
935 714 1054 752 quem
1091 707 1230 738 testem
1259 699 1419 738 adducit
1442 729 1454 749 ‚
1495 707 1543 738 ut

120 763 231 796 extra
257 756 540 794 connexionem
567 757 694 807 posito
723 763 761 794 et
789 769 869 794 non
901 754 1049 794 callens
1076 755 1195 793 huius
1233 754 1391 792 dialecti
1439 754 1543 792 iudi-

117 823 208 851 care
235 823 316 848 non
343 808 471 848 valeo.
526 810 648 848 Forte
677 811 874 849 derivavit
900 811 950 848 V.
969 810 1023 847 D.
1042 823 1130 847 eam
1157 823 1295 848 vocem
1323 823 1347 846 a
1374 804 1543 847 κόπου-

115 878 215 917 ρος,
255 877 357 916 equo
394 864 552 914 valido,
592 879 745 914 crasso,
783 866 957 903 carrario
975 894 986 914 ‚
1025 866 1234 917 sagmario.
1293 863 1404 901 Nihil
1431 862 1542 902 aliud

114 927 174 959 est
213 914 429 970 κόπουρος
445 949 458 968 ,
491 933 612 972 quam
656 917 864 971 κάνθαρος
905 926 1084 958 veterum
1106 950 1115 966 ‚
1156 918 1262 957 unde
1304 913 1540 969 κανθήλιος.

115 974 175 1013 At
203 974 298 1012 novi
326 973 510 1012 Graeculi
544 988 738 1028 nugacem
764 974 1042 1027 etymologiam
1062 988 1086 1012 a
1104 970 1244 1020 κοντὸς
1274 979 1312 1011 et
1341 966 1450 1023 οὖρά
1482 972 1542 1010 af-

116 1028 277 1075 ferunt,
309 1030 421 1080 quasi
447 1029 502 1066 sic
529 1028 613 1068 sola
640 1031 816 1067 iumenta
843 1029 970 1067 cauda
1010 1027 1191 1066 mutilata
1231 1025 1542 1080 appellarentur.

114 1083 232 1123 Iuvat
258 1082 333 1121 hac
361 1084 563 1122 occasione
588 1084 755 1123 verbum
782 1083 891 1122 aliud
918 1097 1114 1135 exponere
1130 1112 1140 1132 ‚
1174 1096 1255 1135 quo
1276 1082 1418 1120 Graeci
1445 1082 1541 1120 novi

114 1138 263 1178 bestiae
286 1137 489 1176 interitum
516 1139 765 1192 significant3
795 1152 935 1190 nempe
962 1133 1223 1185 πλαντάζειν.
1258 1134 1449 1188 Exempla
1466 1135 1540 1175 ha-

114 1192 183 1232 bet
221 1193 288 1232 Du
332 1192 465 1244 Gange
505 1207 544 1232 v.
582 1194 796 1246 Πλαντᾷν.
853 1193 926 1231 Est
962 1206 1103 1244 nempe
1148 1187 1396 1238 πλαντὰζειν
1435 1190 1540 1229 idem

114 1247 223 1300 quod
251 1243 495 1294 πλαττάζειν
518 1254 559 1286 et
585 1246 848 1298 πλαταγίζειν
866 1275 878 1295 ,
906 1262 1064 1300 crepare
1078 1276 1090 1296 ‚
1134 1261 1220 1284 cum
1245 1246 1390 1299 crepitu
1421 1244 1539 1282 dissi-

116 1302 203 1341 lire.
256 1302 316 1340 Ut
357 1302 491 1340 Latini
527 1302 648 1340 medii
687 1304 774 1341 aevi
815 1316 974 1356 crepare
1012 1309 1050 1339 et
1087 1300 1196 1338 illinc
1231 1299 1377 1338 Franci
1405 1314 1542 1337 crever

116 1370 192 1409 pro
218 1356 381 1408 rumpi,
419 1357 549 1407 perire
583 1363 737 1408 ponunt
759 1386 771 1406 ‚
815 1359 869 1395 sic
907 1357 1051 1395 Graeci
1079 1368 1238 1407 quoque
1265 1349 1507 1399 πλαντάζειν
1524 1383 1536 1403 ‚

116 1425 208 1449 cum
232 1424 314 1463 quo
342 1410 622 1448 Germanicum
653 1411 812 1463 platzen
858 1412 1058 1449 convenit.
1116 1410 1236 1448 Recte
1267 1409 1387 1459 igitur
1424 1406 1538 1446 exhi-

116 1465 214 1504 bent
240 1464 363 1517 aliqui
390 1464 544 1503 codices
567 1465 727 1502 Nicetae
757 1464 974 1503 Choniatae
1000 1459 1315 1511 πλανταξάντων
1331 1490 1342 1510 ‚
1371 1460 1439 1498 ubi
1470 1461 1538 1499 alii

114 1515 395 1571 λακησάντων.
450 1518 620 1557 Prorsus
646 1519 754 1556 idem
780 1526 839 1557 est
862 1521 999 1556 λακεῖν
1028 1525 1067 1555 et
1094 1513 1372 1580 πλαταῖιζξιν.
1404 1515 1539 1554 Verba

114 1575 280 1613 Nicetae
305 1573 403 1612 haec
430 1580 547 1612 sunt:
592 1573 738 1610 πολλοὶ
773 1571 819 1611 δὲ
857 1572 928 1610 καί
970 1565 1136 1610 ἄνοπλοι
1173 1583 1241 1608 και
1281 1581 1450 1606 ανιπποι
1479 1567 1537 1615 εἰς

114 1624 163 1667 τὸ
194 1624 472 1679 στρατόπεδον
499 1624 799 1678 ἕπανήλθεσαν,
828 1626 881 1680 τῇ
909 1622 1102 1679 συντονίᾳ
1128 1624 1207 1662 τοῦ
1237 1620 1392 1675 δρόμου
1407 1625 1537 1662 πλαν-

115 1677 328 1729 ταξάντων
355 1678 481 1736 σφισί
504 1681 584 1720 τῶν
613 1677 852 1732 ὀχημάτων.

197 1736 290 1777 260.
317 1736 372 1775 A.
409 1750 471 1775 12.
505 1734 616 1787 [45⁰⁷
657 1733 716 1788 1.]
748 1734 831 1774 τῶν
859 1732 995 1773 εἰδῶν.
1050 1733 1247 1771 Convenit
1273 1745 1364 1770 cum
1392 1731 1535 1770 Latina

115 1805 215 1832 voce
238 1793 402 1846 species,
431 1791 533 1829 lctis
562 1791 765 1829 notissima
781 1820 792 1840 ,
838 1788 982 1842 quibus
1009 1787 1116 1825 idem
1142 1793 1253 1824 notat
1280 1793 1398 1838 atque
1425 1793 1534 1824 vete-

116 1846 229 1885 ribus
255 1845 412 1898 fruges,
440 1853 486 1884 ut
512 1853 602 1883 sunt
626 1846 791 1890 vinum,
823 1843 955 1882 oleum
975 1872 987 1892 ‚
1017 1842 1262 1880 frumentum
1277 1869 1289 1892 ,
1318 1839 1549 1892 legumina.·

116 1901 224 1940 Utor
252 1900 383 1939 verbis
410 1900 476 1938 Du
504 1899 640 1952 Gangii
669 1901 709 1937 in
739 1898 870 1937 Gloss.
899 1898 990 1935 Lat.
1021 1896 1064 1934 h.
1091 1910 1131 1934 v.

224 1954 278 1992 A.
308 1969 366 1995 12.
387 1954 502 2008 [45o,
530 1953 587 2007 1.]
617 1953 854 2006 κατασιγᾷν.
909 1953 969 1989 Ita
997 1950 1117 1988 Anna
1144 1949 1349 1987 Comnena
1375 1950 1417 1986 in
1438 1948 1535 1987 Ale-

117 2008 229 2047 xiade
254 2023 298 2060 p.
326 2022 412 2062 ¹09·
436 2009 489 2046 A.
520 2022 554 2047 1.
570 2009 620 2047 de
650 2007 789 2046 Alexio
817 2008 871 2044 ait
888 2005 1034 2059 ‚Qquod
1062 2006 1104 2042 in
1131 2011 1257 2042 castra
1277 2004 1392 2042 iverit
1412 2031 1423 2051 ‚
1452 2002 1535 2040 fra-

105 2071 178 2102 ‘tre
206 2063 354 2102 Isaacio
382 2064 424 2101 in
452 2063 551 2101 urbe
580 2062 746 2101 relicto:
794 2060 860 2112 ἐφ’
888 2060 919 2115 ῴ
948 2056 998 2098 τὰ
1027 2055 1130 2097 κατὰ
1157 2054 1230 2109 τὴν
1263 2054 1383 2095 πόλιν
1409 2054 1535 2107 ἑδρά-

119 2116 295 2165 ζεσθαι,
343 2114 414 2155 καί
456 2114 571 2156 εἵπου
615 2116 722 2161 τινὲς
762 2110 874 2165 λόγοι
928 2108 1151 2167 ἀπᾴδοντες
1179 2111 1222 2158 ἐξ
1249 2110 1414 2162 ἐχθρῶν
1440 2109 1534 2158 ἔξα-

117 2169 302 2210 κούοιντο
322 2200 333 2220 ,
362 2167 485 2209 ὁποῖα
518 2168 690 2220 εἴωθεν,
731 2163 856 2208 αὖτὸν
889 2163 1170 2214 &monachi-§sav
1197 2179 1239 2204 τε
1267 2164 1338 2203 καί
1364 2167 1535 2217 φουρεΐν

117 2222 167 2265 τὰ
192 2224 387 2276 βασίλεια
415 2222 488 2262 καί
511 2221 585 2275 τήν
611 2222 742 2262 πόλιν.

228 2280 275 2318 Β.
295 2280 335 2319 5.
359 2278 474 2333 [450,
497 2278 556 2331 6.]
578 2275 794 2319 ἐλθόντων.
850 2276 931 2316 Pro
950 2273 1193 2324 ἐλθουσῶν;
1226 2273 1328 2312 redit
1354 2273 1460 2310 enim
1480 2273 1532 2311 ad

116 2328 191 2381 τὰς
218 2329 381 2384 ἀγαθὰς
407 2330 560 2385 φήμας.
615 2333 678 2370 Sic
699 2332 824 2370 solent
846 2332 939 2369 novi
970 2329 1125 2367 Graeci.
1183 2328 1414 2366 Genitivum
1440 2326 1533 2379 plu-

106 2387 240 2426 *ralem
265 2387 472 2426 masculini
502 2394 543 2424 et
569 2386 771 2425 foeminini
795 2385 946 2437 generis
972 2396 1208 2436 componere
1235 2388 1397 2431 amant,
1442 2388 1534 2419 tan-⁶

117 2457 237 2495 quam
268 2444 302 2481 si
326 2441 523 2480 declinare
548 2455 628 2478 non
655 2446 827 2478 nossent.

227 2497 272 2535 Β.
289 2496 329 2535 6.
355 2496 465 2550 [450,
495 2494 558 2548 7.]
589 2490 812 2547 ῥᾳθυμίαν.
867 2491 1101 2530 Debuissem
1126 2489 1334 2553 nequitiam
1361 2495 1430 2527 aut
1455 2490 1532 2526 im-

115 2551 344 2603 probitatem
374 2557 539 2589 vertere.
596 2549 668 2587 Est
691 2549 794 2586 enim
822 2560 936 2597 saepe
965 2545 1068 2582 idem
1095 2557 1140 2581 ac
1167 2540 1428 2595 ρᾳδιουργία.
1465 2543 1528 2581 Cf.

122 2617 163 2656 p.
191 2603 283 2654 264.
311 2605 354 2645 B.
382 2604 422 2642 8.
491 2605 549 2642 Ita
577 2603 782 2654 usurpavit
807 2599 1035 2638 Athenaeus
1074 2612 1163 2650 pag.
1191 2611 1250 2650 ¹7·
1271 2596 1318 2634 C.
1341 2596 1410 2635 3.=
1449 2597 1532 2635 τῶν

123 2656 162 2695 δ’
173 2650 306 2696 ἄλλων
333 2659 508 2710 ποιητῶν
535 2654 636 2696 ἔνιοι
663 2653 736 2702 τὰς
761 2654 853 2693 καθ’
883 2648 1038 2697 αὗτοὺς
1065 2649 1323 2695 πολυτελείας
1354 2647 1427 2689 καί
1453 2648 1532 2703 <5122-

123 2710 279 2760 θυμίας
306 2709 560 2763 ἀνέπεμπον,
586 2720 773 2750 caeterum
814 2722 905 2747 vero
940 2716 1144 2761 poetarum
1172 2705 1298 2759 aliqui
1334 2705 1532 2745 luxuriam

1000 2232 1010 2239 A
