1884 3132
286 110 400 184 498
609 126 683 168 10.
727 125 834 170 1Ac.
873 129 1069 170 ausim
1106 128 1487 173 communali

286 235 514 283 districtus,
546 233 588 271 in
617 246 738 286 quem
763 231 1028 285 α’πετιθεντο,
1054 234 1359 287 deponebantur
1397 234 1566 285 milites,
1602 237 1671 289 qui
1706 236 1748 275 in

287 289 454 335 castris,
501 295 571 326 aut
596 289 637 326 in
675 288 777 327 urbe
809 290 919 342 regia
957 289 1022 328 vel
1072 291 1336 342 praetorianis
1385 304 1469 329 non
1510 289 1744 330 militarent.

285 343 498 383 Bucellarii
523 351 652 394 erant,
673 346 742 397 qui
770 343 969 383 bucellam
995 359 1064 383 seu
1083 360 1227 398 panem
1250 346 1470 385 biscoctum
1486 352 1556 383 aut
1574 345 1749 386 facerent

286 408 357 439 aut
384 403 627 452 acciperent.
689 401 916 453 Optimates
945 408 1058 438 erant
1080 402 1194 439 initio
1225 401 1366 440 delecti
1388 409 1427 440 et
1450 401 1575 454 optati
1603 400 1749 441 milites

286 456 336 494 de
371 455 515 494 Gothis
551 455 732 509 captivis.
790 456 854 494 De
882 463 1054 509 utroque
1083 455 1249 495 militiae
1271 471 1418 510 genere
1437 470 1511 495 suo
1535 456 1623 495 loco
1649 456 1743 495 dixi.

285 511 442 557 Thema
471 510 635 550 tandem
663 510 843 564 obsequii
879 511 978 549 mihi
1009 512 1171 551 videtur
1199 512 1268 551 illa
1297 513 1505 565 provincia
1525 511 1646 550 fuisse
1663 540 1675 562 ,
1704 513 1747 551 in

285 581 408 620 quam
444 566 716 619 deponeretur
759 574 893 605 exacta
925 566 1066 606 militia
1099 567 1201 606 illud
1244 568 1419 607 militum
1467 581 1608 620 genus,
1637 567 1748 620 quod

291 623 593 677 Obseqtoentimn
615 636 761 660 nomen
783 622 952 672 habuit,
983 623 1034 661 ab
1059 623 1158 676 Imp.
1177 624 1237 662 M.
1266 623 1473 662 Antonino
1506 621 1745 676 philosopho

285 678 485 728 inditum3
534 677 584 716 de
617 692 699 731 quo
733 677 861 716 Iulius
886 678 1138 730 Capitolinus
1173 679 1226 717 T.
1252 679 1288 717 Ι.
1317 679 1404 717 Scr.
1440 678 1546 717 Hist.
1578 676 1684 731 Aug.
1702 692 1747 731 p.

287 733 380 788 569.
410 733 511 775 haec
541 741 679 772 narrat
702 748 713 772 :
769 748 917 783 servm,
946 734 1277 789 quemadmodum
1305 734 1456 773 Punico
1475 734 1576 772 bello
1586 734 1750 784 sactum

267 791 439 842 fuerat,
475 789 533 827 ad
559 790 744 828 militiam
772 790 939 843 paravit
961 820 971 837 ‚
1020 805 1114 845 quos
1143 791 1387 829 voluntarios
1419 789 1604 843 exemplo
1634 789 1749 827 volo—-

285 859 383 884 num
415 844 653 899 appellavit.
731 844 922 883 Armavic
965 847 1088 884 etiam
1122 845 1384 899 [militaribus
1423 843 1575 883 scilicet
1608 841 1747 897 armis]

283 900 549 954 gladiatores,
569 914 664 955 quos
688 899 945 954 Obseqzoentes
984 901 1218 956 appellavit.
1277 900 1451 938 Videtur
1480 899 1556 937 hoc
1583 898 1750 938 militiae

286 970 435 1010 genus,
480 955 804 1009 Obsequentium
860 956 1014 994 dictum
1061 963 1100 994 et
1142 970 1163 994 e
1199 954 1488 1008 gladiatoribus
1518 954 1569 992 ad
1596 952 1751 994 bellum

286 1013 451 1050 armatis
477 1018 612 1050 ortum
636 1042 647 1059 ,
683 1025 763 1049 non
795 1010 903 1050 ultra
948 1011 1150 1050 saeculum
1189 1025 1318 1049 unum
1357 1010 1580 1049 alterumve
1608 1009 1750 1048 duras-

287 1080 357 1117 se,
386 1066 572 1119 quamvis
599 1066 813 1119 Bithyniae
844 1068 974 1120 agris,
1018 1068 1059 1105 in
1089 1081 1190 1120 quos
1221 1073 1357 1105 exacta
1395 1064 1539 1104 militia
1577 1064 1750 1104 deduce-

285 1121 465 1169 bantur,
498 1121 695 1175 Obsequii
738 1136 884 1160 nomen
925 1122 1112 1175 deinceps
1145 1122 1364 1171 manserit3
1407 1120 1748 1174 quemadmodum

286 1177 337 1216 de
368 1177 510 1216 vicinis
554 1179 657 1230 agris
703 1177 966 1216 Ponticarum
1004 1179 1304 1231 provinciarum
1343 1177 1517 1225 factum,
1564 1177 1749 1228 quamvis

284 1231 461 1271 militum
483 1239 525 1271 et
563 1232 882 1271 Bucellarioruin
913 1240 952 1272 et
975 1234 1244 1286 Optimatium
1271 1246 1396 1286 genus
1433 1238 1553 1284 atque
1594 1244 1744 1269 nomen

287 1287 482 1326 desiisset.
548 1287 723 1327 Videtur
749 1296 884 1337 autem
915 1290 1078 1328 Marcus
1097 1291 1197 1342 Imp.
1229 1288 1506 1341 gladiatoriam
1535 1285 1646 1324 illam
1671 1286 1750 1324 mi-

285 1341 416 1382 litiam
441 1343 686 1398 obsequentes
721 1351 760 1382 et
791 1345 1016 1399 obsequium
1059 1345 1147 1385 ideo
1169 1343 1409 1396 appellasse,
1445 1341 1555 1395 quod
1578 1341 1750 1380 ubicun-

286 1411 366 1451 que
409 1405 511 1439 esset
540 1406 612 1437 aut
649 1413 731 1452 quo
761 1400 837 1438 iret
865 1400 1110 1453 Imperator,
1144 1414 1238 1439 eum
1263 1398 1430 1451 obsequi
1459 1397 1652 1436 deberent
1679 1410 1750 1435 seu

285 1455 487 1493 comitari.

399 1510 446 1548 B.
471 1509 512 1561 4.
545 1509 659 1564 [460,
685 1509 764 1563 18.]
796 1505 816 1549 ὅ
845 1509 923 1550 τοῦ
948 1510 1187 1550 σακελλιόυ.
1244 1510 1477 1549 Occurrunt
1500 1505 1567 1545 hic
1585 1507 1750 1546 nomina

290 1564 560 1618 dignitatum,
592 1580 662 1604 seu
690 1568 824 1619 potius
851 1566 1076 1606 officiorum
1105 1567 1261 1619 aliquot
1282 1596 1292 1613 ,
1335 1578 1440 1618 quae
1475 1559 1631 1612 singula
1655 1561 1750 1600 illu-

289 1627 418 1659 strare
449 1623 608 1660 animus
640 1635 721 1660 non
747 1629 816 1661 est.
872 1623 936 1661 De
973 1622 1112 1662 officiis
1141 1622 1286 1661 domus
1299 1620 1506 1674 Augustae
1528 1617 1747 1670 disputatio

289 1675 498 1728 perampla
536 1684 576 1716 et
611 1677 811 1729 perardua
857 1685 916 1716 est
964 1679 1142 1731 meisque
1170 1677 1327 1716 viribus
1351 1675 1548 1728 superior.
1603 1672 1748 1711 Unum

290 1730 514 1771 alterumve
533 1762 544 1782 ,
589 1733 698 1785 quod
731 1747 813 1771 non
854 1734 995 1772 inutile
1034 1734 1134 1772 mihi
1174 1732 1360 1772 videatur
1400 1743 1513 1776 esse,
1543 1726 1749 1767 saltuatim

291 1787 407 1839 quasi
435 1787 687 1840 adspergam.
743 1789 845 1839 Quis
897 1791 1019 1842 igitur
1065 1788 1247 1828 sacellius
1291 1787 1437 1835 fuerit,
1485 1796 1614 1837 quum
1654 1796 1748 1835 per-

291 1843 430 1894 spicue
458 1857 540 1882 non
568 1843 767 1894 tradatur,
798 1845 1070 1883 coniecturam
1087 1873 1098 1894 ,
1127 1851 1175 1883 ut
1204 1845 1247 1883 in
1265 1841 1444 1882 obscuris
1471 1839 1617 1887 rebus,
1645 1851 1747 1890 pro-

291 1910 457 1949 ponam.
510 1898 756 1938 Distinctum
787 1913 880 1938 eum
910 1913 993 1939 esse
1021 1914 1044 1938 a
1070 1899 1276 1938 sacellario
1293 1928 1305 1948 ‚
1336 1897 1386 1936 de
1413 1909 1495 1949 quo
1522 1893 1619 1932 alibi
1647 1893 1746 1943 dixi,

292 1951 406 1991 locus
434 1961 570 1993 noster
597 1961 637 1992 et
672 1954 740 1993 alii
770 1955 886 1994 multi
913 1961 1129 1994 testantur.
1187 1955 1234 1993 In
1264 1967 1310 1992 eo
1339 1965 1465 2006 paene
1491 1948 1749 1989 consentiunt

292 2008 372 2046 viri
399 2007 534 2056 docti,
576 2009 736 2049 sacellio
764 2025 855 2049 cum
883 2013 1042 2063 privata
1067 2020 1113 2049 're
1132 2010 1387 2062 Imperatoris
1415 2006 1623 2059 negotium
1649 2003 1748 2042 fuis-

293 2075 350 2101 se.
409 2063 470 2102 Ex
498 2078 546 2103 eo
566 2093 577 2115 ,
606 2065 715 2117 quod
744 2080 784 2118 p.
808 2065 874 2106 68.
911 2067 965 2104 D.
1008 2065 1217 2119 praefectis
1244 2062 1503 2117 hospitalium
1533 2067 1573 2099 et
1599 2057 1747 2097 invali-

294 2117 501 2157 dariorum
530 2121 724 2173 iungitur,
754 2128 793 2159 et
821 2121 931 2174 quod
960 2120 1205 2160 chartulario
1227 2119 1374 2159 sacellii
1402 2117 1562 2157 subesse
1587 2128 1628 2167 p.
1647 2111 1745 2176 4373

295 2172 352 2211 A.
375 2188 416 2228 9.
459 2175 565 2213 inter
593 2175 693 2214 alios
722 2175 909 2215 officiales
947 2176 1137 2215 dicuntur
1188 2189 1269 2215 non
1316 2181 1474 2213 tantum
1501 2169 1622 2210 modo
1649 2167 1746 2230 dieti

294 2229 485 2280 praefecti
512 2228 770 2283 hospitalium
789 2239 829 2270 et
856 2230 1217 2283 invalidariorum,
1244 2230 1312 2270 sed
1355 2230 1475 2268 etiam
1513 2221 1746 2264 chartularli

294 2283 377 2321 τῶν
410 2280 556 2336 οἴκων,
598 2286 638 2324 id
669 2293 727 2324 est
754 2301 842 2325 mea
880 2287 1075 2326 sententia
1102 2286 1185 2326 τῶν
1215 2285 1378 2336 εὕαγῶν
1407 2279 1530 2321 οἴκων
1559 2292 1628 2318 seu
1657 2290 1745 2340 mo-

294 2339 564 2378 nasteriorum
583 2369 595 2390 ,
625 2343 858 2394 praesertim
889 2342 940 2383 ab
969 2342 1158 2396 Augustis
1185 2340 1251 2380 vel
1279 2337 1538 2393 Augustabus
1560 2331 1744 2372 condito-

295 2405 411 2443 rum,
443 2393 614 2434 subnata
639 2396 738 2434 mihi
770 2404 828 2435 est
846 2399 1043 2450 suspicio,
1085 2397 1257 2435 fueritne
1296 2393 1493 2435 sacellius.
1512 2389 1617 2428 idem
1651 2401 1744 2450 eum

290 2448 504 2500 ‚capellano
535 2450 600 2489 vel
638 2451 836 2490 sacellano
877 2460 947 2491 aut
994 2453 1250 2491 almosinario
1294 2450 1359 2491 vel
1403 2448 1742 2496 eleemosynario,

297 2506 482 2554 quamvis
512 2513 708 2557 potestate
724 2509 869 2546 minor.
902 2509 1052 2548 Munus
1068 2509 1152 2548 eius
1179 2514 1284 2546 certe
1310 2501 1475 2558 perinde
1498 2505 1544 2538 ut
1571 2497 1744 2560 eleemo-

299 2559 446 2608 synarii
475 2567 560 2598 erat
587 2562 830 2614 pauperibus
865 2562 1133 2617 eleemosynas
1166 2559 1403 2615 principales
1429 2567 1618 2607 erogare,
1647 2566 1743 2615 ipsis

290 2617 462 2652 ,tesseras
491 2614 703 2666 exhibere,
734 2617 785 2656 ad
810 2632 982 2670 quarum
1000 2618 1282 2658 exhibitionem
1314 2626 1430 2653 suum
1457 2611 1610 2648 victum
1638 2621 1743 2646 acci-

297 2674 440 2757 pJerent
486 2672 722 2723 statutisque
767 2673 908 2712 diebus
936 2673 986 2711 ad
1027 2686 1180 2712 sacram
1206 2682 1382 2709 mensam
1411 2665 1737 2724 admitterentur.

341 2721 440 2760 ictus
469 2736 562 2777 ergo
591 2739 614 2764 a
642 2726 785 2765 sacello
816 2742 885 2767 seu
913 2727 1069 2767 sacculo
1100 2727 1217 2766 fuerit
1235 2754 1247 2776 ,
1276 2721 1476 2777 quomodo
1506 2719 1646 2758 Graeci
1677 2731 1740 2756 vi-
