1884 3132
235 132 310 175 AD
352 129 649 175 consum.
686 127 882 169 ponpa.
919 127 992 167 DE
1021 125 1202 168 cmm.
1242 125 1340 165 un.
1383 125 1436 164 11.
1475 104 1586 178 607

157 236 226 276 siis
253 240 294 274 et
330 231 598 272 tribunalibus
629 229 777 284 positos
803 242 875 281 per
912 225 1121 266 intervalla
1157 237 1323 279 magnos
1346 223 1497 278 lapides
1524 238 1591 264 ro-

157 290 307 331 tundos
324 319 336 337 ‚
367 289 409 326 in
436 287 583 341 quibus
609 291 731 324 statas
755 283 935 322 solennes
963 284 1151 321 stationes
1177 288 1248 320 aut
1274 281 1448 319 actiones
1475 293 1594 332 pera-

154 345 304 399 gebant
324 374 335 390 ‚
364 356 465 396 quos
494 340 630 380 Latini
668 348 775 378 rotas
815 345 854 376 et
882 337 1054 384 billicos,
1086 337 1141 387 (id
1171 343 1231 375 est
1266 333 1490 388 corruptela
1518 349 1592 374 vo-

156 402 215 440 cis
241 397 475 450 umbuicus)
502 403 718 447 utrumque
741 407 765 432 a
794 392 1054 441 rotunditate,
1070 391 1212 430 Graeci
1240 387 1430 443 ὄμφάλια
1457 386 1593 443 appel-

157 454 328 504 labant3
356 451 464 491 unde
490 463 650 504 quoque
676 450 761 502 ipsa
786 445 1016 496 tribunalia,
1043 448 1084 484 in
1113 445 1259 500 quibus
1287 444 1385 484 tales
1416 457 1593 483 marmo-

156 523 249 550 reae
275 515 386 548 rotae
431 507 630 554 iacerent,
669 512 775 542 rotas
809 501 1009 541 dicebant.
1069 501 1234 540 Celebre
1265 505 1305 539 et
1332 500 1481 538 nemini
1507 513 1591 539 non

155 571 299 604 notum
325 563 474 602 Romae
509 560 702 599 iudicium
739 558 843 596 Rota
882 556 1060 605 dictum3
1090 570 1131 594 v.
1162 555 1230 594 Du
1260 555 1394 608 Cange
1420 568 1463 594 v.
1490 555 1592 593 Rota

155 627 198 659 et
223 618 402 658 Biuims.
460 614 654 668 Agnellus
681 612 866 652 Pontific.
886 626 927 664 p.
946 611 1014 652 68.
1034 611 1088 650 D.
1101 626 1113 649 :
1141 610 1304 666 quidam
1322 610 1468 658 dli-emt,
1487 609 1597 664 qnod

154 676 245 729 ipsa
288 672 414 712 Galla
445 670 633 710 Placidia
654 668 829 721 Augmta
857 681 973 721 supet·
1006 674 1174 722 quatuor
1196 674 1302 704 rotas
1326 665 1463 703 nabeas
1481 679 1593 703 mat-

154 742 307 768 mor-eas
328 757 339 775 ‚
368 739 469 781 quae
498 733 585 764 sunt
617 732 707 762 ante
749 723 972 762 nominatas
999 722 1126 774 regias
1139 751 1150 768 ‚
1186 720 1339 758 iubebat
1354 733 1502 774 ponere
1528 734 1592 758 ce·-

154 792 341 824 reostatas
373 795 460 819 cwn
497 779 714 818 manualia.
791 778 926 816 Etiam
953 777 1115 815 εἰκαῖος
1143 774 1396 829 appellabant
1420 775 1494 813 hos
1530 773 1593 814 la-

154 838 284 893 pidoe.
340 837 458 874 Iuvat
494 834 559 873 hic
611 831 835 872 adscribere
875 831 998 871 verba
1033 830 1190 884 Iosephi
1228 829 1409 869 catalani
1436 843 1459 868 e
1486 830 1591 869 notis

155 895 242 934 eius
269 890 320 931 ad
349 890 563 944 Augustini
592 888 754 928 Patricii
777 885 1049 926 Ceremoniale
1078 886 1142 924 tit.
1175 886 1231 924 11.
1262 884 1296 938 3.
1327 898 1388 923 ιι.
1420 883 1471 922 ad
1497 886 1588 923 ista:

147 961 374 1004 progr-essm
388 959 503 998 usque
517 943 787 983 mlsecwzdum
809 942 993 981 cit-czdum
1007 941 1341 996 porphyreticum.
1373 938 1593 989 „Circulus

153 1005 221 1045 hic
234 1001 537 1057 porphyreticus
557 999 655 1052 lapis
675 1012 843 1051 magnus
860 1010 1107 1036 marmoreus
1118 994 1354 1034 orbicularis
1366 1001 1439 1041 est,
1458 995 1500 1033 in
1518 1008 1591 1048 pa-

152 1059 333 1098 vimento
344 1055 532 1095 Basilicae
550 1055 769 1093 Vaticanae
792 1054 964 1106 positus,
980 1051 1293 1104 designabatque
1317 1049 1414 1088 olim
1434 1048 1564 1088 locum
1576 1080 1589 1099 ‚

154 1115 197 1154 in
225 1126 305 1168 quo
330 1111 551 1150 functiones
571 1109 766 1162 quaedam
789 1123 812 1146 a
827 1108 1013 1160 pontifice
1050 1106 1353 1159 peragebantur.
1407 1104 1591 1144 Circulus

153 1171 229 1208 iste
253 1166 555 1221 porphyreticus
579 1166 699 1203 etiam
717 1163 992 1216 appellabatur
1023 1169 1111 1200 rota
1140 1160 1423 1214 porphyretim
1448 1161 1487 1198 in
1513 1159 1590 1199 hoc

153 1224 295 1264 eodem
332 1228 469 1260 nostro
494 1218 754 1258 Ceremoniali
775 1247 787 1268 ‚
824 1226 862 1257 et
912 1217 1031 1271 longe
1059 1224 1152 1255 ante
1179 1216 1326 1254 Cencio
1361 1215 1591 1254 camerario

154 1280 199 1318 iu
228 1277 383 1317 Ordine
413 1276 595 1313 Romano
638 1274 736 1312 XII.
768 1287 856 1325 cap.
886 1273 948 1325 39.
989 1286 1031 1309 n.
1061 1271 1130 1321 64.
1199 1271 1350 1309 Extant
1389 1270 1590 1322 hodieque

153 1331 383 1373 huiusmodi
411 1329 559 1383 lapides
579 1328 847 1382 porphyretici
875 1341 957 1365 non
989 1326 1109 1365 modo
1142 1327 1183 1364 in
1218 1327 1302 1378 ipsa
1326 1323 1489 1363 basilica
1506 1324 1591 1363 Va-

152 1389 307 1437 tknna,
349 1385 418 1424 sed
456 1385 575 1423 etiam
614 1385 655 1421 in
679 1383 766 1421 aliis
809 1383 955 1420 nostris
991 1380 1186 1429 ecclesiis,
1225 1380 1275 1418 de
1301 1381 1436 1432 eisque
1462 1379 1591 1418 videri

153 1445 260 1483 inter
281 1441 380 1481 alios
406 1446 535 1492 potest
558 1438 737 1477 eruditus
769 1436 978 1488 Turrigius
1003 1436 1053 1473 de
1089 1436 1238 1488 cryptis
1269 1435 1475 1475 Vaticanis
1496 1448 1585 1487 cap.

153 1497 215 1538 8.”
269 1497 472 1536 Hactenus
494 1492 721 1532 Catalanus.
776 1491 988 1530 Habebant
1014 1503 1135 1542 porro
1159 1489 1256 1528 alios
1281 1488 1432 1541 lapides
1461 1489 1502 1527 in
1530 1503 1588 1528 ec-

151 1552 281 1592 clesiis
311 1557 351 1589 et
375 1550 415 1588 in
453 1546 722 1586 tribunalibus
748 1546 982 1599 quadratos,
1015 1545 1055 1583 in
1084 1545 1229 1598 quibus
1261 1544 1449 1582 standum
1471 1550 1585 1593 erat,

152 1606 279 1661 φίνας
294 1635 307 1656 ,
334 1604 470 1660 fineS,
513 1602 665 1653 dictos,
693 1601 800 1654 quod
828 1600 986 1639 termini
1009 1607 1137 1638 essent
1152 1628 1164 1648 ,
1193 1598 1300 1637 ultra
1324 1613 1424 1652 quos
1443 1613 1588 1651 proce-

149 1662 247 1700 dere
269 1674 351 1700 non
379 1658 530 1697 liceret.
588 1658 651 1695 De
674 1656 820 1710 quibus
838 1669 957 1708 supra
981 1655 1142 1693 memini
1164 1654 1309 1693 dicere.
1368 1654 1468 1693 Item
1486 1653 1587 1692 alios

149 1711 364 1765 πυταμούς
386 1714 514 1752 dictos
530 1740 542 1760 ‚
566 1712 722 1767 ι[ιιιυίοε
739 1742 749 1758 ,
794 1710 857 1750 vel
894 1725 918 1749 a
954 1723 1151 1748 venarum
1193 1707 1387 1747 undulata
1414 1708 1586 1748 decursu

151 1769 349 1818 naturali,
393 1767 458 1807 vel
491 1767 542 1806 ab
576 1774 661 1806 arte
697 1766 809 1805 factis
848 1765 1134 1814 incisionibus,
1176 1763 1405 1802 canaliculis
1426 1778 1509 1802 non
1543 1765 1585 1802 in

150 1824 266 1864 lineis
295 1825 411 1863 rectis
429 1853 440 1870 ‚
486 1821 554 1861 sed
578 1821 756 1860 undante
786 1828 899 1859 motu
945 1818 1269 1872 procedentibus.
1325 1819 1380 1857 Et
1398 1825 1445 1857 ut
1467 1826 1585 1858 antea

150 1879 434 1932 Imperatorem
459 1884 529 1915 aut
557 1891 668 1915 sacra
689 1876 872 1915 tribunae
898 1875 1135 1914 adoraturus
1155 1881 1217 1912 ter
1235 1872 1406 1912 debebat
1422 1902 1434 1922 ‚
1462 1873 1584 1912 semel

150 1948 294 1986 nempe
323 1934 364 1971 in
392 1931 554 1984 singulis
576 1931 774 1970 umbilicis
798 1946 869 1984 per
885 1937 995 1969 certa
1011 1928 1222 1968 intervalla
1245 1928 1460 1981 dispositis,
1487 1942 1584 1980 pro-

151 1988 308 2027 cidere:
339 1989 394 2026 ita
419 1986 601 2039 deinceps
629 1986 827 2025 debebant
847 1985 898 2024 ad
920 1998 1031 2024 sacra
1060 1984 1291 2023 accedentes
1317 1978 1423 2021 κατά
1455 1995 1583 2021 ποτα-

149 2039 231 2094 μὸν
255 2044 515 2094 προσκυνεῖν,
537 2043 579 2079 in
612 2054 853 2094 unoquoque
872 2039 996 2079 fluvio
1021 2038 1169 2087 semel,
1198 2037 1241 2076 id
1261 2045 1320 2077 est
1349 2038 1391 2075 in
1419 2038 1584 2075 univer-

148 2111 238 2138 sum
274 2104 336 2135 ter
368 2099 474 2146 (narn
500 2097 606 2134 terni
637 2095 749 2134 ssuvii
779 2102 893 2134 erant
914 2096 955 2132 in
998 2091 1182 2145 tribuna)
1220 2091 1441 2145 procidere.
1483 2091 1580 2130 Vid.

148 2151 382 2193 Pontificale
408 2149 570 2188 Haberti
599 2165 639 2203 p.
674 2164 740 2204 ²7·
758 2150 801 2189 C.
827 2165 867 2202 7.
881 2178 897 2196 ,
926 2149 996 2187 ubi
1023 2162 1104 2186 non
1134 2154 1239 2186 recte
1280 2145 1461 2184 redditur
1487 2147 1583 2184 iux-

150 2217 192 2248 ια
225 2206 405 2261 fluvium
434 2204 616 2242 adorat-e.
672 2204 785 2247 Conf.
806 2219 847 2256 p.
884 2216 923 2241 2.
949 2205 992 2242 B.
1036 2201 1210 2241 eiusdem
1243 2199 1502 2239 Pontificalis.

233 2261 328 2300 303.
360 2259 414 2298 A.
439 2258 477 2297 5.
507 2257 622 2311 [525‚
644 2257 701 2312 4.]
740 2263 887 2309 χεῖρας
926 2255 1149 2306 δεδεμένας
1187 2252 1367 2306 ἔχοντες.
1437 2254 1583 2295 Varias

149 2329 343 2356 manuum
373 2313 675 2364 compositiones
718 2320 845 2366 potest
887 2311 984 2349 haec
1027 2311 1148 2349 dictio
1181 2309 1414 2363 significare.
1478 2309 1580 2349 Nam

149 2377 315 2424 possunt
346 2370 485 2419 χεῖρες
513 2365 728 2415 δεδεμέναι
755 2381 839 2405 esse
866 2379 1008 2404 manus
1035 2366 1077 2403 in
1105 2365 1269 2404 dorsum
1285 2393 1298 2413 ‚
1327 2360 1582 2416 ὅπισθαγκη-

152 2422 227 2465 δὸν
256 2426 424 2463 reiectae
455 2428 495 2460 et
520 2421 756 2460 decussatim
783 2422 839 2459 sic
877 2421 1026 2473 positae
1043 2449 1056 2469 ‚
1090 2427 1136 2458 ut
1155 2432 1315 2459 crucem
1338 2417 1382 2456 S.
1417 2418 1582 2456 Andre-

152 2494 199 2519 ae
227 2479 374 2518 dictam
424 2476 616 2522 referant,
657 2474 721 2513 vel
771 2474 891 2513 talem
924 2488 1115 2512 manuum
1153 2481 1245 2513 ante
1280 2479 1417 2526 pectus
1456 2472 1579 2512 veluti

154 2533 497 2577 caneellationem,
532 2529 597 2569 vel
632 2529 849 2582 digitorum
885 2529 1093 2582 utriusque
1129 2542 1271 2568 manus
1307 2534 1489 2566 mutuam
1515 2526 1580 2566 ὲν-

154 2584 361 2639 αλλάγδην
403 2586 705 2625 consertionem.
762 2585 824 2622 De
850 2591 943 2622 utro
966 2582 1113 2622 horum
1136 2583 1324 2636 loquatur
1350 2582 1431 2621 Dio
1448 2581 1580 2621 Cassi-

155 2655 202 2679 us
229 2655 270 2694 p.
297 2655 413 2695 ¹¹27·
442 2641 508 2680 53.
537 2639 587 2678 de
614 2638 752 2692 legatis
776 2637 965 2677 Decebali
993 2637 1152 2676 dicens:
1182 2635 1234 2677 τὰ
1263 2633 1424 2676 Salate
1451 2650 1578 2676 κατα-

155 2693 296 2743 θέντες
320 2695 514 2749 συνῆψαν
552 2690 628 2742 τὰς
666 2696 814 2748 χεῖρας
840 2691 886 2733 ἐν
913 2687 1195 2744 αἰχμαλώτων
1221 2686 1403 2746 σχήματι
1425 2690 1500 2732 καί
1523 2714 1576 2721 -
