1832 3126
215 160 303 238 'An
343 193 642 237 coNsrAm.
676 192 872 234 ponpa.
911 190 983 232 nr„
1021 191 1201 233 cmm.
1242 192 1339 232 Lm.
1380 193 1413 231 ι.
1469 168 1543 243 93

106 299 301 347 Sanctae,
335 305 406 337 aut
423 297 545 336 etiam
564 294 726 349 Sancti,
762 292 950 346 Sophiae.
986 293 1048 331 lta
1071 291 1260 331 Matthias
1278 292 1329 332 de
1342 293 1545 334 Michovia

107 356 159 394 L.
191 355 246 393 11.
277 354 329 392 de
355 353 552 392 Sarmatia
581 364 620 389 c.
656 350 697 388 5.
740 355 935 387 memorat
972 347 1015 386 in
1049 348 1150 386 urbe
1186 348 1399 401 Novogrod
1429 349 1546 389 fixisse

100 410 366 464 principalem
387 408 587 446 ecclesiam
607 402 745 443 Sancti
760 403 953 458 Sophiae,
991 403 1038 440 id
1062 411 1119 441 est
1139 402 1382 452 Salvatoris,
1409 412 1547 444 tectam

107 466 236 503 αω-ειζς
267 464 426 502 lamim's
454 459 815 516 splendescentibus.
875 457 995 508 Quod
1030 457 1135 496 idem
1169 458 1365 511 templum
1394 459 1547 499 Paulus

110 519 246 559 lovius
265 517 402 557 libello
428 517 479 555 de
508 515 704 569 legatione
723 515 950 552 Moscovica
975 514 1269 551 vetustissimum
1295 528 1344 552 ac
1373 529 1547 553 venem-

107 574 185 612 bile
226 571 424 627 appellat,
456 571 564 626 quod
596 578 686 608 ante
720 568 1023 623 quadringentos
1054 582 1179 606 annos
1224 567 1380 622 [aetate
1420 569 1542 624 Iovii]

105 628 390 679 Byzantiorum
433 626 642 664 Ozesanmz
692 624 973 671 aemulatione,
1023 621 1192 665 Sanctae
1235 623 1430 678 Sophiae,
1479 625 1549 664 dei

95 683 213 736 filio,
242 683 415 722 dabatum
427 682 535 733 suit.
590 679 810 718 Beneventi
842 692 1003 731 quoque
1025 677 1147 716 fuisse
1179 677 1396 731 aliquando
1416 680 1545 719 eccle-

107 739 208 777 siam
226 737 271 776 S.
296 735 468 789 Sophiae
491 740 645 774 constat
671 748 693 772 e
723 733 925 772 Chronico
947 733 1149 771 casinensi
1176 732 1206 771 l.
1227 747 1269 787 9.
1285 748 1297 772 :
1327 734 1411 772 Hic
1438 737 1544 774 intra

32 815 36 819 Δ
106 794 261 831 moenia
286 791 503 830 Beneventi
527 790 711 844 templum
739 789 899 828 domino
928 789 1255 842 opulenttksimum
1282 802 1332 827 ac
1357 790 1545 829 decentis-
1555 795 1618 831 Ed.
1628 796 1668 831 L.
1681 797 1726 834 30

104 848 245 886 simum
275 846 475 894 condidit,
523 844 631 901 quod
661 844 812 882 Graece
844 839 968 895 ἁγίαν
1002 842 1180 895 σοφίαν,
1212 843 1259 881 id
1283 853 1340 882 est
1372 855 1548 885 sanctam

178 903 339 941 ienu'am
368 902 541 940 vocavit.
597 898 783 954 *¹[Etiam
814 897 1121 938 Thessalonicae
1157 898 1352 951 templum
1388 899 1431 938 S.
1470 901 1547 940 So-

107 971 135 1010 p
165 958 227 996 iae
240 956 340 1007 fuit3
370 970 414 1009 p.
438 955 532 995 326.
550 954 637 994 Ser.
661 962 750 1007 post
770 952 1007 1007 Theoph.]*
1063 954 1163 992 Item
1181 954 1370 1004 Nicaeae3
1406 955 1544 995 Theo-

106 1011 232 1065 phan.
261 1023 368 1050 anno
397 1018 540 1050 octavo
570 1011 823 1049 Constantini
846 1017 886 1048 et
918 1009 1079 1048 Irenes:
1137 1007 1312 1060 Ἐγένετο
1347 1007 1374 1062 ἦ
1402 1006 1546 1063 πρώτη

107 1064 349 1113 συνέλευσις
376 1065 450 1104 καί
486 1061 676 1117 κάθεδρα
707 1065 790 1104 ταῖν
817 1060 1053 1103 ἐπισκόπων
1091 1061 1137 1103 ἐν
1172 1063 1222 1117 τῇ
1263 1065 1465 1120 καθολικῇ
1491 1066 1548 1123 τῇ

107 1117 204 1176 ἁγίᾳ
226 1120 363 1176 Σοφίᾳ
388 1120 464 1172 τῆς
483 1119 690 1170 Νικαίας;
727 1127 767 1158 et
788 1118 1026 1158 Antiochiae
1041 1147 1052 1169 ‚
1083 1125 1183 1158 teste
1211 1118 1362 1159 Niceta.

216 1189 258 1229 9.
278 1176 325 1214 B.
348 1190 389 1230 7.
427 1174 519 1229 [[4,
547 1173 632 1228 15.]
668 1170 829 1228 ὦραίας
867 1169 1013 1226 πύλης.
1069 1175 1199 1214 Porta
1235 1177 1409 1229 speciosa
1435 1175 1544 1227 fuit,

108 1236 156 1269 ut
182 1243 230 1269 ex
253 1231 331 1270 hoc
358 1230 447 1269 loco
472 1237 512 1270 et
537 1244 576 1283 p.
610 1229 677 1281 45.
710 1230 764 1268 Α.
792 1244 826 1268 1.
866 1236 1000 1282 patet,
1045 1231 1190 1268 extima
1217 1229 1427 1279 ecclesiae,
1473 1246 1546 1284 per

106 1298 230 1339 quam
253 1299 276 1324 e
295 1285 456 1325 Pronao
487 1285 619 1324 aditus
643 1286 686 1323 in
710 1285 951 1324 Narthecem
978 1285 1162 1337 patebat,
1192 1292 1239 1324 ut
1266 1293 1381 1339 porta
1408 1287 1516 1338 regia
1530 1316 1541 1334 ‚

107 1353 177 1387 ea,
215 1355 319 1393 quae
346 1354 369 1380 e
398 1340 598 1379 Narthece
617 1341 660 1378 in
682 1340 837 1387 Naum,
877 1347 918 1378 et
946 1346 1062 1393 porta
1094 1347 1254 1389 sancta,
1287 1355 1391 1395 quae
1412 1355 1435 1380 e
1461 1342 1546 1381 Nao

107 1395 152 1433 in
182 1396 508 1434 sacrificatorium
536 1395 721 1435 ducebat.
751 1395 848 1435 Vid.
870 1396 938 1434 Du
961 1395 1097 1448 Gange
1121 1409 1162 1434 v.
1190 1392 1322 1449 πύλη,
1352 1397 1540 1436 Heinecc.

109 1448 162 1488 de
185 1450 287 1489 Stat.
325 1450 464 1490 eccles.
494 1451 638 1489 Graec.
667 1465 708 1504 p.
732 1464 802 1504 99.
839 1457 879 1489 et
906 1451 1029 1489 Goar.
1059 1451 1111 1489 ad
1139 1451 1283 1490 Codin.
1309 1466 1351 1504 p.
1381 1452 1471 1491 133.
1497 1466 1542 1492 n.

108 1516 180 1557 27.
208 1511 249 1543 et
281 1504 372 1555 134.
398 1519 442 1543 n.
464 1506 532 1558 39.
590 1505 669 1544 Sed
690 1519 773 1544 non
796 1507 1052 1544 consentiunt
1083 1520 1175 1544 cum
1200 1506 1363 1545 Nostro.
1420 1506 1545 1546 Forte

106 1557 187 1597 alia
213 1556 291 1597 'fuit
330 1559 640 1613 appellationum
675 1562 777 1599 ratio
814 1567 992 1612 tempore
1022 1560 1272 1599 Constantini
1311 1562 1435 1600 nostri
1451 1591 1462 1609 ‚
1503 1569 1545 1601 et

108 1611 188 1652 alia
221 1613 379 1660 Codini.
434 1614 642 1653 consentit
677 1615 820 1653 Nostro
858 1615 1013 1653 Nicetas
1050 1615 1248 1654 Choniata
1286 1630 1328 1669 p.
1356 1615 1450 1667 241.
1484 1617 1542 1657 D.

107 1667 161 1706 de
184 1667 327 1707 Alexio
354 1669 560 1708 Comneno
589 1670 817 1708 coronando
841 1670 896 1708 sic
923 1683 1115 1709 narrans:
1164 1664 1266 1709 Εἶτα
1294 1674 1386 1717 ταῖς
1413 1665 1543 1721 ὧραί-

95 1735 176 1774 Ααις
210 1721 450 1774 λεγομέναις
475 1724 550 1763 τοῦ
575 1721 654 1763 νεώ
684 1720 837 1770 πύλαις
873 1721 1039 1774 ἐγγίσας
1066 1720 1209 1764 ἱκανὸν
1236 1724 1368 1765 ἐκεῖσε
1391 1722 1543 1778 χρόνον

106 1774 327 1830 διέτριψε,
380 1773 716 1829 προσδεχόμενος
752 1774 854 1817 πότε
892 1773 945 1818 ἂν
982 1775 1228 1832 ἐπιταχθείη
1266 1776 1344 1832 τήν
1381 1778 1542 1821 εἴσοδον

106 1827 224 1884 παρὰ
251 1833 335 1872 τῶν
367 1829 651 1885 ἀκριβούντων
669 1830 714 1873 τὸ
733 1834 809 1885 τῆς
830 1828 945 1887 ὥρας
961 1832 1124 1886 καίριον
1150 1835 1235 1873 τῶν
1261 1832 1386 1885 ἱερῶν
1412 1849 1542 1889 κατη-

104 1887 362 1936 χουμενεὼυν
388 1881 565 1931 ἄνωθεν.
618 1888 741 1928 Unde
766 1895 876 1941 patet
891 1919 901 1937 ‚
953 1897 1167 1942 antequam
1200 1891 1388 1930 introitus
1411 1892 1454 1930 in
1475 1905 1541 1930 ec-

105 1938 267 1981 clesiam
294 1943 434 1991 fieret,
466 1951 732 1996 exspectatum
761 1944 813 1983 ad
830 1945 1047 1997 speciosam
1062 1952 1218 1998 portam
1232 1945 1355 1984 fuisse
1370 1975 1382 1995 ‚
1412 1946 1540 1986 donec

106 1995 219 2048 signo
255 2011 280 2036 a
307 1998 626 2038 catechumeniis
660 1999 754 2038 dato
781 2007 938 2052 tempus
971 2000 1199 2039 introeundi
1233 2001 1535 2054 significaretur.

214 2051 263 2091 B.
295 2067 336 2106 7.
365 2052 454 2108 [¹4⁹
489 2053 574 2107 15.]
620 2051 937 2107 α’ποστέφονται.
991 2055 1030 2093 A
1070 2054 1188 2108 longo
1237 2056 1318 2094 iam
1357 2063 1538 2110 tempore

105 2105 276 2147 invaluit
301 2107 369 2147 ille
400 2122 486 2147 mos
500 2138 512 2158 ‚
557 2123 639 2162 quo
664 2109 830 2148 inferior
866 2111 909 2149 in
943 2118 1154 2163 conspectu
1188 2110 1451 2151 honoratioris
1483 2112 1536 2152 ad

103 2161 328 2202 testandam
357 2163 595 2203 conditionis
617 2178 712 2204 suae
736 2164 1003 2204 humilitatem
1028 2179 1220 2218 suamque
1245 2169 1531 2214 reverentiam,

104 2231 186 2271 qua
215 2215 386 2257 alterum
415 2226 680 2272 prosequatur
693 2249 705 2269 ‚
743 2227 864 2273 caput
889 2220 1079 2260 denudat.
1138 2221 1243 2259 Hinc
1271 2228 1428 2260 tantum
1448 2221 1534 2261 'ho-

103 2272 375 2312 noratioribus
408 2274 639 2326 proceribus
660 2274 805 2314 licebat
827 2282 932 2314 tecto
972 2278 1099 2329 capite
1127 2290 1260 2314 coram
1286 2277 1534 2329 Imperatore

105 2327 271 2366 CPtano
290 2334 395 2366 stare
409 2357 421 2377 ‚
459 2330 633 2368 iuniores
656 2329 801 2377 valeti,
848 2333 1030 2384 quamvis
1056 2330 1208 2370 nobiles
1227 2333 1410 2384 prosapia
1425 2361 1437 2383 ,
1477 2328 1532 2372 τὰ

104 2377 542 2434 α’ρχοντογεννήματα,
572 2383 771 2423 debebant
805 2378 998 2431 οἷσκεπεῖς
1020 2386 1129 2424 nudo
1156 2388 1284 2438 capite
1299 2387 1531 2439 procedere,

102 2443 151 2475 nt
173 2450 246 2475 suo
274 2435 363 2475 loco
383 2437 622 2477 videbimus.
679 2439 784 2479 Hinc
815 2440 866 2479 de
895 2441 1018 2493 captis
1040 2440 1209 2479 ducibus
1228 2441 1372 2480 Siculis
1385 2471 1397 2491 ‚
1438 2442 1532 2481 Bal-

97 2490 229 2531 duino
255 2498 295 2541 et
311 2491 537 2544 Richardo‚
576 2501 615 2533 et
640 2494 683 2533 in
707 2503 962 2547 conspectum
992 2495 1128 2534 Isaacii
1155 2495 1300 2549 Angeli
1323 2497 1528 2544 adductis,

102 2553 243 2585 narrat
271 2546 430 2586 Nicetas
453 2562 495 2600 p.
529 2562 618 2602 192.
639 2550 687 2588 B.
704 2565 717 2589 :
745 2546 790 2588 τὸ
832 2550 907 2601 τῆς
947 2549 1131 2603 κεφαλῆς
1163 2547 1416 2602 ἀποθέμενοι
1453 2549 1532 2590 κοί-

104 2600 253 2650 λυμμα
288 2598 362 2640 καὶ
387 2600 688 2655 δουλικωτέραν
725 2601 1002 2655 προσκύνησιν
1038 2603 1331 2655 α’πονειζιιαπες
1366 2601 1530 2659 ἠρωτή-

104 2653 245 2704 θησαν
263 2677 286 2687 -
302 2678 323 2686 -
344 2656 472 2709 Igitur
501 2659 696 2696 sancitum
724 2659 821 2698 olim
845 2666 953 2706 erat,
994 2666 1041 2698 ut
1070 2660 1113 2698 in
1138 2660 1325 2700 ecclesiae
1349 2663 1531 2714 ingressu

106 2707 255 2749 infulae
282 2717 323 2749 et
348 2710 442 2764 pilei
464 2720 720 2764 ponerentur.
778 2713 1038 2759 Theodosius
1057 2714 1194 2754 Iunior
1215 2723 1255 2755 et
1281 2715 1530 2755 Valentinia-

96 2773 186 2814 ,11118
211 2764 255 2807 in
279 2764 568 2810 Constitutione
584 2782 688 2825 pone
702 2768 926 2811 Concilium
940 2769 1210 2825 Ephesium,
1242 2770 1327 2813 Dei
1341 2770 1528 2826 templum
