1884 3132
202 152 277 219 An
309 177 619 220 consum-
635 178 846 222 marn..
884 180 957 220 nr.
994 179 1176 235 cmm.
1214 181 1313 221 Lm.
1350 182 1404 228 11.
1447 160 1558 236 857

126 279 421 333 magistmtibm
449 279 724 319 sactionalibus
751 279 830 320 alio
857 279 946 320 loco
973 280 1152 322 disserui.
1210 281 1422 320 Caeterum
1451 280 1567 320 facile

130 335 410 379 observabitur
444 334 567 387 paulo
617 336 816 374 attentiori
849 349 935 374 non
963 334 1185 389 congruere
1213 349 1382 375 numero
1409 338 1566 390 posito,

104 399 271 444 -septem
298 397 415 443 puta,
453 390 636 442 deinceps
662 390 876 429 recensitas
911 391 1124 444 dignitates
1138 419 1151 440 ‚
1193 405 1296 444 quae
1323 399 1424 431 aunt
1459 393 1567 430 iuxta

130 444 330 484 calculum
363 451 546 484 nostrum
573 445 740 495 decem,·
756 453 825 483 aut
855 452 946 484 octo
971 446 1190 485 secundum
1217 445 1414 486 calculum
1443 461 1568 484 mem-

126 498 372 548 branarum,
421 500 464 538 in
491 499 639 552 quibus
674 502 729 538 sic
766 506 851 538 erat
878 508 1082 539 exaratum
1104 515 1116 539 ε
1159 496 1181 540 ὃ
1207 498 1515 552 χαρτουλάριος
1543 497 1568 539 ὅ

126 550 300 606 ποιητής
335 547 535 605 ἄρχοντες
563 554 714 608 absque
740 554 822 593 ulla
842 554 1124 607 distinctione,
1151 563 1344 609 tanquam
1372 558 1405 595 si
1432 558 1568 595 omnia

127 609 204 647 ista
234 622 339 647 unus
358 607 582 658 articulus,
613 623 692 647 una
724 609 894 660 dignitas
923 617 1069 649 essent.

205 661 304 713 418.
332 663 385 702 Δ.
419 677 452 700 1.
478 662 592 717 [72⁰²
618 663 699 718 16.]
730 664 788 718 τῷ
814 661 887 703 ἐπὶ
911 664 987 716 τῆς
1013 660 1321 719 καταστάσεως.
1380 664 1461 716 Illi,
1493 668 1563 721 qui

126 717 308 770 invigilat
332 717 504 756 tuendae
531 732 667 757 rerum
694 720 996 768 consistentiae,
1041 719 1083 758 id
1111 726 1170 757 est
1196 719 1282 770 illi,
1328 721 1397 773 qui
1425 730 1572 774 curat,

127 779 175 811 ut
202 785 247 811 ex
275 779 424 812 statuto
450 773 590 816 ordine
617 774 792 812 modeste
810 803 822 823 ,
850 773 1067 827 tranquille
1088 803 1101 824 ‚
1139 774 1306 823 decore,
1338 790 1532 828 personae
1549 806 1562 826 ,

127 827 330 875 actiones,
366 842 429 866 res
456 841 594 868 omnes
622 829 861 882 procedant,
899 836 1142 882 quapropter
1167 830 1286 868 etiam
1316 831 1414 870 alias
1442 829 1463 870 o‘
1495 831 1568 872 ἐπὶ

126 881 203 932 τῆς
231 879 423 928 εὐταξίας
451 882 676 935 appellatur
713 885 936 936 saepissime
962 886 1004 922 in
1032 884 1256 923 Pontificali
1286 885 1482 936 haberti,
1522 894 1569 925 ut

127 949 312 988 procem
337 937 379 977 in
395 950 496 976 suas
521 939 690 991 quisque
715 939 857 978 classes
882 939 1093 986 secedant,
1124 946 1162 977 et
1185 940 1354 992 gradum
1373 941 1448 980 sibi
1466 956 1570 985 con->

126 1005 275 1043 gruum
308 999 501 1044 occupent
514 1022 528 1042 ‚
568 1000 613 1031 ut
647 990 693 1032 τὸ
713 989 968 1047 καθεστηκὸς
1001 993 1236 1032 observetur
1255 1025 1267 1042 ,
1307 995 1432 1035 verbo
1460 1011 1566 1035 cere-

122 1047 336 1088 morathi-io.
390 1047 467 1086 Est
505 1047 613 1086 enim
643 1043 689 1087 τὸ
715 1044 967 1099 καθεστηκὸς
993 1050 1051 1096 id,
1088 1049 1197 1103 quod
1221 1064 1276 1087 ex
1302 1053 1428 1088 veteri
1453 1053 1567 1089 insti-

124 1108 210 1141 tuto,
231 1115 302 1141 usu
317 1111 509 1156 memplwn
538 1112 578 1141 et
600 1111 796 1141 servatum
812 1111 880 1141 est.
938 1104 996 1142 Ita
1027 1104 1134 1156 apud
1156 1103 1353 1156 xiphilin.
1380 1120 1421 1158 p.
1449 1105 1564 1157 1243.

128 1155 223 1194 51.=
258 1150 440 1204 μάλιστα
465 1155 511 1195 δὲ
540 1153 768 1195 ἐπεκάλουν
795 1157 903 1202 τινὲς
928 1157 1068 1212 αὐτῷ,
1099 1153 1162 1197 ὅτι
1191 1157 1493 1211 καθεστηκότος
1522 1156 1568 1199 ἔκ

122 1222 172 1254 τε
201 1207 276 1259 τῆς
297 1206 473 1259 Ἰταλίας
499 1233 552 1240 --
591 1208 689 1257 τούς
725 1210 1085 1264 σωματοφύλακας
1117 1208 1223 1251 εἶναι
1243 1243 1255 1263 ,
1287 1217 1467 1254 maxime
1502 1230 1571 1253 ac-

128 1262 315 1309 wabant
338 1278 423 1302 eum
458 1267 660 1314 nonnulli,
698 1266 805 1319 quod
815 1295 827 1313 ,
873 1282 985 1321 (licum
1012 1282 1068 1306 ex·
1093 1269 1221 1305 veteri
1244 1269 1414 1308 instituto
1441 1279 1566 1309 ειιςιο-

125 1318 195 1356 des
213 1319 414 1372 principis
435 1333 491 1359 ex
515 1321 640 1358 Italia
662 1321 893 1372 legerentur.
951 1322 1077 1374 Apud
1104 1322 1274 1360 eundem
1298 1331 1357 1362 est
1384 1339 1426 1377 p.
1452 1324 1571 1367 1085.

123 1386 192 1425 7²·
224 1368 250 1424 ἦ
273 1370 523 1420 κατάστασις
550 1375 627 1412 τοῦ
651 1372 746 1424 βίον
760 1403 772 1424 ,
798 1376 897 1414 ordo
912 1405 924 1426 ‚
951 1378 1169 1431 sequentia,
1203 1378 1416 1417 institunmz
1442 1381 1564 1427 vitae,

126 1426 200 1473 nbi
226 1427 307 1469 vid.
337 1426 386 1469 cl.
414 1428 587 1481 Reimar.
616 1428 737 1481 Apud
766 1429 952 1468 Nostrum
980 1445 1023 1483 p.
1053 1430 1146 1480 554.
1177 1431 1228 1473 D.
1262 1446 1300 1471 2.
1329 1441 1389 1472 est
1423 1430 1448 1485 ἦ
1478 1448 1557 1472 κα-

118 1476 327 1527 adoratus
352 1481 432 1529 τῶν
460 1483 654 1533 ὸέσμιίιιν,
689 1484 732 1522 ἰη
758 1484 937 1523 ordinem
965 1486 1167 1524 collocatio
1193 1487 1438 1540 captivorum
1451 1505 1467 1533 ,-
1495 1502 1571 1527 κα-

125 1532 434 1586 τάστασιςτῶν
461 1535 714 1588 πραγμάτων
740 1545 799 1576 est
825 1539 932 1591 apud
946 1539 1232 1592 Theophanem
1251 1555 1292 1593 p.
1313 1541 1381 1582 63.
1412 1543 1475 1592 C.‚
1501 1558 1571 1581 re-

121 1603 216 1628 rum
235 1598 351 1629 antea
374 1592 615 1630 tur-bacarum
641 1595 854 1632 constitutio
869 1624 880 1641 ,
911 1596 1110 1633 restitutio
1128 1596 1170 1633 in
1191 1595 1387 1635 ordinem.
1444 1597 1570 1650 Apud

122 1643 300 1698 eundem
312 1652 406 1684 sunt
422 1645 743 1696 ἀκαταστασίαι,
764 1662 825 1686 res
844 1649 1037 1699 turbidae,
1055 1664 1099 1702 p.
1123 1651 1191 1702 73.
1214 1651 1262 1688 C.
1282 1651 1395 1689 Idem
1414 1665 1456 1704 p.
1474 1653 1570 1704 243.

118 1698 178 1737 .C.
204 1699 247 1738 8.
294 1697 409 1747 μάθε
443 1697 517 1751 τήν
561 1697 811 1740 κατάστασιν
844 1703 991 1750 habet,
1040 1705 1145 1743 disoe
1172 1705 1360 1756 modeste,
1399 1707 1564 1758 ordine,

122 1753 255 1801 sedate
285 1767 413 1806 agere.
468 1756 512 1792 ln
541 1755 773 1794 officialibus
798 1758 1048 1809 patriarchae
1072 1766 1157 1797 erat
1197 1757 1220 1796 ὅ
1252 1760 1326 1810 τῆς
1350 1759 1465 1813 ἱερᾶς
1490 1776 1566 1800 κα-

114 1804 374 1855 ταστάσεως,
400 1809 450 1847 dc
479 1824 558 1862 quo
586 1811 707 1848 Goar.
734 1825 776 1863 p.
806 1813 868 1851 15.
890 1813 941 1851 ad
961 1813 1105 1851 Codin.
1135 1821 1174 1852 et
1193 1810 1370 1853 Gretser.
1398 1830 1440 1868 p.
1470 1817 1561 1870 167.

125 1859 273 1916 Petrus
303 1865 491 1916 Magister
518 1867 673 1917 scripsit
701 1864 825 1904 libros
858 1863 954 1918 περὶ
995 1868 1069 1918 τῆς
1105 1869 1316 1919 πολιτικῆς
1355 1868 1564 1909 καταστά-

118 1929 246 1967 σεως,
272 1916 324 1955 de
349 1919 493 1970 quibus
520 1920 600 1958 dixi
629 1921 670 1957 in
699 1921 969 1972 praefatione3
998 1923 1082 1960 vid.
1112 1923 1179 1961 Du
1189 1923 1319 1976 Gange
1338 1924 1468 1963 Gloss.
1490 1927 1564 1964 Gr.

124 1969 410 2010 Ceremohiarii
448 1981 532 2012 erat
558 1971 748 2019 ordinare
771 1990 950 2029 proceres
978 1977 1196 2015 secundum
1222 1979 1484 2030 praecedendi
1525 1988 1566 2019 et

118 2026 312 2078 sequendi
342 2042 447 2077 iura,
479 2030 651 2081 incipere
679 2033 913 2083 troparium,
947 2046 1111 2070 evocare
1131 2046 1316 2084 proceres
1347 2034 1565 2074 secundum

123 2093 218 2119 suos
256 2081 417 2120 ordines
459 2083 511 2121 ad
540 2098 692 2122 sacram
722 2087 1059 2136 communionem,
1090 2088 1131 2124 in
1162 2090 1317 2139 magnis
1345 2091 1564 2140 processio-

122 2133 242 2182 nibus
279 2136 320 2173 in
354 2151 495 2189 magna
534 2139 694 2178 ecclesia
723 2141 903 2179 osculum
930 2143 1036 2193 pacis
1075 2140 1127 2178 ab
1166 2142 1412 2194 imperatore
1450 2158 1565 2183 acce-

122 2196 261 2241 pturos
286 2191 411 2229 vmanu
431 2193 481 2230 ad
502 2207 592 2231 eum
612 2193 782 2245 ducere,
810 2195 898 2234 vela
930 2209 998 2234 seu
1027 2194 1167 2234 classes
1196 2210 1407 2249 procerum
1437 2206 1476 2237 et
1506 2198 1566 2237 le-

118 2250 232 2296 gatos
258 2246 511 2295 introducere
539 2255 614 2287 etc.
654 2248 690 2296 E
730 2264 770 2302 p.
809 2252 872 2300 14.
903 2250 950 2287 C.
983 2251 1023 2288 5.
1062 2250 1194 2289 Nostri
1221 2247 1304 2290 fere
1332 2252 1565 2301 concludas,

121 2301 451 2338 ceremoniarium
478 2302 595 2341 fuisse
621 2311 741 2354 caput
767 2304 1090 2343 silentiariorum.

113 2394 118 2396 .
229 2353 282 2391 A.
310 2368 399 2406 pen.
432 2354 548 2408 [7²¹⁹
576 2357 634 2411 1.]
652 2355 771 2412 ἔργῳ.
830 2360 903 2397 Est
934 2359 1056 2409 idem,
1086 2358 1193 2412 quod
1212 2374 1332 2416 supra
1349 2362 1566 2402 habuimus

114 2413 162 2453 :et
189 2410 372 2460 protinus
398 2418 595 2459 recurret,
628 2409 697 2450 διὰ
723 2411 944 2463 βραβειὶον.

109 2510 116 2514 .
199 2463 274 2502 .Β.
306 2461 345 2502 5.
379 2462 570 2518 [72¹,5.]
612 2466 918 2517 νιψιστιαρίων.
988 2467 1070 2517 Qui
1113 2469 1347 2509 malluvium
1386 2472 1563 2525 Impera-

113 2517 198 2563 ,φή
226 2523 363 2555 tenent
381 2525 450 2555 aut
477 2527 684 2571 apponunt
714 2528 805 2559 sunt
837 2519 1134 2574 νιψιστιιίριοι.
1196 2524 1438 2564 Malluvium
1456 2528 1563 2565 enim

111 2576 179 2611 est
211 2571 440 2621 νιψίστιονς
484 2586 507 2611 a
547 2573 672 2612 m'nrm
698 2574 742 2613 fit
771 2572 898 2625 νίψις,
930 2574 1023 2613 hinc
1061 2577 1238 2626 νιψιζειν
1269 2581 1442 2620 formant
1468 2583 1565 2628 novi

120 2622 277 2674 Graeci,
302 2625 396 2664 hinc
414 2624 605 2677 νιψιστής
619 2635 659 2666 et
680 2628 885 2678 vczpt'ouov
898 2636 937 2667 et
958 2631 1116 2669 tandem
1131 2631 1241 2671 illinc
1267 2631 1558 2687 νιψιστιιέριρς.

225 2678 272 2716 Β.
304 2694 344 2732 7.
390 2681 502 2733 [7²¹⁹
525 2680 585 2733 6.]
623 2680 1010 2732 ὕποβλαττομένων.
1098 2687 1164 2725 Sic
1201 2687 1348 2739 placuit
1392 2689 1558 2733 librario

108 2743 277 2794 ,ᾔει-ατε
303 2747 378 2786 pro
404 2733 792 2789 ὑποβλαττωμείὀν,
818 2737 927 2790 quod
957 2739 1062 2779 idem
1093 2748 1150 2780 est
1168 2749 1288 2795 atque
1305 2742 1561 2796 α’ποβεβλατ-
