1884 3132
293 93 404 148 632
604 110 678 150 10.
722 110 826 151 JAC.
868 111 1062 151 Rmslffl
1102 109 1499 154 COMMENTAmr

293 227 429 254 earum
460 211 674 253 efficerent.
734 215 836 253 Erat
864 215 919 254 ibi
947 216 1230 265 metatorium,
1260 215 1300 254 in
1331 229 1412 269 quo
1439 214 1634 257 desideret
1653 215 1736 256 Im-

291 276 477 322 perator,
509 283 589 323 quo
633 277 813 322 tempore
850 270 950 308 nihil
994 272 1117 323 ipsius
1154 272 1376 323 praesentia
1405 285 1504 324 opus
1523 300 1535 322 ,
1564 275 1633 312 'aut
1659 274 1737 325 ipsi

293 323 395 362 nihil
425 325 466 362 in
497 323 661 363 ecclesia
689 325 959 377 peragendum
989 333 1112 372 esset,
1145 325 1308 364 audiens
1334 326 1506 380 hymnos
1533 333 1573 365 et
1596 341 1740 366 sermo·

295 393 381 426 nes,
404 381 435 417 si
468 380 536 430 qui
567 380 844 418 recitarentur.
880 381 926 419 ln
964 379 1039 418 hoc
1073 382 1159 432 ipso
1177 395 1338 433 quoque
1355 382 1565 422 metatorio
1604 395 1739 421 crama

294 433 520 472 celebrabat
546 448 615 472 seu
653 435 828 473 ientabat
856 449 947 474 cum
977 435 1223 487 proceribus,
1257 443 1470 490 antequam
1496 450 1541 475 ex
1575 435 1739 476 ecclesia

293 503 338 527 1n
371 488 562 540 palatium
579 497 845 528 reverteretur
864 505 1095 543 pransurus.
1130 490 1387 529 Adhaerebat
1415 490 1510 529 huic
1526 492 1739 530 metatorio

293 543 512 582 triclinium
529 573 539 590 ‚
569 545 610 582 in
630 558 710 598 quo
738 551 808 583 aut
821 545 943 595 solus,
967 553 1036 583 aut
1055 558 1146 583 cum
1162 546 1408 599 proceribus,
1430 546 1577 598 quibus
1596 545 1742 596 vellet:¹

299 598 538 651 epulabatur
556 628 567 648 ,
608 603 640 637 si
680 613 821 652 nempe
867 614 1051 653 vesperas
1089 600 1130 638 in
1177 600 1315 639 eadem
1344 600 1508 639 ecclesia
1537 600 1740 640 celebrare

300 653 421 693 vellet
439 661 476 692 ct
487 653 709 706 prandendi
733 669 851 693 causa
868 655 906 693 in
920 655 1113 708 palatium
1130 658 1276 694 reverti
1292 654 1431 694 nollet.
1454 656 1572 694 Cons.
1592 670 1632 709 p.
1644 654 1738 694 308.

299 724 331 748 c.
363 709 431 748 fin.
470 709 562 747 310.
593 723 629 747 c.
661 709 733 747 fin.
762 710 855 748 323.
880 710 931 748 A.
957 717 1045 749 net
1063 709 1172 748 alibi.
1201 710 1381 749 Tandem
1396 717 1480 749 erat
1499 710 1554 749 ibi
1582 724 1745 764 quoque

301 764 453 803 Coeton
497 778 566 802 seu
616 764 871 815 cubiculum,
913 765 1190 804 dormitorium
1207 795 1218 815 ,
1249 767 1282 804 si
1328 772 1562 817 pernoctare
1607 767 1650 804 in
1677 778 1744 803 ec·
1773 800 1779 806 .

303 820 421 858 clesia
449 818 566 858 vellet
598 819 834 872 Imperator.
914 821 1004 859 Iluc
1046 822 1263 874 respiciunt
1291 819 1361 859 illa
1389 821 1551 860 Nicetae
1591 820 1744 859 Choni-

302 881 391 912 atae
433 873 483 912 de
516 874 747 913 Andronico
788 874 909 913 verba
952 890 993 929 p.
1024 875 1109 928 175·
1147 875 1247 914 ult.:
1296 873 1510 927 ἀνεγείρας
1538 871 1642 914 κατὰ
1670 870 1746 913 τὸν

303 925 408 967 νειὸν
435 928 517 968 τῶν
545 927 853 980 τεσσαράκοντα
881 925 1109 982 μαρτύρων
1137 930 1342 981 πολυτελῆ
1373 926 1579 980 οἰκήματα
1606 924 1750 983 ἑαυτῷ

302 979 522 1036 ἀφώρισεν
550 982 609 1029 εἷς
636 982 852 1035 ἐνοίκησιν,
887 980 1008 1035 ἡνίκα
1048 978 1100 1023 ἂν
1129 982 1322 1036 ἀφίκοιτο
1351 980 1457 1034 πρὸς
1483 981 1526 1022 τὸ
1559 982 1739 1032 τέμενος.

304 1039 423 1077 Istius
461 1038 583 1076 moris
613 1039 909 1091 Imperatorum
941 1041 982 1077 in
1022 1038 1193 1077 ecclesiis
1221 1038 1442 1092 prandendi
1471 1045 1623 1077 exstant
1649 1037 1747 1077 alibi

303 1107 464 1146 quoque
513 1093 689 1146 exempla
707 1123 716 1139 ,
759 1108 932 1146 quorum
972 1107 1055 1131 non
1083 1108 1210 1146 panca
1238 1094 1302 1131 Du
1333 1093 1468 1146 Gange
1495 1093 1675 1132 exhibuit
1702 1094 1747 1136 in

307 1148 425 1186 CPlis
453 1147 702 1197 Christianae
724 1150 770 1187 L.
794 1149 847 1186 ll.
879 1163 920 1201 p.
951 1148 1055 1197 ¹56„
1087 1149 1233 1202 quibus
1261 1147 1364 1187 addo
1395 1149 1567 1187 Leonem
1595 1149 1747 1186 Gram-

303 1205 496 1243 matieum
519 1231 530 1252 ,
560 1204 667 1256 apud
697 1218 816 1255 quem
843 1219 884 1256 p.
907 1202 1003 1254 480.
1039 1203 1086 1241 C.
1106 1203 1146 1253 4.
1178 1197 1508 1255 haec'leguntur:
1537 1214 1748 1256 προφασι-

306 1253 519 1307 σάμενοςῦ
548 1257 744 1307 βασιλεὺς
769 1252 964 1297 ἀπελθεῖν
982 1255 1055 1296 καί
1081 1257 1303 1309 δειπνῆσαι
1322 1257 1380 1304 εἰς
1406 1253 1479 1296 τὸν
1507 1251 1625 1308 ἅγιον
1653 1253 1748 1296 Aa'-

306 1311 462 1363 ζαρον,
516 1320 554 1351 et
598 1314 789 1353 Ioannem
833 1314 1057 1351 Diaconum
1094 1314 1136 1351 in
1181 1312 1383 1353 Chronico
1411 1311 1676 1364 Neapolitano
1702 1326 1746 1364 p.

308 1366 426 1417 5o4.:
490 1368 762 1406 Constantinus
787 1367 979 1421 Augustus
1007 1369 1174 1406 Romam
1214 1369 1347 1416 venit,
1381 1390 1436 1396 —-
1463 1367 1659 1406 dominico
1683 1366 1750 1405 die

303 1424 493 1477 processit
522 1423 579 1461 acl
606 1423 648 1460 S.
679 1423 840 1462 Petrum
874 1437 960 1462 clam
1002 1425 1174 1462 exercitu
1210 1436 1291 1462 suo.
1355 1421 1500 1461 Omnes
1527 1435 1613 1460 cum
1631 1423 1752 1460 cer-ez}

306 1478 520 1516 'exiverant
543 1479 583 1516 ei
604 1478 759 1516 obviam
784 1507 795 1527 ,
820 1487 859 1516 et
882 1479 1020 1516 obtulit
1047 1493 1163 1532 super
1195 1478 1322 1517 altare
1346 1478 1464 1531 ipsius
1491 1490 1607 1515 unum
1622 1476 1751 1531 palli-

309 1547 373 1570 um
408 1546 504 1571 altr-o
539 1533 716 1571 textilem
747 1542 784 1571 et
814 1534 1027 1571 celebratae
1062 1542 1148 1571 sunt
1172 1534 1326 1571 missae.
1382 1531 1552 1570 Sabbaco
1582 1533 1756 1586 sequenti

307 1589 416 1625 venit
443 1588 501 1626 ad
522 1588 759 1626 Lateranum
775 1618 786 1638 ,
824 1589 924 1627 lavit
943 1618 954 1635 ,
982 1597 1020 1626 et
1053 1587 1196 1626 ibidem
1214 1588 1371 1642 pransit
1401 1588 1444 1626 in
1486 1586 1648 1624 basilica
1672 1585 1719 1624 V
1715 1587 1755 1625 ι’-ἐ

305 1643 407 1693 gilii,
466 1642 611 1681 Clerici
637 1657 798 1695 quoque
826 1645 867 1681 in
899 1643 1071 1682 ecclesiis
1104 1641 1453 1690 convivabantur,
1486 1648 1526 1679 et
1552 1641 1629 1679 hoc
1655 1654 1753 1679 con-

307 1698 463 1735 vivium
492 1696 689 1748 κυριακόν
709 1697 997 1753 appellabatur,
1026 1704 1125 1736 teste
1139 1697 1372 1737 Phavorino
1389 1725 1400 1746 ,
1432 1697 1472 1734 in
1493 1696 1606 1734 cuius
1629 1694 1753 1734 lexico

309 1751 409 1790 haec
438 1751 566 1805 glossa
593 1752 751 1804 legitur:
783 1749 992 1803 κυριακὸν·
1008 1748 1054 1790 τὸ
1075 1749 1268 1804 ἔγκληρον
1295 1750 1338 1791 ἐν
1350 1749 1541 1804 ἐκκλησίᾳ
1573 1749 1752 1797 δεῖπνον,

312 1805 477 1858 epulum
505 1807 577 1845 soli
619 1808 724 1846 clero
771 1806 1013 1846 destinatum
1042 1813 1080 1844 et
1107 1806 1158 1844 ab
1186 1821 1232 1845 eo
1262 1804 1347 1845 solo
1374 1805 1568 1844 celebrari
1594 1804 1756 1843 solitum

314 1863 356 1899 in
387 1861 567 1900 ecclesia.
602 1862 742 1900 Saxius
771 1863 811 1900 in
845 1863 949 1901 notis
981 1862 1032 1900 ad
1053 1860 1285 1913 Landulphi
1313 1861 1520 1899 historiam
1537 1858 1754 1898 Mediolan.

319 1918 374 1954 ait
409 1917 579 1969 vestigia
607 1923 790 1955 veterum
818 1931 1035 1970 agaparum
1061 1930 1131 1954 seu
1160 1917 1437 1954 conviviorum
1467 1915 1518 1953 ad
1546 1914 1760 1954 fovendam

314 1970 548 2009 charitatem
571 1979 749 2009 mutuam
763 1974 1036 2010 institutorum
1047 1971 1211 2024 vestigia
1225 1983 1350 2023 usque
1364 1970 1412 2008 ad
1430 1968 1631 2009 saeculum
1641 1970 1759 2010 XIV.

315 2027 358 2063 in
388 2026 551 2065 ecclesia
571 2026 858 2065 Mediolanensi
888 2027 1149 2079 perdurasse,
1179 2025 1315 2077 epulas
1345 2038 1488 2077 nempe
1513 2026 1555 2062 in
1586 2023 1759 2063 ecclesiis

315 2080 389 2119 soli
419 2081 526 2120 clero
556 2095 668 2120 sacra
718 2082 875 2120 facienti
917 2081 1119 2130 indultas,
1151 2087 1284 2118 amoto
1317 2079 1411 2117 luxu
1441 2080 1552 2118 omni
1579 2086 1619 2117 et
1646 2077 1758 2130 vulgi

315 2136 532 2188 promiscui
573 2135 893 2189 intemperantia.
968 2135 1106 2173 Solent
1147 2134 1278 2173 adhuc
1304 2134 1424 2172 hodie
1454 2134 1596 2172 Graeci
1624 2132 1759 2184 epulas

316 2190 507 2229 funebres
536 2193 856 2244 propinquorum
883 2204 1047 2228 suorum
1066 2191 1280 2228 memoriae
1319 2203 1465 2238 sacras,
1495 2195 1564 2227 aut
1596 2187 1758 2226 illorum

315 2252 539 2298 martyrum
596 2245 793 2285 natalitias
813 2275 823 2295 ,
867 2245 1012 2298 quibus
1051 2244 1213 2283 ecclesia
1250 2257 1430 2297 quaeque
1459 2243 1638 2281 dedicata
1665 2248 1723 2279 est
1744 2271 1756 2288 ‚

317 2300 361 2339 in
388 2300 608 2353 porticibus
650 2300 835 2338 ecclesiae
873 2314 942 2338 seu
968 2301 1010 2338 in
1038 2299 1226 2338 narthece
1284 2298 1485 2338 celebrare
1503 2326 1514 2346 ,
1543 2297 1613 2335 ubi
1641 2294 1759 2348 longa

317 2369 455 2395 mensa
482 2367 563 2393 una
591 2362 660 2393 aut
687 2355 821 2407 plures
850 2362 982 2403 stant,
1013 2355 1157 2406 quibus
1187 2353 1308 2406 dapes
1336 2355 1597 2405 imponuntur
1625 2357 1664 2388 et
1691 2364 1756 2388 as-

320 2409 473 2448 sidetur
517 2409 559 2448 a¹
582 2409 903 2448 convivantibus.
961 2410 1017 2448 V.
1062 2408 1252 2447 Gerlach.
1295 2409 1478 2446 Itinerar.
1530 2419 1572 2457 p.
1596 2404 1689 2443 206.
1720 2411 1760 2443 et

318 2464 463 2502 Ricaut
487 2464 536 2502 de
564 2463 682 2502 l’etat
706 2465 755 2502 de
781 2463 951 2516 l’Eglise
963 2465 1147 2516 Grecque
1166 2478 1206 2515 p.
1228 2461 1340 2516 298.,
1370 2462 1482 2501 cuius
1501 2458 1636 2507 verba,
1655 2473 1758 2511 quo-

320 2520 430 2556 niam
471 2532 605 2557 orama
644 2526 826 2558 nostrum
861 2518 1088 2568 illustrant,
1134 2530 1345 2570 apponam.
1408 2514 1474 2554 Aa
1491 2514 1583 2552 bont
1604 2513 1654 2551 de
1677 2515 1760 2552 haic

308 2575 424 2623 jour-s
449 2574 518 2624 [ab
548 2572 758 2626 exseiluiis]
788 2588 839 2612 on
863 2573 947 2611 lew*
968 2573 1069 2611 rend
1098 2587 1171 2612 une
1197 2572 1308 2610 visite
1328 2570 1377 2608 de
1401 2566 1554 2607 cbarz'ae'
1570 2581 1679 2621 pour
1704 2569 1759 2606 les

321 2629 500 2665 comolet*
520 2629 568 2666 de
594 2629 679 2666 lem·
708 2638 819 2681 perte
854 2636 892 2665 et
923 2641 1027 2681 pout·
1054 2628 1107 2664 les
1135 2638 1418 2679 accompagner
1452 2625 1479 2660 ὰ
1504 2621 1668 2674 l'e'aegllke,
1692 2624 1759 2672 ,οιὶ

320 2680 356 2720 il
382 2695 420 2719 se
443 2683 535 2732 fait
558 2683 627 2725 des
650 2684 798 2736 przeres
842 2696 947 2737 pout·
980 2683 1016 2721 le
1051 2695 1166 2737 repes
1199 2680 1248 2719 de
1266 2678 1396 2720 'l'cime
1423 2677 1477 2716 du
1515 2686 1629 2718 mort.
1685 2677 1760 2727 Les
