1884 3132
331 175 444 233 828
566 193 692 236 ²10.
733 194 839 237 mc.
878 187 1071 237 R'fflsxn
1114 195 1492 239 comffiNTAnn

336 311 448 336 mcro
474 296 735 350 adstringere.
794 296 907 336 Alias
945 304 1059 336 notat
1092 296 1365 337 fibulatorium
1392 312 1529 351 sagum
1558 296 1623 337 vel
1663 297 1775 338 chla-

336 353 498 406 mydem
520 352 642 391 fibula
664 355 898 392 instructam
922 367 933 402 3
974 353 1056 391 vid.
1097 352 1266 392 Salmas.
1297 354 1348 392 ad
1372 354 1518 407 Script.
1539 354 1640 392 Hist.
1668 353 1778 408 Aug.

334 408 466 447 -T,11.
489 422 529 461 p.
564 407 658 462 276.
695 415 734 447 et
771 409 836 447 Du
856 408 988 461 Gange
1030 407 1069 446 h.
1109 422 1178 458 v.‚
1218 408 1326 447 unde
1349 416 1473 462 patet,
1504 409 1777 448 fibulatorium

338 478 500 516 quoque
527 463 678 502 dictum
700 463 820 502 fuisse
837 463 935 502 illud
958 464 1119 517 pretiosi
1140 465 1262 516 panni
1291 462 1424 503 lorum
1451 463 1514 503 vel
1537 466 1748 518 corrigiam
1764 493 1777 514 ‚

336 533 440 572 quae
485 526 617 557 assuta
659 533 754 558 orae
797 521 915 558 vestis
954 520 992 558 iu
1042 518 1207 558 fibulam
1243 519 1537 559 immittebatur
1558 549 1570 567 ‚
1617 520 1780 558 Graecis

337 570 556 625 πτερύγιον
581 574 702 613 dicta.
731 574 988 614 Gloss.rnst.:
1013 574 1172 623 limbus,
1195 589 1267 614 ora
1293 577 1407 614 vestis
1438 589 1534 614 auro
1564 583 1674 614 texta
1715 574 1785 613 vel

321 629 616 685 fibulatorium.
674 630 811 669 Liceat
847 630 945 668 mihi
983 631 1060 668 hoc
1089 629 1176 668 loco
1216 631 1258 669 in
1281 630 1450 669 transitu
1477 630 1626 683 Papiae
1647 629 1780 668 locum

342 684 581 734 emendare,
626 698 746 737 quem
779 685 845 723 Du
884 685 1018 739 Cauge
1044 687 1099 724 sic
1130 686 1253 724 citat:
1295 685 1571 739 extrqfilatus,
1625 694 1783 725 exserto

341 742 514 789 qunero,
537 742 651 795 qzcasi
668 749 790 780 eaetra
814 752 975 779 manum
999 740 1239 795 praeses-ens.
1297 741 1529 794 Legendum
1551 747 1687 793 putem
1707 754 1783 778 ex-

341 795 584 845 11·asi!1lacu.s·‚
615 804 770 834 exserto
805 797 965 834 lmmero
982 827 991 843 ,
1029 794 1199 850 [scilicet
1229 796 1439 845 incedens,
1484 795 1550 834 vel
1590 809 1784 848 perorans

342 850 405 890 vel
437 851 774 903 conspiciendus]
803 853 918 905 quasi
943 850 1239 905 extmfibcdam
1267 865 1425 890 mamam
1440 851 1659 905 proferens.

455 907 501 944 C.
526 921 617 958 pen.
645 905 760 960 [708‚
791 905 875 960 ιὰ]
929 905 1324 958 ἐρυθροὸανωμένη.
1384 905 1518 946 Rubro
1547 906 1677 944 colore
1723 906 1785 944 in—

324 962 456 1012 secta.
492 961 613 1011 Quod
642 962 774 1010 rubia,
804 959 1094 1013 ἑρυθρόδαγον
1112 967 1153 999 ct
1180 957 1475 1013 ἐρευθόὸαιόν,
1513 961 1681 1000 rubrum
1705 962 1786 999 tin-

340 1024 475 1069 geret,
507 1031 553 1055 ex
587 1031 633 1055 eo
674 1015 797 1054 rubro
832 1016 965 1055 colore
1003 1016 1270 1069 undecunque
1298 1016 1461 1054 tandem
1495 1016 1649 1069 tingere
1687 1015 1788 1066 ἐρυ-

344 1071 580 1122 θροὸανοῦν
629 1071 815 1110 dixerunt
841 1072 936 1110 novi
973 1072 1137 1123 Graeci;
1178 1071 1263 1110 vid.
1301 1071 1467 1111 Salmas.
1510 1071 1651 1110 Exere.
1678 1070 1785 1110 Plin.

347 1141 390 1180 p.
408 1126 501 1166 260.
527 1127 571 1164 B.
594 1125 689 1165 810.
716 1126 766 1169 F.

455 1182 507 1220 D.
525 1179 567 1232 4.
588 1181 704 1275 po&
730 1181 816 1233 2o.]
846 1181 1083 1233 τρίκομβον.
1138 1181 1290 1220 Tribus
1323 1180 1499 1230 combis,
1547 1179 1588 1218 id
1617 1185 1676 1218 oet
1713 1193 1789 1218 no-

346 1236 409 1275 dis
426 1266 437 1286 ,
467 1236 586 1290 globu
609 1239 663 1284 is,
701 1235 822 1275 bullis
849 1236 912 1275 vel
939 1236 1073 1276 bulbis
1101 1237 1413 1276 interstinctum.
1471 1236 1517 1274 Id
1542 1235 1648 1273 enim
1677 1241 1790 1274 notat

346 1306 425 1331 vox
464 1288 648 1341 κόμβος,
694 1305 812 1330 omne
845 1292 954 1345 quod
981 1299 1137 1343 tumet,
1185 1291 1396 1344 gibberum
1435 1298 1522 1342 est,
1559 1290 1789 1344 prominet3

347 1347 432 1386 vid.
463 1347 586 1386 Goar.
617 1346 668 1385 ad
713 1346 857 1385 Codin.
892 1362 933 1401 p.
982 1346 1046 1398 49.
1083 1362 1122 1386 n.
1155 1348 1223 1385 23.
1261 1354 1299 1385 et
1334 1361 1378 1400 p.
1413 1360 1477 1401 70.
1507 1359 1549 1385 n.
1594 1359 1687 1396 20.,
1721 1345 1791 1385 sed

349 1404 563 1456 praecipue
582 1403 647 1440 Du
675 1402 809 1455 Gange
835 1402 967 1441 Gloss.
1003 1403 1076 1441 Gr.
1110 1402 1152 1441 h.
1180 1416 1221 1444 v.

461 1459 512 1496 D.
535 1456 575 1509 [4.
597 1456 708 1512 [708‚
731 1456 815 1511 2o.]
845 1457 1012 1509 τὲρνων.
1069 1458 1250 1497 Positum
1289 1464 1344 1496 est
1374 1471 1449 1510 pro
1475 1454 1658 1506 στέρνων
1696 1458 1793 1506 (non

349 1513 457 1551 enim
476 1519 612 1565 putem
635 1513 856 1567 quidquam
881 1512 946 1551 hic
972 1527 1055 1552 esse
1074 1512 1399 1563 sollicitandum).
1456 1512 1516 1551 ⁴Ut
1547 1517 1639 1549 ante
1666 1511 1793 1564 cappa

347 1570 502 1622 saepius
530 1568 637 1621 apud
666 1583 793 1608 novos
819 1569 993 1607 Graecos
1025 1569 1175 1607 exsulat
1204 1582 1253 1618 σ,
1285 1567 1383 1618 (vid.
1415 1567 1522 1606 dicta
1552 1565 1604 1606 ad
1632 1578 1675 1617 p.
1695 1565 1790 1606 265.

348 1625 403 1663 D.
423 1624 498 1674 3.‚)
527 1625 583 1662 ita
613 1638 774 1677 quoque
804 1631 904 1676 puto
925 1630 1018 1662 aute
1035 1638 1057 1662 τ
1087 1623 1266 1663 exsulare
1295 1625 1410 1662 initio
1435 1636 1592 1664 vocum.
1655 1622 1802 1676 Neque

351 1680 495 1718 desunt
523 1678 717 1731 exempla.
777 1680 837 1717 Ila
857 1679 997 1717 dicunt
1019 1678 1158 1729 τοβίον
1182 1692 1254 1732 pro
1291 1677 1459 1730 στοίβη,
1485 1678 1674 1726 scabiosa,
1706 1675 1797 1726 τρέ·

351 1736 423 1780 λος
454 1741 492 1772 et
512 1734 678 1788 τρὲλλος
697 1748 769 1787 pro
787 1733 985 1787 στρέβλος
1001 1763 1013 1785 ,
1043 1748 1198 1772 cut-vus.
1230 1733 1370 1787 Neque
1392 1733 1533 1772 dubito
1555 1733 1673 1786 plura
1700 1731 1797 1771 talia

353 1804 540 1829 inveniri.

433 1843 480 1895 41
497 1858 529 1883 ι.
546 1843 599 1883 A.
624 1859 663 1898 7.
682 1845 779 1898 [709
798 1874 808 1891 ‚
832 1843 889 1896 8.]
925 1841 1201 1895 χρυσόκανος.
1256 1843 1387 1883 Credo
1409 1858 1511 1892 esse,
1532 1842 1641 1897 quod
1673 1841 1797 1881 habet

355 1914 522 1939 aureum
551 1900 823 1948 manuhrimn,
857 1895 1027 1950 κώπην;
1057 1899 1151 1951 quia
1188 1899 1398 1938 manubria
1429 1899 1655 1953 gladiorum
1678 1897 1800 1949 longa

357 1955 576 2008 cylindrica
598 1962 691 1993 sunt
711 1984 722 2003 ‚
754 1961 970 2007 potueruut
997 1956 1149 2008 optimo
1171 1955 1258 1994 iure
1280 1969 1430 1994 cannae
1468 1953 1685 2007 appellari;
1715 1951 1799 1992 vid.

358 2011 407 2050 ad
431 2025 472 2063 p.
495 2010 589 2065 569.
611 2010 665 2047 D.
687 2009 760 2048 ult.
784 2009 904 2048 dieta.

466 2066 518 2105 A.
537 2079 576 2119 9.
598 2064 712 2119 [7092
745 2063 802 2118 9]
833 2064 891 2118 τῷ
932 2063 1173 2120 δομεστύεῳ.
1231 2065 1293 2103 Ita
1332 2078 1414 2104 non
1458 2062 1642 2102 dubitavi
1679 2076 1797 2116 repo-

357 2167 452 2192 nere
473 2167 546 2207 pro
575 2154 633 2208 τῷ
661 2149 838 2205 nat-553(
864 2185 876 2206 ‚
925 2155 1033 2209 quod
1078 2155 1120 2193 in
1172 2151 1416 2192 membranis
1460 2159 1545 2191 erat
1565 2181 1578 2202 ,
1628 2151 1772 2190 vitioso
1789 2179 1804 2199 ,

358 2277 484 2317 fretus
550 2280 788 2319 auctoritate
857 2279 936 2319 loci
984 2278 1104 2332 paulo
1177 2276 1344 2316 inferius
1394 2276 1634 2314 recurrentis
1671 2272 1720 2314 B.
1760 2275 1801 2314 3.

368 2386 478 2426 Nam
513 2358 618 2487 W
646 2396 706 2428 est
735 2388 1016 2443 compendium
1052 2386 1273 2441 scripturae
1305 2399 1381 2440 pro
1416 2386 1570 2438 integra
1599 2397 1699 2423 voce
1733 2381 1804 2421 δο-

363 2498 584 2549 μὲστικος,
630 2507 671 2538 et
715 2514 812 2539 κατε
849 2508 942 2540 sunt
987 2500 1127 2553 procul
1163 2500 1288 2538 dubio
1315 2498 1506 2551 reliquiae
1543 2509 1623 2534 non
1651 2493 1808 2533 deletae

369 2555 478 2592 vocis
502 2569 711 2607 peiperam
744 2570 766 2593 e
791 2556 1060 2608 superioribus
1084 2570 1106 2594 a
1134 2555 1299 2594 librario
1323 2556 1491 2608 supino,
1521 2549 1588 2590 sed
1627 2562 1805 2588 errorem

367 2611 550 2658 protinus
575 2610 940 2660 animadvertente,
969 2616 1172 2664 repetitae.

479 2664 533 2701 A.
560 2665 714 2717 penult.
739 2666 858 2719 [709³
902 2665 988 2719 12.]
1028 2660 1346 2715 κεχαλασμὲνον.
1403 2662 1592 2700 Monetur
1623 2658 1699 2697 hoc
1740 2671 1806 2697 re-

367 2724 506 2767 spectu
538 2718 672 2759 habito
709 2721 759 2760 ad
790 2718 863 2760 τὸν
892 2717 1034 2759 κλοιὸν
1074 2723 1128 2767 (ν.
1166 2717 1289 2772 paulo
1312 2723 1400 2769 post
1427 2716 1473 2753 Β.
1510 2715 1584 2763 ιι.)
1614 2727 1683 2752 seu
1721 2719 1807 2752 tor-

369 2783 489 2823 quem
525 2771 639 2813 illum
675 2790 841 2815 aureum
857 2805 867 2825 ,
891 2777 961 2830 qui
995 2781 1126 2815 rectus
1156 2781 1194 2814 et
1218 2771 1370 2826 rigidus
1401 2771 1536 2810 stricte
1566 2768 1737 2808 ambiret
1769 2773 1810 2806 et
