<?xml version="1.0" encoding="UTF-8"?>
<!DOCTYPE html PUBLIC "-//W3C//DTD XHTML 1.0 Transitional//EN"
    "http://www.w3.org/TR/xhtml1/DTD/xhtml1-transitional.dtd">
<html xmlns="http://www.w3.org/1999/xhtml" xml:lang="en" lang="en">
 <head>
  <title>
</title>
<meta http-equiv="Content-Type" content="text/html;charset=utf-8" />
  <meta name='ocr-system' content='tesseract 3.04.00' />
  <meta name='ocr-capabilities' content='ocr_page ocr_carea ocr_par ocr_line ocrx_word'/>
</head>
<body>
  <div class='ocr_page' id='page_1' title='image "./corpusscriptorum08niebuoft/corpusscriptorum08niebuoft_0657.png"; bbox 0 0 1884 3132; ppageno 0'>
   <div class='ocr_carea' id='block_1_1' title="bbox 207 119 1567 195">
    <p class='ocr_par' dir='ltr' id='par_1_1' title="bbox 207 119 1567 195">
     <span class='ocr_line' id='line_1_1' title="bbox 207 119 1567 195; baseline -0.01 -5"><span class='ocrx_word' id='word_1_1' title='bbox 207 143 282 190; x_wconf 73' lang='grc' dir='ltr'>ΑΒ,</span> <span class='ocrx_word' id='word_1_2' title='bbox 322 142 620 187; x_wconf 72' lang='grc' dir='ltr'>οοΝεΤΑΝΤ.</span> <span class='ocrx_word' id='word_1_3' title='bbox 664 143 860 186; x_wconf 71' lang='lat' dir='ltr'>ponpa.</span> <span class='ocrx_word' id='word_1_4' title='bbox 893 145 965 184; x_wconf 86' lang='lat' dir='ltr'>DE</span> <span class='ocrx_word' id='word_1_5' title='bbox 1003 141 1185 184; x_wconf 70' lang='lat' dir='ltr'>cmm.</span> <span class='ocrx_word' id='word_1_6' title='bbox 1220 143 1316 183; x_wconf 78' lang='lat' dir='ltr'>mn.</span> <span class='ocrx_word' id='word_1_7' title='bbox 1358 141 1411 181; x_wconf 86' lang='lat'>11.</span> <span class='ocrx_word' id='word_1_8' title='bbox 1451 119 1567 195; x_wconf 77' lang='grc'>649</span> 
     </span>
    </p>
   </div>
   <div class='ocr_carea' id='block_1_2' title="bbox 122 243 1574 2769">
    <p class='ocr_par' dir='ltr' id='par_1_2' title="bbox 122 243 1574 2659">
     <span class='ocr_line' id='line_1_2' title="bbox 127 243 1566 340; baseline -0.003 -52"><span class='ocrx_word' id='word_1_9' title='bbox 127 249 305 288; x_wconf 75' lang='lat' dir='ltr'>volumus</span> <span class='ocrx_word' id='word_1_10' title='bbox 325 279 336 297; x_wconf 86' lang='lat'>,</span> <span class='ocrx_word' id='word_1_11' title='bbox 366 249 437 288; x_wconf 76' lang='lat' dir='ltr'>sed</span> <span class='ocrx_word' id='word_1_12' title='bbox 467 249 585 288; x_wconf 83' lang='lat' dir='ltr'>etiam</span> <span class='ocrx_word' id='word_1_13' title='bbox 621 262 648 288; x_wconf 83' lang='lat' dir='ltr'>a</span> <span class='ocrx_word' id='word_1_14' title='bbox 675 257 711 288; x_wconf 82' lang='lat' dir='ltr'>ce</span> <span class='ocrx_word' id='word_1_15' title='bbox 737 250 894 287; x_wconf 81' lang='lat' dir='ltr'><em>notitias</em></span> <span class='ocrx_word' id='word_1_16' title='bbox 919 262 1055 287; x_wconf 77' lang='lat' dir='ltr'>earum</span> <span class='ocrx_word' id='word_1_17' title='bbox 1087 247 1277 286; x_wconf 77' lang='lat' dir='ltr'>subtiliter</span> <span class='ocrx_word' id='word_1_18' title='bbox 1310 245 1367 340; x_wconf 60' lang='lat' dir='ltr'>[lid</span> <span class='ocrx_word' id='word_1_19' title='bbox 1396 251 1455 284; x_wconf 88' lang='lat' dir='ltr'>est</span> <span class='ocrx_word' id='word_1_20' title='bbox 1485 243 1566 284; x_wconf 83' lang='lat' dir='ltr'>sol-</span> 
     </span>
     <span class='ocr_line' id='line_1_3' title="bbox 129 302 1568 358; baseline -0.003 -15"><span class='ocrx_word' id='word_1_21' title='bbox 129 302 257 358; x_wconf 78' lang='lat' dir='ltr'><strong>licite]</strong></span> <span class='ocrx_word' id='word_1_22' title='bbox 286 305 460 344; x_wconf 77' lang='lat' dir='ltr'>retineri.</span> <span class='ocrx_word' id='word_1_23' title='bbox 518 303 662 342; x_wconf 87' lang='lat' dir='ltr'><strong>Adhuc</strong></span> <span class='ocrx_word' id='word_1_24' title='bbox 681 302 801 342; x_wconf 89' lang='lat' dir='ltr'>hodie</span> <span class='ocrx_word' id='word_1_25' title='bbox 847 303 975 343; x_wconf 90' lang='lat' dir='ltr'>solere</span> <span class='ocrx_word' id='word_1_26' title='bbox 1001 304 1174 342; x_wconf 88' lang='lat' dir='ltr'>Graecos</span> <span class='ocrx_word' id='word_1_27' title='bbox 1203 302 1243 340; x_wconf 91' lang='lat' dir='ltr'>in</span> <span class='ocrx_word' id='word_1_28' title='bbox 1273 315 1317 340; x_wconf 90' lang='lat' dir='ltr'>so</span> <span class='ocrx_word' id='word_1_29' title='bbox 1333 315 1359 340; x_wconf 90' lang='lat' dir='ltr'>o</span> <span class='ocrx_word' id='word_1_30' title='bbox 1385 314 1470 339; x_wconf 89' lang='lat' dir='ltr'>non</span> <span class='ocrx_word' id='word_1_31' title='bbox 1495 314 1568 353; x_wconf 84' lang='lat' dir='ltr'>pa-</span> 
     </span>
     <span class='ocr_line' id='line_1_4' title="bbox 129 356 1568 412; baseline -0.003 -14"><span class='ocrx_word' id='word_1_32' title='bbox 129 359 208 398; x_wconf 77' lang='lat' dir='ltr'>trio</span> <span class='ocrx_word' id='word_1_33' title='bbox 235 359 469 398; x_wconf 83' lang='lat' dir='ltr'><strong>decedentes</strong></span> <span class='ocrx_word' id='word_1_34' title='bbox 508 372 601 398; x_wconf 85' lang='lat' dir='ltr'>suas</span> <span class='ocrx_word' id='word_1_35' title='bbox 628 372 724 412; x_wconf 89' lang='lat' dir='ltr'>opes</span> <span class='ocrx_word' id='word_1_36' title='bbox 751 358 1039 398; x_wconf 87' lang='lat' dir='ltr'>monachorum</span> <span class='ocrx_word' id='word_1_37' title='bbox 1077 371 1242 397; x_wconf 91' lang='lat' dir='ltr'>suorum</span> <span class='ocrx_word' id='word_1_38' title='bbox 1270 356 1359 395; x_wconf 84' lang='lat' dir='ltr'>fidei</span> <span class='ocrx_word' id='word_1_39' title='bbox 1385 360 1568 394; x_wconf 88' lang='lat' dir='ltr'>commit-</span> 
     </span>
     <span class='ocr_line' id='line_1_5' title="bbox 130 410 1565 467; baseline -0.003 -15"><span class='ocrx_word' id='word_1_40' title='bbox 130 419 241 464; x_wconf 83' lang='lat' dir='ltr'>tere,</span> <span class='ocrx_word' id='word_1_41' title='bbox 281 428 426 467; x_wconf 88' lang='lat' dir='ltr'>eosque</span> <span class='ocrx_word' id='word_1_42' title='bbox 465 413 616 453; x_wconf 86' lang='lat' dir='ltr'>hortari</span> <span class='ocrx_word' id='word_1_43' title='bbox 634 444 647 463; x_wconf 86' lang='lat'><em>,</em></span> <span class='ocrx_word' id='word_1_44' title='bbox 687 420 732 452; x_wconf 90' lang='lat' dir='ltr'>ut</span> <span class='ocrx_word' id='word_1_45' title='bbox 770 412 1008 452; x_wconf 83' lang='lat' dir='ltr'>haeredibus</span> <span class='ocrx_word' id='word_1_46' title='bbox 1051 411 1320 466; x_wconf 83' lang='lat' dir='ltr'>flagitantibus</span> <span class='ocrx_word' id='word_1_47' title='bbox 1363 410 1534 449; x_wconf 88' lang='lat' dir='ltr'>reddant</span> <span class='ocrx_word' id='word_1_48' title='bbox 1553 440 1565 458; x_wconf 91' lang='lat'>‚</span> 
     </span>
     <span class='ocr_line' id='line_1_6' title="bbox 129 465 1569 521; baseline -0.003 -14"><span class='ocrx_word' id='word_1_49' title='bbox 129 467 207 508; x_wconf 88' lang='lat' dir='ltr'>hoc</span> <span class='ocrx_word' id='word_1_50' title='bbox 234 476 293 507; x_wconf 88' lang='lat' dir='ltr'>est</span> <span class='ocrx_word' id='word_1_51' title='bbox 310 482 477 521; x_wconf 87' lang='lat' dir='ltr'>caprum</span> <span class='ocrx_word' id='word_1_52' title='bbox 504 468 772 507; x_wconf 82' lang='lat' dir='ltr'>hortularium</span> <span class='ocrx_word' id='word_1_53' title='bbox 800 468 928 507; x_wconf 87' lang='lat' dir='ltr'>facere</span> <span class='ocrx_word' id='word_1_54' title='bbox 945 475 1136 515; x_wconf 77' lang='lat' dir='ltr'>‚testatur</span> <span class='ocrx_word' id='word_1_55' title='bbox 1153 466 1341 506; x_wconf 86' lang='lat' dir='ltr'>Gerlach.</span> <span class='ocrx_word' id='word_1_56' title='bbox 1373 466 1415 504; x_wconf 86' lang='lat' dir='ltr'>in</span> <span class='ocrx_word' id='word_1_57' title='bbox 1429 465 1569 504; x_wconf 89' lang='lat' dir='ltr'>Diario</span> 
     </span>
     <span class='ocr_line' id='line_1_7' title="bbox 132 520 1569 576; baseline -0.003 -14"><span class='ocrx_word' id='word_1_58' title='bbox 132 523 292 562; x_wconf 86' lang='lat' dir='ltr'>Itineris</span> <span class='ocrx_word' id='word_1_59' title='bbox 322 524 474 562; x_wconf 87' lang='lat' dir='ltr'>CPtani</span> <span class='ocrx_word' id='word_1_60' title='bbox 501 537 541 576; x_wconf 91' lang='lat' dir='ltr'><strong>p.</strong></span> <span class='ocrx_word' id='word_1_61' title='bbox 562 522 656 576; x_wconf 77' lang='grc'><strong>477.</strong></span> <span class='ocrx_word' id='word_1_62' title='bbox 688 523 740 562; x_wconf 90' lang='lat' dir='ltr'>A.</span> <span class='ocrx_word' id='word_1_63' title='bbox 771 523 864 562; x_wconf 80' lang='lat' dir='ltr'>fine.</span> <span class='ocrx_word' id='word_1_64' title='bbox 922 522 1075 562; x_wconf 87' lang='lat' dir='ltr'>Eadem</span> <span class='ocrx_word' id='word_1_65' title='bbox 1101 522 1198 562; x_wconf 90' lang='lat' dir='ltr'>olim</span> <span class='ocrx_word' id='word_1_66' title='bbox 1223 522 1262 560; x_wconf 89' lang='lat' dir='ltr'>in</span> <span class='ocrx_word' id='word_1_67' title='bbox 1291 520 1404 560; x_wconf 85' lang='lat' dir='ltr'>ltalia</span> <span class='ocrx_word' id='word_1_68' title='bbox 1435 528 1475 559; x_wconf 87' lang='lat' dir='ltr'>et</span> <span class='ocrx_word' id='word_1_69' title='bbox 1501 534 1569 559; x_wconf 89' lang='lat' dir='ltr'>oc-</span> 
     </span>
     <span class='ocr_line' id='line_1_8' title="bbox 131 575 1570 631; baseline -0.001 -15"><span class='ocrx_word' id='word_1_70' title='bbox 131 578 289 617; x_wconf 83' lang='lat' dir='ltr'>cidente</span> <span class='ocrx_word' id='word_1_71' title='bbox 314 586 452 618; x_wconf 88' lang='lat' dir='ltr'>nostro</span> <span class='ocrx_word' id='word_1_72' title='bbox 479 585 563 616; x_wconf 82' lang='lat' dir='ltr'>erat</span> <span class='ocrx_word' id='word_1_73' title='bbox 590 578 730 627; x_wconf 85' lang='lat' dir='ltr'>facies,</span> <span class='ocrx_word' id='word_1_74' title='bbox 758 577 864 616; x_wconf 92' lang='lat' dir='ltr'>idem</span> <span class='ocrx_word' id='word_1_75' title='bbox 893 578 1035 631; x_wconf 81' lang='lat' dir='ltr'>agendi</span> <span class='ocrx_word' id='word_1_76' title='bbox 1064 592 1150 617; x_wconf 91' lang='lat' dir='ltr'>mos</span> <span class='ocrx_word' id='word_1_77' title='bbox 1188 584 1308 630; x_wconf 85' lang='lat' dir='ltr'>atque</span> <span class='ocrx_word' id='word_1_78' title='bbox 1337 575 1445 629; x_wconf 89' lang='lat' dir='ltr'>apud</span> <span class='ocrx_word' id='word_1_79' title='bbox 1475 575 1570 615; x_wconf 90' lang='lat' dir='ltr'>Col-</span> 
     </span>
     <span class='ocr_line' id='line_1_9' title="bbox 132 631 1571 686; baseline -0.002 -14"><span class='ocrx_word' id='word_1_80' title='bbox 132 631 230 672; x_wconf 87' lang='lat' dir='ltr'>chos</span> <span class='ocrx_word' id='word_1_81' title='bbox 261 632 327 672; x_wconf 88' lang='lat' dir='ltr'>vel</span> <span class='ocrx_word' id='word_1_82' title='bbox 365 632 595 686; x_wconf 89' lang='lat' dir='ltr'>Mingrelios</span> <span class='ocrx_word' id='word_1_83' title='bbox 630 632 817 672; x_wconf 81' lang='lat' dir='ltr'>Busbekii</span> <span class='ocrx_word' id='word_1_84' title='bbox 851 640 1004 683; x_wconf 84' lang='lat' dir='ltr'>aetate,</span> <span class='ocrx_word' id='word_1_85' title='bbox 1047 631 1126 672; x_wconf 86' lang='lat' dir='ltr'>hoc</span> <span class='ocrx_word' id='word_1_86' title='bbox 1153 640 1210 672; x_wconf 84' lang='lat' dir='ltr'>est</span> <span class='ocrx_word' id='word_1_87' title='bbox 1249 638 1342 671; x_wconf 82' lang='lat' dir='ltr'>ante</span> <span class='ocrx_word' id='word_1_88' title='bbox 1379 632 1459 670; x_wconf 92' lang='lat' dir='ltr'>duo</span> <span class='ocrx_word' id='word_1_89' title='bbox 1489 631 1571 670; x_wconf 89' lang='lat' dir='ltr'>fere</span> 
     </span>
     <span class='ocr_line' id='line_1_10' title="bbox 132 686 1573 742; baseline 0 -16"><span class='ocrx_word' id='word_1_90' title='bbox 132 686 323 739; x_wconf 85' lang='lat' dir='ltr'>saecula;</span> <span class='ocrx_word' id='word_1_91' title='bbox 350 687 401 727; x_wconf 89' lang='lat' dir='ltr'>de</span> <span class='ocrx_word' id='word_1_92' title='bbox 428 687 574 742; x_wconf 86' lang='lat' dir='ltr'>quibus</span> <span class='ocrx_word' id='word_1_93' title='bbox 602 686 669 726; x_wconf 90' lang='lat' dir='ltr'>ille</span> <span class='ocrx_word' id='word_1_94' title='bbox 695 688 774 740; x_wconf 88' lang='lat' dir='ltr'>Ep.</span> <span class='ocrx_word' id='word_1_95' title='bbox 798 689 872 726; x_wconf 87' lang='grc' dir='ltr'><strong>ΙΙΙ.</strong></span> <span class='ocrx_word' id='word_1_96' title='bbox 898 703 940 742; x_wconf 89' lang='lat' dir='ltr'>p.</span> <span class='ocrx_word' id='word_1_97' title='bbox 972 688 1060 728; x_wconf 79' lang='lat'><strong>153.</strong></span> <span class='ocrx_word' id='word_1_98' title='bbox 1100 690 1156 726; x_wconf 91' lang='lat' dir='ltr'>sic</span> <span class='ocrx_word' id='word_1_99' title='bbox 1184 694 1346 726; x_wconf 81' lang='lat' dir='ltr'>narrat:</span> <span class='ocrx_word' id='word_1_100' title='bbox 1418 689 1573 738; x_wconf 74' lang='lat' dir='ltr'>argenti</span> 
     </span>
     <span class='ocr_line' id='line_1_11' title="bbox 131 743 1572 797; baseline 0.001 -17"><span class='ocrx_word' id='word_1_101' title='bbox 131 743 280 795; x_wconf 73' lang='lat' dir='ltr'>signati</span> <span class='ocrx_word' id='word_1_102' title='bbox 320 744 526 782; x_wconf 81' lang='lat' dir='ltr'>minimum</span> <span class='ocrx_word' id='word_1_103' title='bbox 569 757 688 797; x_wconf 81' lang='lat' dir='ltr'>penes</span> <span class='ocrx_word' id='word_1_104' title='bbox 720 757 784 782; x_wconf 77' lang='lat' dir='ltr'>eos</span> <span class='ocrx_word' id='word_1_105' title='bbox 825 752 882 782; x_wconf 81' lang='lat' dir='ltr'>est</span> <span class='ocrx_word' id='word_1_106' title='bbox 895 773 906 790; x_wconf 94' lang='lat'>‚</span> <span class='ocrx_word' id='word_1_107' title='bbox 952 752 1174 796; x_wconf 70' lang='lat' dir='ltr'>argentetmz</span> <span class='ocrx_word' id='word_1_108' title='bbox 1220 754 1382 781; x_wconf 79' lang='lat' dir='ltr'>numum</span> <span class='ocrx_word' id='word_1_109' title='bbox 1427 752 1572 782; x_wconf 80' lang='lat' dir='ltr'>norunt</span> 
     </span>
     <span class='ocr_line' id='line_1_12' title="bbox 126 797 1568 852; baseline -0.001 -16"><span class='ocrx_word' id='word_1_110' title='bbox 126 798 251 851; x_wconf 67' lang='lat' dir='ltr'>pauci</span> <span class='ocrx_word' id='word_1_111' title='bbox 264 827 278 847; x_wconf 92' lang='lat'><em>,</em></span> <span class='ocrx_word' id='word_1_112' title='bbox 312 810 472 836; x_wconf 85' lang='lat' dir='ltr'>aureum</span> <span class='ocrx_word' id='word_1_113' title='bbox 495 799 701 852; x_wconf 79' lang='lat' dir='ltr'>pauciores</span> <span class='ocrx_word' id='word_1_114' title='bbox 720 827 733 848; x_wconf 86' lang='lat'>‚</span> <span class='ocrx_word' id='word_1_115' title='bbox 781 799 923 837; x_wconf 82' lang='lat' dir='ltr'>habent</span> <span class='ocrx_word' id='word_1_116' title='bbox 937 800 1036 850; x_wconf 71' lang='lat' dir='ltr'>jere</span> <span class='ocrx_word' id='word_1_117' title='bbox 1068 799 1183 836; x_wconf 81' lang='lat' dir='ltr'>nulli.</span> <span class='ocrx_word' id='word_1_118' title='bbox 1220 819 1274 827; x_wconf 85' lang='lat'>—</span> <span class='ocrx_word' id='word_1_119' title='bbox 1307 797 1481 835; x_wconf 82' lang='lat' dir='ltr'>Eatenus</span> <span class='ocrx_word' id='word_1_120' title='bbox 1507 806 1568 835; x_wconf 83' lang='lat' dir='ltr'>ea-</span> 
     </span>
     <span class='ocr_line' id='line_1_13' title="bbox 134 853 1570 909; baseline 0 -19"><span class='ocrx_word' id='word_1_121' title='bbox 134 865 223 890; x_wconf 83' lang='lat' dir='ltr'>men</span> <span class='ocrx_word' id='word_1_122' title='bbox 258 859 420 904; x_wconf 76' lang='lat' dir='ltr'>argento</span> <span class='ocrx_word' id='word_1_123' title='bbox 439 853 558 891; x_wconf 79' lang='lat' dir='ltr'>honos</span> <span class='ocrx_word' id='word_1_124' title='bbox 588 861 667 904; x_wconf 80' lang='lat' dir='ltr'>est,</span> <span class='ocrx_word' id='word_1_125' title='bbox 704 861 766 903; x_wconf 82' lang='lat' dir='ltr'>ut,</span> <span class='ocrx_word' id='word_1_126' title='bbox 795 853 831 891; x_wconf 82' lang='lat' dir='ltr'>si</span> <span class='ocrx_word' id='word_1_127' title='bbox 872 853 981 909; x_wconf 83' lang='lat' dir='ltr'>quod</span> <span class='ocrx_word' id='word_1_128' title='bbox 1010 868 1032 892; x_wconf 89' lang='lat' dir='ltr'>e</span> <span class='ocrx_word' id='word_1_129' title='bbox 1059 854 1360 907; x_wconf 70' lang='lat' dir='ltr'>peregrinor-mn</span> <span class='ocrx_word' id='word_1_130' title='bbox 1380 865 1570 890; x_wconf 80' lang='lat' dir='ltr'>commer-</span> 
     </span>
     <span class='ocr_line' id='line_1_14' title="bbox 130 906 1568 962; baseline 0.001 -17"><span class='ocrx_word' id='word_1_131' title='bbox 130 907 192 945; x_wconf 81' lang='lat' dir='ltr'>cio</span> <span class='ocrx_word' id='word_1_132' title='bbox 220 906 421 946; x_wconf 79' lang='lat' dir='ltr'>redactum</span> <span class='ocrx_word' id='word_1_133' title='bbox 439 908 531 958; x_wconf 78' lang='lat' dir='ltr'>suit</span> <span class='ocrx_word' id='word_1_134' title='bbox 549 936 561 957; x_wconf 91' lang='lat'>‚</span> <span class='ocrx_word' id='word_1_135' title='bbox 583 916 627 946; x_wconf 81' lang='lat' dir='ltr'>ut</span> <span class='ocrx_word' id='word_1_136' title='bbox 654 906 763 962; x_wconf 79' lang='lat' dir='ltr'>fieri</span> <span class='ocrx_word' id='word_1_137' title='bbox 791 922 939 948; x_wconf 79' lang='lat' dir='ltr'>necesse</span> <span class='ocrx_word' id='word_1_138' title='bbox 962 917 1042 958; x_wconf 80' lang='lat' dir='ltr'>esc,</span> <span class='ocrx_word' id='word_1_139' title='bbox 1062 908 1109 946; x_wconf 85' lang='lat' dir='ltr'>id</span> <span class='ocrx_word' id='word_1_140' title='bbox 1129 922 1241 948; x_wconf 83' lang='lat' dir='ltr'>omne</span> <span class='ocrx_word' id='word_1_141' title='bbox 1260 907 1318 946; x_wconf 65' lang='lat' dir='ltr'>acl</span> <span class='ocrx_word' id='word_1_142' title='bbox 1345 921 1454 946; x_wconf 77' lang='lat' dir='ltr'>usum</span> <span class='ocrx_word' id='word_1_143' title='bbox 1473 915 1568 946; x_wconf 84' lang='lat' dir='ltr'>tem-</span> 
     </span>
     <span class='ocr_line' id='line_1_15' title="bbox 124 961 1570 1016; baseline 0.001 -16"><span class='ocrx_word' id='word_1_144' title='bbox 124 961 284 1015; x_wconf 83' lang='lat' dir='ltr'>plorum</span> <span class='ocrx_word' id='word_1_145' title='bbox 310 962 552 1015; x_wconf 66' lang='lat' dir='ltr'>corfieratur,</span> <span class='ocrx_word' id='word_1_146' title='bbox 577 963 751 1001; x_wconf 74' lang='lat' dir='ltr'><em>crucibus</em></span> <span class='ocrx_word' id='word_1_147' title='bbox 778 972 846 1002; x_wconf 79' lang='lat' dir='ltr'>aut</span> <span class='ocrx_word' id='word_1_148' title='bbox 879 963 1062 1002; x_wconf 79' lang='lat' dir='ltr'>calicibus</span> <span class='ocrx_word' id='word_1_149' title='bbox 1096 971 1165 1001; x_wconf 78' lang='lat' dir='ltr'>ant</span> <span class='ocrx_word' id='word_1_150' title='bbox 1209 964 1300 1001; x_wconf 79' lang='lat' dir='ltr'>aliis</span> <span class='ocrx_word' id='word_1_151' title='bbox 1337 962 1570 1016; x_wconf 79' lang='lat' dir='ltr'>templorum</span> 
     </span>
     <span class='ocr_line' id='line_1_16' title="bbox 130 1016 1570 1072; baseline 0.001 -18"><span class='ocrx_word' id='word_1_152' title='bbox 130 1018 368 1055; x_wconf 75' lang='lat' dir='ltr'><em>ornamentis</em></span> <span class='ocrx_word' id='word_1_153' title='bbox 397 1016 618 1072; x_wconf 63' lang='lat' dir='ltr'>cotgslandis</span> <span class='ocrx_word' id='word_1_154' title='bbox 633 1035 644 1055; x_wconf 90' lang='grc'>.-</span> <span class='ocrx_word' id='word_1_155' title='bbox 689 1031 792 1072; x_wconf 81' lang='lat' dir='ltr'>quae</span> <span class='ocrx_word' id='word_1_156' title='bbox 817 1033 894 1058; x_wconf 67' lang='lat' dir='ltr'>mx</span> <span class='ocrx_word' id='word_1_157' title='bbox 907 1048 919 1069; x_wconf 88' lang='lat'>‚</span> <span class='ocrx_word' id='word_1_158' title='bbox 955 1018 1022 1057; x_wconf 83' lang='lat' dir='ltr'>ubi</span> <span class='ocrx_word' id='word_1_159' title='bbox 1057 1019 1183 1056; x_wconf 79' lang='lat' dir='ltr'>visum</span> <span class='ocrx_word' id='word_1_160' title='bbox 1202 1047 1214 1069; x_wconf 88' lang='lat'>,</span> <span class='ocrx_word' id='word_1_161' title='bbox 1266 1032 1345 1071; x_wconf 83' lang='lat' dir='ltr'>per</span> <span class='ocrx_word' id='word_1_162' title='bbox 1387 1017 1570 1071; x_wconf 79' lang='lat' dir='ltr'>publicae</span> 
     </span>
     <span class='ocr_line' id='line_1_17' title="bbox 130 1071 1571 1128; baseline 0.001 -19"><span class='ocrx_word' id='word_1_163' title='bbox 130 1071 362 1110; x_wconf 64' lang='lat' dir='ltr'>necessitatis·</span> <span class='ocrx_word' id='word_1_164' title='bbox 387 1074 555 1126; x_wconf 76' lang='lat' dir='ltr'>speciem</span> <span class='ocrx_word' id='word_1_165' title='bbox 584 1073 717 1111; x_wconf 81' lang='lat' dir='ltr'>omnia</span> <span class='ocrx_word' id='word_1_166' title='bbox 742 1082 944 1122; x_wconf 76' lang='lat' dir='ltr'><strong><em>convasat,</em></strong></span> <span class='ocrx_word' id='word_1_167' title='bbox 973 1073 1032 1112; x_wconf 87' lang='lat' dir='ltr'>ad</span> <span class='ocrx_word' id='word_1_168' title='bbox 1044 1087 1158 1128; x_wconf 81' lang='lat' dir='ltr'>seque</span> <span class='ocrx_word' id='word_1_169' title='bbox 1174 1074 1332 1111; x_wconf 81' lang='lat' dir='ltr'>avertit.</span> <span class='ocrx_word' id='word_1_170' title='bbox 1389 1072 1454 1111; x_wconf 88' lang='lat' dir='ltr'>Sic</span> <span class='ocrx_word' id='word_1_171' title='bbox 1469 1086 1571 1125; x_wconf 91' lang='lat' dir='ltr'>quo-</span> 
     </span>
     <span class='ocr_line' id='line_1_18' title="bbox 131 1125 1569 1182; baseline 0.001 -18"><span class='ocrx_word' id='word_1_172' title='bbox 131 1138 212 1178; x_wconf 87' lang='lat' dir='ltr'>que</span> <span class='ocrx_word' id='word_1_173' title='bbox 235 1133 372 1165; x_wconf 82' lang='lat' dir='ltr'>narrat</span> <span class='ocrx_word' id='word_1_174' title='bbox 398 1125 630 1166; x_wconf 84' lang='lat' dir='ltr'>Athenaeus</span> <span class='ocrx_word' id='word_1_175' title='bbox 657 1141 699 1180; x_wconf 89' lang='lat' dir='ltr'>p.</span> <span class='ocrx_word' id='word_1_176' title='bbox 722 1127 818 1182; x_wconf 80' lang='lat'><strong>337.</strong></span> <span class='ocrx_word' id='word_1_177' title='bbox 850 1129 897 1167; x_wconf 91' lang='lat' dir='ltr'><strong>B.</strong></span> <span class='ocrx_word' id='word_1_178' title='bbox 924 1128 966 1167; x_wconf 78' lang='lat'><strong>3.</strong></span> <span class='ocrx_word' id='word_1_179' title='bbox 996 1128 1046 1168; x_wconf 92' lang='lat' dir='ltr'>de</span> <span class='ocrx_word' id='word_1_180' title='bbox 1088 1127 1221 1181; x_wconf 87' lang='lat' dir='ltr'>aliquo</span> <span class='ocrx_word' id='word_1_181' title='bbox 1249 1128 1372 1166; x_wconf 78' lang='lat' dir='ltr'>divite</span> <span class='ocrx_word' id='word_1_182' title='bbox 1400 1126 1569 1166; x_wconf 86' lang='lat' dir='ltr'>Atheni-</span> 
     </span>
     <span class='ocr_line' id='line_1_19' title="bbox 130 1175 1570 1237; baseline 0.001 -19"><span class='ocrx_word' id='word_1_183' title='bbox 130 1181 218 1218; x_wconf 88' lang='lat' dir='ltr'>ensi</span> <span class='ocrx_word' id='word_1_184' title='bbox 245 1181 364 1234; x_wconf 91' lang='lat' dir='ltr'>paulo</span> <span class='ocrx_word' id='word_1_185' title='bbox 393 1189 482 1234; x_wconf 85' lang='lat' dir='ltr'>post</span> <span class='ocrx_word' id='word_1_186' title='bbox 509 1181 661 1221; x_wconf 89' lang='lat' dir='ltr'>bellum</span> <span class='ocrx_word' id='word_1_187' title='bbox 681 1182 886 1222; x_wconf 89' lang='lat' dir='ltr'>Persicum</span> <span class='ocrx_word' id='word_1_188' title='bbox 906 1213 919 1234; x_wconf 85' lang='lat'>‚</span> <span class='ocrx_word' id='word_1_189' title='bbox 946 1185 1014 1236; x_wconf 91' lang='lat' dir='ltr'>qui</span> <span class='ocrx_word' id='word_1_190' title='bbox 1054 1175 1202 1237; x_wconf 77' lang='grc' dir='ltr'><em>ᾔτησεν</em></span> <span class='ocrx_word' id='word_1_191' title='bbox 1226 1180 1479 1235; x_wconf 65' lang='grc' dir='ltr'><em>Ἀθηναιους</em></span> <span class='ocrx_word' id='word_1_192' title='bbox 1494 1195 1570 1220; x_wconf 80' lang='grc' dir='ltr'>πο-</span> 
     </span>
     <span class='ocr_line' id='line_1_20' title="bbox 130 1231 1568 1289; baseline 0.001 -15"><span class='ocrx_word' id='word_1_193' title='bbox 130 1232 174 1274; x_wconf 79' lang='grc' dir='ltr'>τὲ</span> <span class='ocrx_word' id='word_1_194' title='bbox 201 1233 248 1275; x_wconf 73' lang='grc' dir='ltr'>ἐν</span> <span class='ocrx_word' id='word_1_195' title='bbox 274 1231 493 1289; x_wconf 72' lang='grc' dir='ltr'><strong><em>ἀκροπόλει</em></strong></span> <span class='ocrx_word' id='word_1_196' title='bbox 519 1231 672 1286; x_wconf 79' lang='grc' dir='ltr'><em>τόπον,</em></span> <span class='ocrx_word' id='word_1_197' title='bbox 700 1234 752 1276; x_wconf 79' lang='grc' dir='ltr'>ἵν’</span> <span class='ocrx_word' id='word_1_198' title='bbox 790 1234 1106 1289; x_wconf 72' lang='grc' dir='ltr'><em>οἰκοδομήσεται</em></span> <span class='ocrx_word' id='word_1_199' title='bbox 1127 1240 1213 1283; x_wconf 82' lang='grc' dir='ltr'><em>τοῖς</em></span> <span class='ocrx_word' id='word_1_200' title='bbox 1227 1232 1439 1289; x_wconf 75' lang='grc' dir='ltr'><em>χρήμασιν</em></span> <span class='ocrx_word' id='word_1_201' title='bbox 1467 1231 1568 1275; x_wconf 82' lang='grc' dir='ltr'><em>ὅπου</em></span> 
     </span>
     <span class='ocr_line' id='line_1_21' title="bbox 130 1286 1569 1360; baseline 0.003 -34"><span class='ocrx_word' id='word_1_202' title='bbox 130 1287 325 1340; x_wconf 78' lang='grc' dir='ltr'><strong><em>κείσεται,</em></strong></span> <span class='ocrx_word' id='word_1_203' title='bbox 351 1290 496 1342; x_wconf 79' lang='grc' dir='ltr'><strong><em>λέγων,</em></strong></span> <span class='ocrx_word' id='word_1_204' title='bbox 526 1287 585 1336; x_wconf 77' lang='grc' dir='ltr'>ὥς</span> <span class='ocrx_word' id='word_1_205' title='bbox 611 1288 686 1330; x_wconf 74' lang='grc' dir='ltr'>οὐκ</span> <span class='ocrx_word' id='word_1_206' title='bbox 713 1290 911 1360; x_wconf 60' lang='grc' dir='ltr'><em>ἀσφαλῶς</em></span> <span class='ocrx_word' id='word_1_207' title='bbox 950 1286 997 1331; x_wconf 79' lang='grc' dir='ltr'>ὃν</span> <span class='ocrx_word' id='word_1_208' title='bbox 1025 1291 1069 1331; x_wconf 78' lang='grc' dir='ltr'>ἐν</span> <span class='ocrx_word' id='word_1_209' title='bbox 1089 1290 1278 1346; x_wconf 76' lang='grc' dir='ltr'><em>ἰδιωτικῇ</em></span> <span class='ocrx_word' id='word_1_210' title='bbox 1306 1291 1414 1345; x_wconf 75' lang='grc' dir='ltr'><em>οἰκίᾳ</em></span> <span class='ocrx_word' id='word_1_211' title='bbox 1439 1288 1569 1330; x_wconf 77' lang='grc' dir='ltr'><em>πολλὰ</em></span> 
     </span>
     <span class='ocr_line' id='line_1_22' title="bbox 127 1339 1569 1399; baseline 0.001 -16"><span class='ocrx_word' id='word_1_212' title='bbox 127 1340 329 1395; x_wconf 70' lang='grc' dir='ltr'><strong><em>χρήματα</em></strong></span> <span class='ocrx_word' id='word_1_213' title='bbox 357 1339 476 1384; x_wconf 75' lang='grc' dir='ltr'><strong><em>εἶναι·</em></strong></span> <span class='ocrx_word' id='word_1_214' title='bbox 505 1343 578 1384; x_wconf 81' lang='grc' dir='ltr'><em>καί</em></span> <span class='ocrx_word' id='word_1_215' title='bbox 602 1342 750 1385; x_wconf 79' lang='grc' dir='ltr'><em>ἔδοσαν</em></span> <span class='ocrx_word' id='word_1_216' title='bbox 774 1347 1002 1399; x_wconf 72' lang='grc' dir='ltr'>Αθηναῖοι.</span> <span class='ocrx_word' id='word_1_217' title='bbox 1057 1347 1287 1385; x_wconf 81' lang='lat' dir='ltr'>Exercuisse</span> <span class='ocrx_word' id='word_1_218' title='bbox 1308 1347 1478 1384; x_wconf 86' lang='lat' dir='ltr'>Graecos</span> <span class='ocrx_word' id='word_1_219' title='bbox 1496 1346 1569 1384; x_wconf 89' lang='lat' dir='ltr'>Im-</span> 
     </span>
     <span class='ocr_line' id='line_1_23' title="bbox 134 1400 1570 1454; baseline 0.002 -19"><span class='ocrx_word' id='word_1_220' title='bbox 134 1405 338 1450; x_wconf 88' lang='lat' dir='ltr'>peratores</span> <span class='ocrx_word' id='word_1_221' title='bbox 380 1401 442 1438; x_wconf 91' lang='lat' dir='ltr'>ius</span> <span class='ocrx_word' id='word_1_222' title='bbox 469 1413 586 1438; x_wconf 88' lang='lat' dir='ltr'>suum</span> <span class='ocrx_word' id='word_1_223' title='bbox 617 1400 658 1438; x_wconf 92' lang='lat' dir='ltr'>in</span> <span class='ocrx_word' id='word_1_224' title='bbox 686 1415 758 1440; x_wconf 89' lang='lat' dir='ltr'>sua</span> <span class='ocrx_word' id='word_1_225' title='bbox 806 1407 846 1439; x_wconf 89' lang='lat' dir='ltr'>et</span> <span class='ocrx_word' id='word_1_226' title='bbox 890 1401 1152 1454; x_wconf 81' lang='lat' dir='ltr'>depromsisse</span> <span class='ocrx_word' id='word_1_227' title='bbox 1198 1415 1292 1440; x_wconf 82' lang='lat' dir='ltr'>vasa</span> <span class='ocrx_word' id='word_1_228' title='bbox 1322 1415 1368 1439; x_wconf 80' lang='lat' dir='ltr'>ex</span> <span class='ocrx_word' id='word_1_229' title='bbox 1396 1400 1570 1439; x_wconf 87' lang='lat' dir='ltr'>ecclesiis</span> 
     </span>
     <span class='ocr_line' id='line_1_24' title="bbox 134 1451 1572 1508; baseline 0.003 -18"><span class='ocrx_word' id='word_1_230' title='bbox 134 1451 186 1490; x_wconf 82' lang='lat' dir='ltr'>ad</span> <span class='ocrx_word' id='word_1_231' title='bbox 212 1466 360 1504; x_wconf 89' lang='lat' dir='ltr'>usum,</span> <span class='ocrx_word' id='word_1_232' title='bbox 397 1454 579 1493; x_wconf 84' lang='lat' dir='ltr'>cordatos</span> <span class='ocrx_word' id='word_1_233' title='bbox 610 1467 752 1508; x_wconf 87' lang='lat' dir='ltr'>nempe</span> <span class='ocrx_word' id='word_1_234' title='bbox 800 1454 888 1494; x_wconf 91' lang='lat' dir='ltr'>illos</span> <span class='ocrx_word' id='word_1_235' title='bbox 941 1463 981 1494; x_wconf 86' lang='lat' dir='ltr'>et</span> <span class='ocrx_word' id='word_1_236' title='bbox 1009 1469 1100 1494; x_wconf 77' lang='lat' dir='ltr'>vere</span> <span class='ocrx_word' id='word_1_237' title='bbox 1140 1457 1275 1503; x_wconf 87' lang='lat' dir='ltr'>viros,</span> <span class='ocrx_word' id='word_1_238' title='bbox 1315 1454 1572 1494; x_wconf 85' lang='lat' dir='ltr'>muliercula-</span> 
     </span>
     <span class='ocr_line' id='line_1_25' title="bbox 131 1509 1572 1559; baseline 0.002 -14"><span class='ocrx_word' id='word_1_239' title='bbox 131 1520 224 1546; x_wconf 89' lang='lat' dir='ltr'>rum</span> <span class='ocrx_word' id='word_1_240' title='bbox 258 1515 299 1547; x_wconf 89' lang='lat' dir='ltr'>et</span> <span class='ocrx_word' id='word_1_241' title='bbox 331 1509 620 1548; x_wconf 80' lang='lat' dir='ltr'>monachorum</span> <span class='ocrx_word' id='word_1_242' title='bbox 662 1509 995 1549; x_wconf 81' lang='lat' dir='ltr'>terriculamentis</span> <span class='ocrx_word' id='word_1_243' title='bbox 1031 1524 1114 1549; x_wconf 90' lang='lat' dir='ltr'>non</span> <span class='ocrx_word' id='word_1_244' title='bbox 1152 1509 1344 1549; x_wconf 82' lang='lat' dir='ltr'>obnoxios</span> <span class='ocrx_word' id='word_1_245' title='bbox 1361 1539 1373 1559; x_wconf 82' lang='lat'>,</span> <span class='ocrx_word' id='word_1_246' title='bbox 1414 1516 1572 1549; x_wconf 88' lang='lat' dir='ltr'>constat</span> 
     </span>
     <span class='ocr_line' id='line_1_26' title="bbox 133 1562 1571 1616; baseline 0.003 -16"><span class='ocrx_word' id='word_1_247' title='bbox 133 1575 227 1600; x_wconf 88' lang='lat' dir='ltr'>eum</span> <span class='ocrx_word' id='word_1_248' title='bbox 254 1562 332 1602; x_wconf 89' lang='lat' dir='ltr'>hoc</span> <span class='ocrx_word' id='word_1_249' title='bbox 358 1578 382 1603; x_wconf 93' lang='lat' dir='ltr'>e</span> <span class='ocrx_word' id='word_1_250' title='bbox 406 1563 494 1603; x_wconf 90' lang='lat' dir='ltr'>loco</span> <span class='ocrx_word' id='word_1_251' title='bbox 524 1571 565 1603; x_wconf 91' lang='lat' dir='ltr'>et</span> <span class='ocrx_word' id='word_1_252' title='bbox 591 1563 728 1603; x_wconf 88' lang='lat' dir='ltr'>multis</span> <span class='ocrx_word' id='word_1_253' title='bbox 743 1564 829 1603; x_wconf 88' lang='lat' dir='ltr'>aliis</span> <span class='ocrx_word' id='word_1_254' title='bbox 846 1564 965 1604; x_wconf 90' lang='lat' dir='ltr'>huius</span> <span class='ocrx_word' id='word_1_255' title='bbox 985 1564 1281 1616; x_wconf 84' lang='lat' dir='ltr'>Ceremonialis,</span> <span class='ocrx_word' id='word_1_256' title='bbox 1308 1572 1395 1604; x_wconf 81' lang='lat' dir='ltr'>tum</span> <span class='ocrx_word' id='word_1_257' title='bbox 1423 1579 1446 1603; x_wconf 95' lang='lat' dir='ltr'>e</span> <span class='ocrx_word' id='word_1_258' title='bbox 1466 1565 1571 1604; x_wconf 92' lang='lat' dir='ltr'>Leo-</span> 
     </span>
     <span class='ocr_line' id='line_1_27' title="bbox 134 1617 1571 1673; baseline 0.003 -18"><span class='ocrx_word' id='word_1_259' title='bbox 134 1617 198 1656; x_wconf 81' lang='lat' dir='ltr'>nis</span> <span class='ocrx_word' id='word_1_260' title='bbox 226 1617 394 1657; x_wconf 86' lang='lat' dir='ltr'>Chazari</span> <span class='ocrx_word' id='word_1_261' title='bbox 439 1618 616 1673; x_wconf 88' lang='lat' dir='ltr'>exemplo</span> <span class='ocrx_word' id='word_1_262' title='bbox 635 1649 646 1666; x_wconf 92' lang='lat'>‚</span> <span class='ocrx_word' id='word_1_263' title='bbox 675 1621 745 1672; x_wconf 87' lang='lat' dir='ltr'>qui</span> <span class='ocrx_word' id='word_1_264' title='bbox 783 1619 1007 1672; x_wconf 88' lang='lat' dir='ltr'>depositum</span> <span class='ocrx_word' id='word_1_265' title='bbox 1047 1619 1098 1659; x_wconf 85' lang='lat' dir='ltr'>ab</span> <span class='ocrx_word' id='word_1_266' title='bbox 1126 1619 1313 1659; x_wconf 85' lang='lat' dir='ltr'>Heraclio</span> <span class='ocrx_word' id='word_1_267' title='bbox 1354 1621 1394 1658; x_wconf 90' lang='lat' dir='ltr'>in</span> <span class='ocrx_word' id='word_1_268' title='bbox 1424 1634 1571 1672; x_wconf 82' lang='lat' dir='ltr'>magna</span> 
     </span>
     <span class='ocr_line' id='line_1_28' title="bbox 133 1671 1571 1728; baseline 0.003 -18"><span class='ocrx_word' id='word_1_269' title='bbox 133 1671 296 1711; x_wconf 85' lang='lat' dir='ltr'>ecclesia</span> <span class='ocrx_word' id='word_1_270' title='bbox 323 1681 491 1712; x_wconf 83' lang='lat' dir='ltr'>stemma</span> <span class='ocrx_word' id='word_1_271' title='bbox 522 1688 569 1712; x_wconf 86' lang='lat' dir='ltr'>ex</span> <span class='ocrx_word' id='word_1_272' title='bbox 595 1688 666 1713; x_wconf 85' lang='lat' dir='ltr'>ara</span> <span class='ocrx_word' id='word_1_273' title='bbox 683 1674 943 1728; x_wconf 87' lang='lat' dir='ltr'>depromebat</span> <span class='ocrx_word' id='word_1_274' title='bbox 982 1682 1021 1714; x_wconf 90' lang='lat' dir='ltr'>et</span> <span class='ocrx_word' id='word_1_275' title='bbox 1067 1676 1108 1713; x_wconf 91' lang='lat' dir='ltr'>in</span> <span class='ocrx_word' id='word_1_276' title='bbox 1127 1677 1378 1728; x_wconf 83' lang='lat' dir='ltr'>processione</span> <span class='ocrx_word' id='word_1_277' title='bbox 1396 1675 1571 1728; x_wconf 87' lang='lat' dir='ltr'>quadam</span> 
     </span>
     <span class='ocr_line' id='line_1_29' title="bbox 136 1727 1566 1783; baseline 0.003 -19"><span class='ocrx_word' id='word_1_278' title='bbox 136 1727 313 1778; x_wconf 85' lang='lat' dir='ltr'>gerebat.</span> <span class='ocrx_word' id='word_1_279' title='bbox 370 1727 408 1767; x_wconf 90' lang='lat' dir='ltr'><strong>A</strong></span> <span class='ocrx_word' id='word_1_280' title='bbox 438 1743 518 1782; x_wconf 89' lang='lat' dir='ltr'>qua</span> <span class='ocrx_word' id='word_1_281' title='bbox 550 1743 675 1782; x_wconf 86' lang='lat' dir='ltr'>quum</span> <span class='ocrx_word' id='word_1_282' title='bbox 710 1730 820 1769; x_wconf 89' lang='lat' dir='ltr'>haud</span> <span class='ocrx_word' id='word_1_283' title='bbox 849 1729 976 1769; x_wconf 89' lang='lat' dir='ltr'>multo</span> <span class='ocrx_word' id='word_1_284' title='bbox 1004 1737 1095 1783; x_wconf 87' lang='lat' dir='ltr'>post</span> <span class='ocrx_word' id='word_1_285' title='bbox 1119 1730 1201 1769; x_wconf 85' lang='lat' dir='ltr'>fato</span> <span class='ocrx_word' id='word_1_286' title='bbox 1229 1744 1302 1769; x_wconf 89' lang='lat' dir='ltr'>suo</span> <span class='ocrx_word' id='word_1_287' title='bbox 1330 1730 1538 1768; x_wconf 86' lang='lat' dir='ltr'>decederet</span> <span class='ocrx_word' id='word_1_288' title='bbox 1555 1761 1566 1778; x_wconf 89' lang='lat'>,</span> 
     </span>
     <span class='ocr_line' id='line_1_30' title="bbox 131 1780 1570 1838; baseline 0.003 -19"><span class='ocrx_word' id='word_1_289' title='bbox 131 1780 357 1822; x_wconf 85' lang='lat' dir='ltr'>clamabant</span> <span class='ocrx_word' id='word_1_290' title='bbox 381 1783 563 1823; x_wconf 84' lang='lat' dir='ltr'>infruniti</span> <span class='ocrx_word' id='word_1_291' title='bbox 590 1784 775 1824; x_wconf 85' lang='lat' dir='ltr'>Graeculi</span> <span class='ocrx_word' id='word_1_292' title='bbox 805 1784 937 1824; x_wconf 89' lang='lat' dir='ltr'>clerici</span> <span class='ocrx_word' id='word_1_293' title='bbox 964 1792 1004 1824; x_wconf 88' lang='lat' dir='ltr'>et</span> <span class='ocrx_word' id='word_1_294' title='bbox 1031 1799 1157 1838; x_wconf 85' lang='lat' dir='ltr'>aeque</span> <span class='ocrx_word' id='word_1_295' title='bbox 1195 1785 1328 1824; x_wconf 87' lang='lat' dir='ltr'>fatuus</span> <span class='ocrx_word' id='word_1_296' title='bbox 1355 1783 1570 1838; x_wconf 88' lang='lat' dir='ltr'>Theopha-</span> 
     </span>
     <span class='ocr_line' id='line_1_31' title="bbox 132 1839 1571 1893; baseline 0.003 -20"><span class='ocrx_word' id='word_1_297' title='bbox 132 1849 220 1886; x_wconf 86' lang='lat' dir='ltr'>nes,</span> <span class='ocrx_word' id='word_1_298' title='bbox 249 1839 396 1877; x_wconf 91' lang='lat' dir='ltr'>eumin</span> <span class='ocrx_word' id='word_1_299' title='bbox 419 1839 571 1891; x_wconf 87' lang='lat' dir='ltr'>eapite,</span> <span class='ocrx_word' id='word_1_300' title='bbox 601 1853 682 1893; x_wconf 92' lang='lat' dir='ltr'>quo</span> <span class='ocrx_word' id='word_1_301' title='bbox 710 1847 920 1893; x_wconf 69' lang='lat' dir='ltr'>peccasset‚</span> <span class='ocrx_word' id='word_1_302' title='bbox 949 1840 1157 1879; x_wconf 88' lang='lat' dir='ltr'>visibiliter</span> <span class='ocrx_word' id='word_1_303' title='bbox 1185 1847 1224 1879; x_wconf 89' lang='lat' dir='ltr'>et</span> <span class='ocrx_word' id='word_1_304' title='bbox 1252 1854 1274 1879; x_wconf 89' lang='lat' dir='ltr'>e</span> <span class='ocrx_word' id='word_1_305' title='bbox 1299 1841 1465 1892; x_wconf 78' lang='lat' dir='ltr'>vestigio</span> <span class='ocrx_word' id='word_1_306' title='bbox 1493 1853 1571 1892; x_wconf 91' lang='lat' dir='ltr'>pu-</span> 
     </span>
     <span class='ocr_line' id='line_1_32' title="bbox 132 1891 1571 1948; baseline 0.004 -20"><span class='ocrx_word' id='word_1_307' title='bbox 132 1891 263 1929; x_wconf 81' lang='lat' dir='ltr'>nitum</span> <span class='ocrx_word' id='word_1_308' title='bbox 291 1906 315 1930; x_wconf 90' lang='lat' dir='ltr'>a</span> <span class='ocrx_word' id='word_1_309' title='bbox 353 1892 428 1932; x_wconf 92' lang='lat' dir='ltr'>deo</span> <span class='ocrx_word' id='word_1_310' title='bbox 471 1894 589 1934; x_wconf 82' lang='lat' dir='ltr'>fuisse</span> <span class='ocrx_word' id='word_1_311' title='bbox 634 1902 752 1934; x_wconf 88' lang='lat' dir='ltr'>enato</span> <span class='ocrx_word' id='word_1_312' title='bbox 800 1894 998 1943; x_wconf 86' lang='lat' dir='ltr'>carbone,</span> <span class='ocrx_word' id='word_1_313' title='bbox 1040 1902 1081 1934; x_wconf 90' lang='lat' dir='ltr'>et</span> <span class='ocrx_word' id='word_1_314' title='bbox 1115 1895 1300 1948; x_wconf 89' lang='lat' dir='ltr'>phrenesi</span> <span class='ocrx_word' id='word_1_315' title='bbox 1328 1902 1571 1947; x_wconf 82' lang='lat' dir='ltr'>correptum.</span> 
     </span>
     <span class='ocr_line' id='line_1_33' title="bbox 131 1940 1571 2004; baseline 0.003 -22"><span class='ocrx_word' id='word_1_316' title='bbox 131 1940 468 2000; x_wconf 73' lang='grc' dir='ltr'>Ἀπηνθρακιόθη</span> <span class='ocrx_word' id='word_1_317' title='bbox 491 1977 502 1998; x_wconf 91' lang='grc'>,</span> <span class='ocrx_word' id='word_1_318' title='bbox 531 1949 698 1998; x_wconf 86' lang='lat' dir='ltr'>dicunt,</span> <span class='ocrx_word' id='word_1_319' title='bbox 740 1950 784 1990; x_wconf 79' lang='grc' dir='ltr'>ἐν</span> <span class='ocrx_word' id='word_1_320' title='bbox 811 1949 862 2004; x_wconf 85' lang='grc' dir='ltr'>τῇ</span> <span class='ocrx_word' id='word_1_321' title='bbox 889 1950 1050 2004; x_wconf 79' lang='grc' dir='ltr'><em>κεφαλῇ</em></span> <span class='ocrx_word' id='word_1_322' title='bbox 1078 1948 1152 1988; x_wconf 86' lang='grc' dir='ltr'>καί</span> <span class='ocrx_word' id='word_1_323' title='bbox 1175 1942 1306 2002; x_wconf 72' lang='grc' dir='ltr'><em>κακὴν</em></span> <span class='ocrx_word' id='word_1_324' title='bbox 1332 1948 1469 1994; x_wconf 78' lang='grc' dir='ltr'><strong><em>κακῶς</em></strong></span> <span class='ocrx_word' id='word_1_325' title='bbox 1494 1945 1571 2000; x_wconf 77' lang='grc' dir='ltr'>τὴν</span> 
     </span>
     <span class='ocr_line' id='line_1_34' title="bbox 134 1998 1568 2058; baseline 0.004 -22"><span class='ocrx_word' id='word_1_326' title='bbox 134 1998 281 2051; x_wconf 70' lang='grc' dir='ltr'><em>ψυχήν</em></span> <span class='ocrx_word' id='word_1_327' title='bbox 319 1999 539 2055; x_wconf 67' lang='grc' dir='ltr'><em>α’πέρῥηξε,</em></span> <span class='ocrx_word' id='word_1_328' title='bbox 566 2004 646 2056; x_wconf 71' lang='grc' dir='ltr'>’τῆς</span> <span class='ocrx_word' id='word_1_329' title='bbox 689 2001 927 2058; x_wconf 71' lang='grc' dir='ltr'><em>ἱεροσυλίας</em></span> <span class='ocrx_word' id='word_1_330' title='bbox 963 2001 1240 2055; x_wconf 76' lang='grc' dir='ltr'><em>κομισάμενος</em></span> <span class='ocrx_word' id='word_1_331' title='bbox 1278 2000 1330 2043; x_wconf 77' lang='grc' dir='ltr'>τὰ</span> <span class='ocrx_word' id='word_1_332' title='bbox 1360 2002 1568 2055; x_wconf 70' lang='grc' dir='ltr'><strong><em>ἐπίχειρα.</em></strong></span> 
     </span>
     <span class='ocr_line' id='line_1_35' title="bbox 135 2052 1571 2110; baseline 0.003 -19"><span class='ocrx_word' id='word_1_333' title='bbox 135 2052 226 2091; x_wconf 88' lang='lat' dir='ltr'>Non</span> <span class='ocrx_word' id='word_1_334' title='bbox 256 2055 506 2109; x_wconf 79' lang='lat' dir='ltr'>sacrilegium</span> <span class='ocrx_word' id='word_1_335' title='bbox 533 2059 744 2105; x_wconf 81' lang='lat' dir='ltr'>commisit,</span> <span class='ocrx_word' id='word_1_336' title='bbox 778 2073 803 2098; x_wconf 94' lang='lat' dir='ltr'>o</span> <span class='ocrx_word' id='word_1_337' title='bbox 831 2059 941 2107; x_wconf 91' lang='lat' dir='ltr'>boni,</span> <span class='ocrx_word' id='word_1_338' title='bbox 971 2060 1055 2098; x_wconf 89' lang='lat' dir='ltr'>Leo</span> <span class='ocrx_word' id='word_1_339' title='bbox 1073 2089 1084 2110; x_wconf 88' lang='lat'>‚</span> <span class='ocrx_word' id='word_1_340' title='bbox 1113 2059 1183 2098; x_wconf 87' lang='lat' dir='ltr'>sed</span> <span class='ocrx_word' id='word_1_341' title='bbox 1211 2074 1294 2098; x_wconf 92' lang='lat' dir='ltr'>non</span> <span class='ocrx_word' id='word_1_342' title='bbox 1322 2058 1475 2098; x_wconf 86' lang='lat' dir='ltr'>sinebat</span> <span class='ocrx_word' id='word_1_343' title='bbox 1497 2071 1571 2097; x_wconf 87' lang='lat' dir='ltr'>vos</span> 
     </span>
     <span class='ocr_line' id='line_1_36' title="bbox 135 2106 1571 2168; baseline 0.004 -23"><span class='ocrx_word' id='word_1_344' title='bbox 135 2106 275 2147; x_wconf 88' lang='lat' dir='ltr'>alienis</span> <span class='ocrx_word' id='word_1_345' title='bbox 296 2138 308 2158; x_wconf 91' lang='lat'>‚</span> <span class='ocrx_word' id='word_1_346' title='bbox 335 2110 386 2148; x_wconf 89' lang='lat' dir='ltr'>ad</span> <span class='ocrx_word' id='word_1_347' title='bbox 413 2125 485 2151; x_wconf 90' lang='lat' dir='ltr'>vos</span> <span class='ocrx_word' id='word_1_348' title='bbox 511 2113 613 2152; x_wconf 89' lang='lat' dir='ltr'>nihil</span> <span class='ocrx_word' id='word_1_349' title='bbox 640 2115 859 2168; x_wconf 84' lang='lat' dir='ltr'>quidquam</span> <span class='ocrx_word' id='word_1_350' title='bbox 904 2115 1218 2168; x_wconf 87' lang='lat' dir='ltr'>pertinentibus,</span> <span class='ocrx_word' id='word_1_351' title='bbox 1247 2113 1452 2153; x_wconf 88' lang='lat' dir='ltr'>incubare.</span> <span class='ocrx_word' id='word_1_352' title='bbox 1484 2113 1571 2151; x_wconf 90' lang='lat' dir='ltr'>Ho-</span> 
     </span>
     <span class='ocr_line' id='line_1_37' title="bbox 136 2161 1574 2217; baseline 0.003 -17"><span class='ocrx_word' id='word_1_353' title='bbox 136 2161 202 2201; x_wconf 76' lang='lat' dir='ltr'>die</span> <span class='ocrx_word' id='word_1_354' title='bbox 230 2164 363 2217; x_wconf 86' lang='lat' dir='ltr'>inepta</span> <span class='ocrx_word' id='word_1_355' title='bbox 381 2166 573 2207; x_wconf 84' lang='lat' dir='ltr'>eiusmodi</span> <span class='ocrx_word' id='word_1_356' title='bbox 602 2170 810 2209; x_wconf 83' lang='lat' dir='ltr'>ratiocinia</span> <span class='ocrx_word' id='word_1_357' title='bbox 826 2169 1016 2208; x_wconf 89' lang='lat' dir='ltr'>ridemus.</span> <span class='ocrx_word' id='word_1_358' title='bbox 1075 2169 1153 2208; x_wconf 87' lang='lat' dir='ltr'>Sed</span> <span class='ocrx_word' id='word_1_359' title='bbox 1173 2169 1346 2208; x_wconf 85' lang='lat' dir='ltr'>corollae</span> <span class='ocrx_word' id='word_1_360' title='bbox 1373 2168 1450 2207; x_wconf 90' lang='lat' dir='ltr'>hae</span> <span class='ocrx_word' id='word_1_361' title='bbox 1478 2174 1574 2206; x_wconf 86' lang='lat' dir='ltr'>sunt·</span> 
     </span>
     <span class='ocr_line' id='line_1_38' title="bbox 136 2218 1571 2276; baseline 0.003 -21"><span class='ocrx_word' id='word_1_362' title='bbox 136 2218 296 2257; x_wconf 83' lang='lat' dir='ltr'>virtutis</span> <span class='ocrx_word' id='word_1_363' title='bbox 341 2223 542 2272; x_wconf 80' lang='lat' dir='ltr'>praemia,</span> <span class='ocrx_word' id='word_1_364' title='bbox 582 2238 680 2276; x_wconf 88' lang='lat' dir='ltr'>quas</span> <span class='ocrx_word' id='word_1_365' title='bbox 712 2225 794 2263; x_wconf 80' lang='lat' dir='ltr'>Leo</span> <span class='ocrx_word' id='word_1_366' title='bbox 822 2238 902 2263; x_wconf 92' lang='lat' dir='ltr'>non</span> <span class='ocrx_word' id='word_1_367' title='bbox 946 2224 1120 2272; x_wconf 82' lang='lat' dir='ltr'>tulisset,</span> <span class='ocrx_word' id='word_1_368' title='bbox 1149 2225 1183 2263; x_wconf 92' lang='lat' dir='ltr'>si</span> <span class='ocrx_word' id='word_1_369' title='bbox 1210 2223 1341 2262; x_wconf 90' lang='lat' dir='ltr'>mollis</span> <span class='ocrx_word' id='word_1_370' title='bbox 1370 2230 1409 2262; x_wconf 89' lang='lat' dir='ltr'>et</span> <span class='ocrx_word' id='word_1_371' title='bbox 1436 2221 1571 2261; x_wconf 91' lang='lat' dir='ltr'>indul-</span> 
     </span>
     <span class='ocr_line' id='line_1_39' title="bbox 136 2275 1571 2332; baseline 0.004 -22"><span class='ocrx_word' id='word_1_372' title='bbox 136 2285 232 2324; x_wconf 83' lang='lat' dir='ltr'>gens</span> <span class='ocrx_word' id='word_1_373' title='bbox 259 2275 410 2327; x_wconf 86' lang='lat' dir='ltr'>ignavis</span> <span class='ocrx_word' id='word_1_374' title='bbox 437 2283 476 2314; x_wconf 90' lang='lat' dir='ltr'>et</span> <span class='ocrx_word' id='word_1_375' title='bbox 506 2291 677 2330; x_wconf 87' lang='lat' dir='ltr'>nequam</span> <span class='ocrx_word' id='word_1_376' title='bbox 705 2280 852 2332; x_wconf 73' lang='lat' dir='ltr'>agyrtis</span> <span class='ocrx_word' id='word_1_377' title='bbox 881 2279 1031 2318; x_wconf 87' lang='lat' dir='ltr'>fuisset.</span> <span class='ocrx_word' id='word_1_378' title='bbox 1088 2279 1202 2318; x_wconf 86' lang='lat' dir='ltr'><strong>Conf.</strong></span> <span class='ocrx_word' id='word_1_379' title='bbox 1239 2278 1490 2317; x_wconf 80' lang='lat' dir='ltr'>Constantio.</span> <span class='ocrx_word' id='word_1_380' title='bbox 1520 2276 1571 2316; x_wconf 89' lang='lat' dir='ltr'>de</span> 
     </span>
     <span class='ocr_line' id='line_1_40' title="bbox 136 2326 1573 2388; baseline 0.003 -22"><span class='ocrx_word' id='word_1_381' title='bbox 136 2326 287 2368; x_wconf 84' lang='lat' dir='ltr'>admin.</span> <span class='ocrx_word' id='word_1_382' title='bbox 317 2329 418 2382; x_wconf 91' lang='lat' dir='ltr'>Imp.</span> <span class='ocrx_word' id='word_1_383' title='bbox 456 2344 495 2384; x_wconf 91' lang='lat' dir='ltr'>p.</span> <span class='ocrx_word' id='word_1_384' title='bbox 514 2331 582 2370; x_wconf 84' lang='lat'><strong>63.</strong></span> <span class='ocrx_word' id='word_1_385' title='bbox 603 2331 671 2384; x_wconf 73' lang='lat'><strong>64.</strong></span> <span class='ocrx_word' id='word_1_386' title='bbox 701 2334 764 2372; x_wconf 91' lang='lat' dir='ltr'>ed.</span> <span class='ocrx_word' id='word_1_387' title='bbox 794 2334 971 2373; x_wconf 85' lang='lat' dir='ltr'>Bandur.</span> <span class='ocrx_word' id='word_1_388' title='bbox 1029 2333 1196 2388; x_wconf 86' lang='lat' dir='ltr'>[Aurea</span> <span class='ocrx_word' id='word_1_389' title='bbox 1244 2347 1338 2373; x_wconf 88' lang='lat' dir='ltr'>vasa</span> <span class='ocrx_word' id='word_1_390' title='bbox 1364 2347 1386 2372; x_wconf 91' lang='lat' dir='ltr'>e</span> <span class='ocrx_word' id='word_1_391' title='bbox 1416 2331 1573 2385; x_wconf 88' lang='lat' dir='ltr'>templis</span> 
     </span>
     <span class='ocr_line' id='line_1_41' title="bbox 135 2384 1572 2440; baseline 0.005 -21"><span class='ocrx_word' id='word_1_392' title='bbox 135 2384 258 2421; x_wconf 89' lang='lat' dir='ltr'>sumit</span> <span class='ocrx_word' id='word_1_393' title='bbox 298 2391 338 2423; x_wconf 90' lang='lat' dir='ltr'>et</span> <span class='ocrx_word' id='word_1_394' title='bbox 374 2398 455 2423; x_wconf 89' lang='lat' dir='ltr'>non</span> <span class='ocrx_word' id='word_1_395' title='bbox 492 2386 624 2425; x_wconf 84' lang='lat' dir='ltr'>reddit</span> <span class='ocrx_word' id='word_1_396' title='bbox 670 2388 840 2427; x_wconf 87' lang='lat' dir='ltr'>Isaacius</span> <span class='ocrx_word' id='word_1_397' title='bbox 880 2388 1057 2438; x_wconf 75' lang='lat' dir='ltr'>Angelus</span> <span class='ocrx_word' id='word_1_398' title='bbox 1080 2417 1092 2438; x_wconf 86' lang='lat'>‚</span> <span class='ocrx_word' id='word_1_399' title='bbox 1148 2389 1272 2428; x_wconf 88' lang='lat' dir='ltr'>Nicet.</span> <span class='ocrx_word' id='word_1_400' title='bbox 1316 2403 1359 2440; x_wconf 91' lang='lat' dir='ltr'><strong>p.</strong></span> <span class='ocrx_word' id='word_1_401' title='bbox 1392 2401 1483 2426; x_wconf 87' lang='lat'><strong>200.</strong></span> <span class='ocrx_word' id='word_1_402' title='bbox 1516 2387 1572 2426; x_wconf 88' lang='lat' dir='ltr'>D.</span> 
     </span>
     <span class='ocr_line' id='line_1_42' title="bbox 137 2440 1568 2496; baseline 0.003 -22"><span class='ocrx_word' id='word_1_403' title='bbox 137 2449 246 2490; x_wconf 81' lang='lat' dir='ltr'>seqq.</span> <span class='ocrx_word' id='word_1_404' title='bbox 270 2467 283 2487; x_wconf 88' lang='lat'>‚</span> <span class='ocrx_word' id='word_1_405' title='bbox 325 2440 420 2478; x_wconf 84' lang='lat' dir='ltr'>item</span> <span class='ocrx_word' id='word_1_406' title='bbox 456 2454 497 2492; x_wconf 88' lang='lat' dir='ltr'><strong>p.</strong></span> <span class='ocrx_word' id='word_1_407' title='bbox 518 2441 612 2482; x_wconf 79' lang='lat'><strong>253.</strong></span> <span class='ocrx_word' id='word_1_408' title='bbox 658 2455 700 2479; x_wconf 91' lang='lat' dir='ltr'>n.</span> <span class='ocrx_word' id='word_1_409' title='bbox 732 2457 772 2495; x_wconf 85' lang='lat'><strong>7.</strong></span> <span class='ocrx_word' id='word_1_410' title='bbox 803 2443 896 2481; x_wconf 81' lang='lat'><strong>253.</strong></span> <span class='ocrx_word' id='word_1_411' title='bbox 934 2445 985 2483; x_wconf 91' lang='lat' dir='ltr'><strong>B.</strong></span> <span class='ocrx_word' id='word_1_412' title='bbox 1022 2457 1056 2481; x_wconf 93' lang='lat'><strong>1.</strong></span> <span class='ocrx_word' id='word_1_413' title='bbox 1092 2442 1209 2482; x_wconf 88' lang='lat' dir='ltr'>Conf.</span> <span class='ocrx_word' id='word_1_414' title='bbox 1245 2457 1285 2495; x_wconf 68' lang='lat' dir='ltr'><strong>p.</strong></span> <span class='ocrx_word' id='word_1_415' title='bbox 1315 2441 1410 2496; x_wconf 58' lang='lat'><strong>294.</strong></span> <span class='ocrx_word' id='word_1_416' title='bbox 1453 2442 1507 2480; x_wconf 92' lang='lat' dir='ltr'><strong>D.</strong></span> <span class='ocrx_word' id='word_1_417' title='bbox 1533 2455 1568 2480; x_wconf 85' lang='lat'><strong>1.</strong></span> 
     </span>
     <span class='ocr_line' id='line_1_43' title="bbox 139 2491 1572 2549; baseline 0.006 -21"><span class='ocrx_word' id='word_1_418' title='bbox 139 2491 232 2543; x_wconf 84' lang='lat'><strong>296.</strong></span> <span class='ocrx_word' id='word_1_419' title='bbox 262 2493 316 2532; x_wconf 90' lang='lat' dir='ltr'>D.</span> <span class='ocrx_word' id='word_1_420' title='bbox 337 2492 378 2533; x_wconf 87' lang='lat'>8.</span> <span class='ocrx_word' id='word_1_421' title='bbox 419 2501 459 2533; x_wconf 91' lang='lat' dir='ltr'>et</span> <span class='ocrx_word' id='word_1_422' title='bbox 484 2509 575 2548; x_wconf 90' lang='lat' dir='ltr'>pen.</span> <span class='ocrx_word' id='word_1_423' title='bbox 620 2496 709 2534; x_wconf 86' lang='lat' dir='ltr'>Mos</span> <span class='ocrx_word' id='word_1_424' title='bbox 745 2497 925 2536; x_wconf 84' lang='lat' dir='ltr'>dedicata</span> <span class='ocrx_word' id='word_1_425' title='bbox 970 2499 1010 2534; x_wconf 90' lang='lat' dir='ltr'>in</span> <span class='ocrx_word' id='word_1_426' title='bbox 1054 2497 1214 2549; x_wconf 90' lang='lat' dir='ltr'>templis</span> <span class='ocrx_word' id='word_1_427' title='bbox 1264 2511 1358 2536; x_wconf 90' lang='lat' dir='ltr'>usus</span> <span class='ocrx_word' id='word_1_428' title='bbox 1394 2503 1572 2549; x_wconf 87' lang='lat' dir='ltr'>tempore</span> 
     </span>
     <span class='ocr_line' id='line_1_44' title="bbox 138 2548 1570 2605; baseline 0.003 -20"><span class='ocrx_word' id='word_1_429' title='bbox 138 2548 347 2595; x_wconf 79' lang='lat' dir='ltr'>promendi</span> <span class='ocrx_word' id='word_1_430' title='bbox 368 2549 573 2588; x_wconf 81' lang='lat' dir='ltr'>derivatus</span> <span class='ocrx_word' id='word_1_431' title='bbox 600 2564 624 2589; x_wconf 89' lang='lat' dir='ltr'>a</span> <span class='ocrx_word' id='word_1_432' title='bbox 642 2551 869 2602; x_wconf 82' lang='lat' dir='ltr'>gentilibus,</span> <span class='ocrx_word' id='word_1_433' title='bbox 889 2565 932 2590; x_wconf 89' lang='lat' dir='ltr'><strong>v.</strong></span> <span class='ocrx_word' id='word_1_434' title='bbox 948 2551 1116 2590; x_wconf 87' lang='lat' dir='ltr'>Diodor.</span> <span class='ocrx_word' id='word_1_435' title='bbox 1131 2552 1255 2591; x_wconf 88' lang='lat' dir='ltr'>Sicul.</span> <span class='ocrx_word' id='word_1_436' title='bbox 1284 2552 1335 2591; x_wconf 88' lang='lat' dir='ltr'><strong>T.</strong></span> <span class='ocrx_word' id='word_1_437' title='bbox 1361 2552 1416 2590; x_wconf 90' lang='lat'>11.</span> <span class='ocrx_word' id='word_1_438' title='bbox 1439 2565 1480 2604; x_wconf 86' lang='lat' dir='ltr'><strong>p.</strong></span> <span class='ocrx_word' id='word_1_439' title='bbox 1501 2552 1570 2605; x_wconf 80' lang='lat'><strong>73.</strong></span> 
     </span>
     <span class='ocr_line' id='line_1_45' title="bbox 122 2597 1571 2659; baseline 0.002 -19"><span class='ocrx_word' id='word_1_440' title='bbox 122 2597 205 2636; x_wconf 88' lang='lat'><strong>.68.</strong></span> <span class='ocrx_word' id='word_1_441' title='bbox 261 2603 428 2656; x_wconf 87' lang='lat' dir='ltr'>Gregor.</span> <span class='ocrx_word' id='word_1_442' title='bbox 450 2604 604 2644; x_wconf 91' lang='lat' dir='ltr'>Turon.</span> <span class='ocrx_word' id='word_1_443' title='bbox 627 2605 734 2657; x_wconf 87' lang='lat' dir='ltr'>apud</span> <span class='ocrx_word' id='word_1_444' title='bbox 755 2607 820 2644; x_wconf 94' lang='lat' dir='ltr'>Du</span> <span class='ocrx_word' id='word_1_445' title='bbox 842 2606 1036 2659; x_wconf 83' lang='lat' dir='ltr'>Cangium</span> <span class='ocrx_word' id='word_1_446' title='bbox 1062 2620 1105 2645; x_wconf 84' lang='lat' dir='ltr'><strong>v.</strong></span> <span class='ocrx_word' id='word_1_447' title='bbox 1125 2606 1259 2645; x_wconf 83' lang='lat' dir='ltr'>Palla.</span> <span class='ocrx_word' id='word_1_448' title='bbox 1272 2607 1347 2645; x_wconf 72' lang='lat' dir='ltr'>EJ:</span> <span class='ocrx_word' id='word_1_449' title='bbox 1364 2605 1571 2659; x_wconf 83' lang='lat' dir='ltr'>Addend.]</span> 
     </span>
    </p>

    <p class='ocr_par' dir='ltr' id='par_1_3' title="bbox 139 2655 1572 2769">
     <span class='ocr_line' id='line_1_46' title="bbox 250 2655 1572 2713; baseline 0.005 -19"><span class='ocrx_word' id='word_1_450' title='bbox 250 2655 302 2695; x_wconf 91' lang='lat' dir='ltr'><strong>D.</strong></span> <span class='ocrx_word' id='word_1_451' title='bbox 330 2658 484 2710; x_wconf 84' lang='lat' dir='ltr'>penult.</span> <span class='ocrx_word' id='word_1_452' title='bbox 537 2659 756 2713; x_wconf 82' lang='lat' dir='ltr'><strong>[57o‚21.]</strong></span> <span class='ocrx_word' id='word_1_453' title='bbox 796 2657 1006 2712; x_wconf 70' lang='grc' dir='ltr'><em>τροπικὴν.</em></span> <span class='ocrx_word' id='word_1_454' title='bbox 1064 2661 1176 2700; x_wconf 86' lang='lat' dir='ltr'>Verti</span> <span class='ocrx_word' id='word_1_455' title='bbox 1205 2661 1392 2711; x_wconf 75' lang='lat' dir='ltr'>tric-hila,</span> <span class='ocrx_word' id='word_1_456' title='bbox 1431 2660 1473 2699; x_wconf 92' lang='lat' dir='ltr'>id</span> <span class='ocrx_word' id='word_1_457' title='bbox 1515 2669 1572 2700; x_wconf 86' lang='lat' dir='ltr'>est</span> 
     </span>
     <span class='ocr_line' id='line_1_47' title="bbox 139 2708 1572 2769; baseline 0.006 -23"><span class='ocrx_word' id='word_1_458' title='bbox 139 2708 312 2761; x_wconf 84' lang='lat' dir='ltr'>porticus</span> <span class='ocrx_word' id='word_1_459' title='bbox 348 2727 468 2752; x_wconf 84' lang='lat' dir='ltr'>curva</span> <span class='ocrx_word' id='word_1_460' title='bbox 487 2744 498 2763; x_wconf 89' lang='lat'>‚</span> <span class='ocrx_word' id='word_1_461' title='bbox 547 2714 881 2768; x_wconf 82' lang='lat' dir='ltr'>hemisphaerium</span> <span class='ocrx_word' id='word_1_462' title='bbox 925 2715 1073 2769; x_wconf 87' lang='lat' dir='ltr'>pensile</span> <span class='ocrx_word' id='word_1_463' title='bbox 1095 2746 1105 2766; x_wconf 88' lang='lat'>,</span> <span class='ocrx_word' id='word_1_464' title='bbox 1137 2714 1410 2756; x_wconf 85' lang='lat' dir='ltr'>ambulacrum</span> <span class='ocrx_word' id='word_1_465' title='bbox 1440 2715 1572 2754; x_wconf 79' lang='lat' dir='ltr'>cuius-</span> 
     </span>
    </p>
   </div>
  </div>
 </body>
</html>
