1884 3132
292 179 367 221 AD
411 175 751 220 APPEchEM
789 177 890 216 ΠΒ.
933 177 964 215 1.
1006 176 1078 216 DE
1124 173 1383 216 cmmou.
1469 155 1582 230 579

142 283 236 324 bem
267 297 314 324 eo
344 282 466 323 modo
495 296 666 332 ornare,
688 288 734 320 ut
754 294 854 330 nos,
882 281 952 333 qui
980 278 1075 318 solis
1104 278 1369 318 luminaribus
1397 280 1578 330 utimur,

141 340 368 379 illuminare
390 338 559 377 dicimus
575 367 587 388 ,
612 339 668 376 sic
685 342 838 376 veteres
862 349 886 373 a
919 333 1079 373 corollis
1117 335 1316 387 suspensis
1347 335 1580 387 στεφανοῦν

141 401 183 434 et
225 408 416 434 coronare
470 392 668 431 dicebant.
724 390 907 440 Arabes,
942 393 1011 442 qui
1055 403 1079 428 a
1112 390 1275 428 Graecis
1312 396 1574 442 acceperunt,

142 473 333 513 pompam
363 459 468 497 hanc
500 456 601 515 (fij-'¹'
618 485 630 505 ,
658 457 902 495 ornationem
920 484 931 504 ,
963 464 1199 510 paraturam
1226 462 1265 494 et
1298 453 1398 502 3²2⁸,
1423 456 1462 494 Z
1463 457 1572 503 inab,

144 514 358 567 appellant.
417 511 577 551 Talium
602 512 799 551 Zinarum
821 510 1006 564 frequens
1041 512 1190 549 mentio
1224 518 1282 549 est
1312 510 1416 563 apud
1446 510 1578 550 Abul-

144 569 291 608 fedam.
349 568 534 607 Meminit
573 580 710 606 earum
747 580 907 619 quoque
945 567 1090 618 passim
1115 572 1155 604 et
1190 563 1412 604 luculenter
1432 565 1580 605 descri-

144 623 206 663 bit
233 623 338 663 della
363 621 480 662 Valle
500 651 512 672 ,
553 629 592 660 et
627 621 789 660 brevius
831 619 1044 659 Wansleb.
1088 622 1129 658 in
1167 621 1308 658 itinere
1335 620 1581 674 Aegyptiaco

144 693 185 731 p.
207 679 302 719 555.
359 678 509 716 Exacte
538 677 636 715 haec
666 683 893 729 congruunt
920 674 1282 714 illuminationibus
1312 682 1382 713 aut
1407 690 1579 715 corona-

145 733 322 772 tionibus
347 731 479 771 medio
508 745 608 771 aevo
634 731 813 784 Byzantii
841 738 881 769 et
908 731 950 768 in
981 729 1095 768 ltalia
1122 731 1302 779 usitatis,
1342 738 1388 768 ut
1415 745 1459 769 ex
1482 731 1579 770 affe-

145 787 279 827 rendis
307 786 546 841 quibusdam
573 785 758 839 exemplis
786 785 993 826 constabit.
1049 785 1110 822 Ex
1130 786 1282 824 oriente
1300 799 1452 824 morem
1471 786 1579 827 hunc

146 843 411 882 inGraeciam
438 843 608 891 venisse,
638 847 792 879 constat
824 855 846 879 e
874 841 996 879 sacris
1022 838 1240 879 Bacchicis.
1273 841 1320 878 ln
1348 839 1411 879 his
1438 843 1545 880 enim
1565 872 1577 890 ,

146 911 250 951 quae
285 903 441 936 constat
480 911 503 935 e
542 895 658 950 Syria
699 898 741 934 in
770 895 979 934 Graeciam
1005 895 1232 945 transiisse,
1271 895 1456 947 frequens
1485 910 1582 936 usus

146 959 232 991 erat
268 951 476 992 taedarum
503 951 752 998 ardentium,
794 950 868 989 sub
895 949 1040 1004 quibus
1068 948 1248 988 Bacchus
1293 950 1582 991 deducebatur.

145 1006 202 1046 Et
220 1006 316 1046 hinc
344 1005 540 1059 intelligas
568 1005 682 1045 illum
711 1005 909 1044 Athenaei
939 1005 1071 1043 locum
1100 1005 1148 1042 L.
1173 1005 1246 1043 lv.
1277 1019 1303 1057 p
1344 1004 1433 1056 148.
1456 1007 1506 1045 de
1518 1008 1577 1046 M.

148 1061 325 1101 Antonio
353 1061 611 1110 Triumviro,
650 1060 820 1099 Athenis
846 1059 1026 1099 luxuriae
1052 1059 1286 1112 indulgente
1312 1068 1351 1099 et
1378 1076 1452 1114 pro
1480 1063 1582 1101 Bac-

150 1115 229 1155 cho
257 1130 299 1156 se
323 1123 510 1170 gerente:
539 1113 755 1167 μετέβαινε
781 1113 916 1153 ἐνιότε
942 1114 1016 1154 καί
1039 1113 1112 1153 ἐπὶ
1129 1112 1204 1166 τὴν
1221 1110 1471 1166 ἀκρόπολιν,
1493 1124 1583 1156 tan-

205 1186 271 1210 am
311 1172 355 1209 in
396 1170 637 1224 Capitolium
682 1170 974 1222 triumphantes
1015 1169 1092 1207 sub
1131 1172 1321 1208 comitatu
1357 1170 1582 1223 funaliu'm‚

150 1221 232 1264 απὸ
261 1224 344 1264 τῶν
368 1226 494 1277 τεγῶν
521 1222 710 1274 λαμπάσι
740 1223 1076 1279 δᾳδουχουμένης
1102 1219 1238 1276 πάσης
1274 1225 1348 1276 τῆς
1385 1224 1584 1279 Ἀθηναί-

152 1293 212 1319 ων
237 1278 395 1327 πόλεως
425 1280 548 1334 [tecta
575 1278 685 1317 urbis
712 1279 832 1332 plana
858 1278 992 1317 affixas
1019 1278 1095 1317 sibi
1111 1277 1314 1317 habebant
1341 1281 1492 1330 taedas,
1514 1290 1585 1321 aut

150 1334 417 1387 dependentes
444 1348 468 1372 a
495 1348 537 1373 se
564 1333 746 1372 lucernas
780 1333 869 1372 oleo
898 1332 1055 1386 plenas]
1071 1362 1083 1383 ,
1114 1333 1188 1371 καί
1212 1330 1348 1372 ἔκτοτε
1374 1334 1587 1377 ἐκέλευσεν

150 1382 302 1427 ἑαυτὸν
347 1385 552 1428 Διόνυσον
581 1383 936 1438 ἀνακηρύττεσθαι
968 1384 1072 1426 κατὰ
1103 1384 1179 1433 τὰς
1205 1384 1361 1435 πόλεις.
1415 1390 1586 1443 Insignis

150 1450 212 1481 est
239 1442 351 1481 locus
382 1442 611 1481 Odonis'de
639 1442 824 1480 S.B1asi0
853 1441 960 1494 apud
988 1442 1056 1479 Du
1068 1441 1263 1494 Cangium
1289 1457 1331 1482 v.
1367 1443 1585 1497 Coronat-i,

155 1499 225 1550 qui
254 1504 384 1536 totum
412 1497 682 1536 coronationis
708 1497 799 1535 talis
830 1497 953 1534 ritum
981 1496 1275 1548 complectitur.
1339 1499 1437 1537 Tota
1473 1514 1586 1539 coro-

150 1561 271 1591 natur
285 1554 444 1599 civitas,
462 1555 468 1560 ’
485 1553 539 1591 ait
558 1581 569 1601 ‚
598 1552 788 1606 tapetibus
830 1552 1017 1605 sertisque
1053 1551 1204 1589 diversi
1224 1555 1377 1605 generis
1405 1563 1443 1592 et
1462 1557 1592 1608 pretii

151 1608 323 1661 compita
352 1607 639 1645 illustrantibus
657 1635 668 1655 ‚
696 1607 805 1644 tliure
822 1635 834 1653 ‚
867 1607 1028 1656 myrrha
1057 1607 1225 1660 aliisque
1258 1608 1454 1660 speciebus
1489 1611 1587 1649 odo-

151 1663 286 1713 rfferis
309 1663 414 1700 intus
433 1670 472 1699 et
500 1670 617 1700 extra
637 1662 833 1699 civitatem
865 1661 1120 1699 redolentibus
1139 1662 1297 1715 plateis.
1352 1663 1430 1702 Sed
1458 1665 1587 1704 multo

154 1715 397 1755 luculentior
426 1723 485 1754 est
512 1715 640 1754 Sabae
667 1715 934 1767 Malaespinae
961 1714 1072 1754 locus
1099 1716 1243 1756 L.·1V.
1272 1717 1472 1757 Historiae
1493 1720 1592 1767 (edi-

154 1777 219 1809 tae
245 1771 430 1809 T.V111.
461 1771 556 1809 Rer.
588 1770 716 1808 Italic.
747 1785 786 1823 p.
805 1769 931 1821 842),
962 1784 1042 1823 quo
1071 1772 1277 1809 introitum
1316 1780 1355 1811 et
1392 1775 1587 1826 receptio-

155 1839 249 1863 nem
277 1825 494 1864 Conradini
536 1826 657 1864 Suevi
700 1826 739 1863 in
776 1825 893 1864 Urbe
928 1826 1055 1864 Roma
1083 1839 1189 1864 anno
1226 1826 1588 1881 1268.,describit;

155 1893 288 1931 neque
315 1880 516 1918 continere
540 1894 604 1919 me
631 1894 792 1932 possum
811 1909 822 1929 ,
848 1880 946 1932 quin
975 1894 1088 1929 eum,
1111 1883 1294 1933 quamvis
1321 1882 1442 1935 paulo
1463 1883 1592 1937 longi-

162 1947 288 1981 orem,
319 1934 558 1974 adscribam.
591 1935 944 1989 „Tripudiantium
955 1935 1124 1973 militum
1148 1938 1308 1987 agmina
1324 1939 1485 1975 vestium
1496 1953 1592 1992 pre-

159 1989 345 2026 tiosarum
387 1989 703 2043 diversorumque
745 1988 916 2028 colorum
954 1990 1117 2044 desuper
1147 2004 1264 2030 arma
1293 1991 1354 2045 [id
1385 1999 1444 2030 est
1471 1995 1593 2033 armis

157 2056 228 2082 seu
262 2042 416 2082 thoraci
458 2044 834 2097 superindutarum]
877 2045 1026 2083 habitus
1062 2044 1332 2097 distingzoebat.
1403 2048 1592 2101 Quodque

158 2111 342 2149 magnum
368 2107 425 2135 est
447 2108 485 2136 et
515 2099 652 2137 auditu
680 2100 859 2137 mirabile
872 2129 885 2146 ,
942 2100 1150 2139 mulierum
1189 2101 1351 2139 choreae
1377 2101 1591 2140 ludentium

163 2153 269 2190 intra
296 2152 424 2190 urbem
447 2154 488 2191 in
504 2154 693 2204 cymbalis
720 2162 758 2191 et
781 2155 991 2207 tympanis,
1013 2154 1118 2192 lituis
1145 2163 1184 2192 et
1198 2156 1345 2208 plu'olis
1372 2164 1410 2193 et
1424 2157 1467 2194 in
1485 2158 1596 2195 omni

156 2221 296 2258 genere
309 2208 538 2245 musicorum
557 2209 772 2246 concinunt.
806 2208 853 2246 V
847 2209 1061 2262 olentesque
1074 2223 1231 2247 suarum
1246 2211 1506 2263 pretiosarum
1529 2225 1594 2248 re-

159 2275 248 2299 rum
267 2261 562 2311 abundantiam,
586 2276 703 2315 quam
726 2263 954 2317 plerumque
971 2264 1143 2316 sequitur
1168 2264 1358 2317 voluptas,
1380 2265 1590 2314 oscendere,

162 2315 213 2353 de
228 2315 342 2354 domo
363 2317 405 2354 in
430 2316 585 2354 domum
617 2317 659 2354 in
678 2317 892 2370 oppositum
907 2318 1168 2356 consistentem
1195 2319 1348 2356 iactatis
1364 2318 1422 2356 ad
1436 2319 1593 2359 modum

162 2383 275 2408 arcus
308 2379 376 2408 aut
406 2371 538 2424 pontis
567 2370 721 2408 chordis
757 2379 795 2408 et
810 2372 980 2421 fiinibus
1009 2373 1096 2408 vias
1133 2372 1286 2409 medias
1315 2373 1480 2426 desuper
1511 2388 1596 2415 nom

163 2424 277 2463 lauro
292 2454 302 2471 ,
330 2440 407 2463 non
432 2427 552 2463 ramis
572 2425 765 2472 arboreis,
794 2425 865 2462 sed
890 2427 993 2463 caris
1016 2426 1179 2463 vestibus
1203 2435 1241 2463 et
1266 2427 1434 2479 pellibus
1467 2430 1594 2468 variis

167 2476 250 2530 [du
279 2478 395 2532 vair]
431 2481 662 2518 velaverunt
684 2509 695 2525 ‚
725 2480 856 2532 pensis
895 2479 952 2517 ad
983 2480 1148 2517 chordas
1174 2482 1387 2534 strophaeis
1402 2511 1413 2531 ,
1453 2481 1510 2535 [id
1537 2490 1598 2522 est

167 2532 416 2584 strophiolis‚
443 2532 686 2586 manipulis,]
699 2532 852 2588 flectis,
886 2532 943 2586 [id
983 2540 1041 2571 est
1059 2532 1226 2586 plectis,
1251 2540 1433 2585 σειραῖς,
1463 2550 1592 2576 κατα-

167 2586 341 2632 σείστοις
357 2617 369 2637 ,
414 2588 590 2641 plexibus
621 2588 778 2626 filorum
807 2587 1020 2626 sericorum
1038 2616 1050 2636 ‚
1094 2602 1307 2628 aureorum
1335 2598 1374 2628 et
1400 2594 1593 2644 margari-

167 2640 333 2692 tarum,]
361 2642 642 2681 dextrocheriis
667 2642 756 2695 [seu
785 2641 969 2694 armillis]
992 2643 1284 2696 periscelidibus
1299 2674 1312 2694 ,
1343 2648 1591 2697 grammatis‚

170 2695 383 2744 aurzfrisiis
403 2706 439 2735 et
463 2698 704 2736 diversorum
723 2710 771 2734 ac
792 2698 1050 2749 pretiosorum
1080 2699 1314 2737 annulorum
1341 2701 1591 2752 appensione,

168 2747 435 2788 diadematum
458 2753 574 2790 etiam
601 2761 639 2789 et
652 2751 875 2805 fibularum
917 2765 981 2789 seu
1002 2753 1202 2790 monilium
1218 2782 1228 2801 ‚
1268 2755 1309 2791 in
1334 2755 1469 2807 quibus
1485 2769 1591 2806 gem-
