1832 3126
826 38 862 81 ο

338 161 359 198 ι
375 142 445 218 78
609 157 683 200 10.
726 157 832 200 mc.
871 158 1069 199 mnsxu
1106 157 1488 203 commum

330 262 543 316 κρητῆοας
591 255 698 307 ἴδοις
737 257 944 311 &neven-96
985 258 1192 326 παγέντας
1227 259 1418 314 δένδρεσι
1459 259 1795 332 πυρσοκόμϋισι.

331 317 468 357 Latini
497 315 620 355 medii
651 317 742 355 aevi
776 317 950 355 canistra
984 310 1068 354 οἷπό
1107 316 1181 355 τοῦ
1216 318 1347 357 navos?
1390 316 1456 358 vel
1491 317 1707 359 κανισκίυυ
1734 327 1776 359 et

329 373 540 412 cantitat-os
569 371 838 425 appellabant.
900 371 954 410 V.
987 371 1055 409 Du
1083 370 1217 426 Gange
1244 371 1306 411 his
1338 373 1381 412 in
1405 373 1600 424 vocibus,
1637 381 1677 414 et
1698 373 1776 414 Al-

330 434 471 467 teserr.
510 426 562 466 ad
601 427 790 466 Anastas.
822 441 864 480 p.
897 441 965 466 21.
1012 426 1182 466 Canales
1223 434 1358 466 autem
1392 427 1459 468 vel
1500 428 1692 480 tubulos,
1733 429 1777 470 in

331 483 480 537 quibus
507 482 731 522 haerebant
755 489 796 521 et
817 484 915 521 recti
933 482 1234 521 sustinebantur
1262 484 1396 534 cerei,
1429 483 1686 538 appellabant
1701 485 1777 523 ha-

330 548 408 578 stas
437 545 476 577 et
491 547 697 588 cerostata,
721 552 789 578 seu
820 538 1011 577 stationes
1034 551 1263 586 cereorum,
1294 539 1338 577 in
1367 539 1515 592 quibus
1545 541 1649 579 cerei
1671 547 1782 580 stare

331 594 523 634 iubentur
537 622 550 644 ‚
595 593 704 632 unde
741 594 962 647 iunguntur
997 594 1190 632 canthara
1220 602 1440 645 cerostata,
1479 608 1549 635 seu
1583 595 1706 645 disci,
1754 609 1780 634 e

331 649 479 702 quibus
509 649 685 688 eminent
715 648 922 687 acetabula
953 648 1155 701 capiendis
1185 656 1226 688 et
1249 649 1491 689 sustinendis
1510 650 1647 690 cereis.
1704 650 1780 689 Po-

331 711 497 744 tuerunt
518 718 680 758 quoque
713 703 916 742 manualia
947 703 1071 743 fuisse
1100 706 1208 757 scapi
1240 704 1301 743 illi
1323 704 1472 758 lignei,
1502 705 1568 745 vel
1593 704 1778 770 pulpita!

331 774 451 813 super
481 760 628 813 quibus
671 759 909 798 candelabra
940 773 1032 798 cum
1066 761 1188 799 cereis
1218 760 1314 813 poni
1353 759 1510 811 solent,
1554 761 1623 799 des
1646 762 1781 815 gaeri-

331 816 458 866 dons,
487 814 828 869 quemadmodum
853 814 1039 853 manuale
1068 821 1128 854 est
1155 814 1385 869 pulpitum,
1414 815 1524 868 quod
1553 817 1783 870 evangelio-

332 885 426 912 rum
458 870 681 910 aliorumve
706 884 912 910 sacrorum
941 869 1139 909 librorum
1168 871 1376 924 impositos
1402 869 1558 910 codices
1583 873 1751 912 sustinet
1767 900 1780 918 ‚

334 941 358 967 e
380 926 528 979 quibus
554 927 596 966 in
620 925 786 965 ecclesia
809 926 1060 964 recitandum
1085 932 1158 965 est.
1190 925 1376 965 Glossae.
1413 925 1619 975 Manuale,
1653 922 1784 967 Ἀνα-

331 942 497 1033 λόγιον,
540 996 610 1021 seu
640 980 866 1045 pulpitum,
895 994 918 1019 e
945 995 1026 1034 quo
1054 979 1310 1033 ἁναλέγεται,
1340 980 1604 1034 subleguntur
1629 982 1780 1034 verba,

333 1043 374 1076 et
405 1038 595 1076 continua
626 1038 728 1076 selle
755 1038 991 1076 iecitantur.
1051 1036 1106 1075 Et
1132 1050 1180 1075 eo
1206 1049 1327 1076 sensu
1345 1039 1543 1090 accepisse
1562 1036 1781 1091 Agnellum

334 1092 440 1130 hanc
478 1106 620 1132 vocem
661 1093 840 1131 existimo
878 1092 920 1130 in
952 1091 1020 1131 illo
1044 1105 1086 1144 p.
1116 1091 1185 1132 68.
1229 1091 1416 1131 Pontifie.
1449 1091 1674 1131 Ravennat.
1711 1093 1779 1132 ed.

335 1148 562 1187 Murator..
599 1147 723 1187 Galla
749 1148 941 1187 Placi'dza
969 1147 1062 1199 Aug
1039 1156 1147 1186 ‹rusta
1181 1161 1299 1202 super
1324 1156 1492 1211 qaatuor
1516 1156 1623 1187 rotas
1645 1147 1786 1188 rubeas

335 1216 598 1252 marmoreas,
647 1216 747 1258 quae
788 1212 877 1241 sant
910 1211 1000 1241 ante
1028 1204 1250 1241 ηοηιιηαιας
1279 1204 1420 1256 regias,
1460 1202 1614 1242 iubebat
1633 1217 1784 1258 ponere

335 1268 562 1297 cereostatos
589 1273 676 1296 eum
703 1258 934 1307 manuali,a
966 1257 1023 1296 ad
1048 1271 1269 1296 mensuram
1300 1257 1391 1311 [sui
1413 1259 1594 1312 corporis
1612 1258 1786 1313 nempe]

335 1322 374 1353 et
401 1315 574 1352 zactabat
597 1323 712 1353 noctu
741 1328 781 1352 se
810 1314 852 1352 in
883 1312 1012 1351 medio
1043 1314 1273 1367 pavimento
1300 1313 1391 1352 Deo
1412 1313 1594 1366 fimdere
1621 1327 1780 1369 preces,

335 1377 374 1406 et
400 1370 552 1408 tamdia
566 1369 823 1424 pernoctabat
845 1369 887 1407 in
916 1368 1105 1419 lacrymis
1132 1382 1274 1417 orans,
1301 1369 1490 1424 quamdiu
1518 1370 1606 1423 ipsa
1633 1369 1785 1409 lumina

332 1425 620 1478 perdurabant.
679 1425 748 1462 Du
792 1423 928 1476 Cange
955 1422 1021 1462 Gl.
1060 1424 1135 1462 Gr.
1170 1436 1313 1463 vocem
1350 1422 1456 1462 hanc
1501 1423 1788 1478 interpretatur

337 1493 411 1531 per
444 1480 725 1519 candelabrum
759 1479 944 1517 manuale
957 1508 968 1527 ‚
1017 1492 1087 1518 seu
1121 1478 1231 1541 quod
1263 1492 1386 1518 manu
1426 1479 1592 1532 geritur.
1651 1479 1786 1529 Quem

339 1541 498 1574 secutus
533 1534 611 1573 suit
634 1534 998 1573 Montfauconius
988 1548 1031 1572 ιιι
1060 1535 1188 1573 veteri
1218 1533 1436 1588 diplomate
1465 1534 1618 1573 Graeco
1635 1564 1647 1585 ,
1675 1536 1786 1588 quod

424 1589 521 1640 405.
555 1589 702 1629 Palaeo
705 1589 895 1643 graphiae
926 1589 1103 1628 Giaecae
1138 1589 1290 1641 edidit,
1335 1587 1666 1656 interpretando3
1714 1590 1785 1629 uhi

336 1603 602 1695 μαγνουάλια
646 1645 859 1695 scribitur3
903 1643 1016 1683 nullo
1056 1645 1300 1685 discrimine.
1357 1643 1495 1684 Solent
1523 1659 1620 1685 novi
1643 1645 1787 1684 Graeci

338 1699 474 1738 litelas
491 1729 502 1750 ,
546 1714 646 1759 quas
677 1714 759 1739 non
792 1700 1026 1753 oportebat,
1055 1701 1283 1754 geminare,
1314 1707 1353 1739 et
1381 1697 1638 1754 geminandas
1665 1699 1788 1740 semel

338 1761 498 1796 tantum
533 1769 707 1808 ponet-‚e
754 1757 1037 1808 geminumque
1068 1768 1118 1807 yy
1151 1755 1317 1821 perinde
1347 1762 1468 1809 atque
1495 1769 1542 1794 νν
1572 1762 1784 1808 usurpant.

340 1809 390 1847 In
415 1811 582 1861 eodem,
611 1825 693 1863 quo
724 1810 827 1862 dixi,
858 1811 1078 1874 diplomate
1101 1818 1160 1849 est
1189 1806 1342 1863 εγὸἡν,
1371 1810 1510 1864 quod,
1540 1811 1636 1863 quia
1659 1812 1790 1850 Mont-

339 1853 550 1905 fauconius
585 1867 626 1903 in
659 1866 813 1904 Latinis
841 1867 1071 1929 praeteiiit,
1117 1865 1234 1904 liceat
1262 1865 1361 1904 mihi
1389 1867 1431 1904 in
1466 1867 1639 1904 transitu
1663 1866 1790 1905 inter-

340 1933 390 1972 p1
393 1923 506 1959 etan
566 1921 771 1974 Significat
803 1922 924 1974 igitur
963 1921 1194 1960 mortarium
1211 1949 1222 1968 ‚
1275 1927 1315 1959 et
1346 1928 1404 1959 est
1441 1927 1557 1960 vetus
1588 1920 1789 1960 Graecum

342 1970 475 2028 ἰγὸύη.
533 1976 689 2015 Ibidem
715 1983 808 2015 sunt
838 1970 1172 2028 γαργαριστάρια
1186 2005 1199 2025 ,
1238 1974 1383 2029 pocula
1406 1989 1475 2015 seu
1493 1977 1626 2029 vitra,
1655 1989 1679 2016 e
1705 1977 1793 2030 qui-

341 2029 419 2069 bus
449 2030 635 2070 hauritur
663 2045 767 2085 aqua
798 2044 916 2070 mane
939 2032 1000 2069 ori
1031 2029 1216 2069 eluendo.

452 2085 499 2124 B.
527 2099 589 2125 11.
611 2085 701 2140 [75,
722 2084 785 2139 7.]
813 2085 910 2124 καθ’
941 2079 1132 2136 ἑκάστην.
1186 2083 1348 2125 Subint.
1403 2083 1667 2140 προέλευσιν.
1722 2085 1791 2126 In-

342 2145 455 2194 tegra
483 2141 606 2180 dictio
629 2141 774 2194 legitul
801 2155 842 2194 p.
869 2139 938 2192 46.
965 2140 1018 2178 D.
1034 2154 1137 2203 pen.

459 2196 507 2236 C.
531 2211 570 2250 7.
597 2195 670 2250 [75
671 2225 684 2245 ,
714 2193 799 2249 15.]
831 2189 1193 2247 npoauvvr'oavreg
1231 2190 1327 2241 τούς
1367 2188 1584 2248 ἀλλήλους.
1638 2194 1793 2235 Vocem

344 2252 521 2293 mediam
551 2251 808 2290 membranae
831 2263 915 2288 non
942 2257 1178 2318 agnoscunt.

457 2307 506 2346 C.
523 2306 602 2345 ult.
626 2305 716 2360 [75,
736 2304 827 2373 πα]
857 2299 953 2344 ἄνθ’
981 2297 1051 2347 ων.
1108 2305 1153 2343 Ιιι
1178 2305 1423 2345 membranis
1443 2305 1500 2345 ita
1529 2310 1711 2344 exaratus
1730 2310 1792 2343 est

346 2363 413 2403 hic
443 2362 577 2402 locus:
618 2360 713 2401 Καὶ
744 2359 885 2400 ἅνθων
915 2355 993 2412 τήν
1022 2358 1153 2412 μέσην
1182 2359 1397 2412 διέρχεται
1429 2355 1501 2399 διά
1529 2372 1574 2399 τε
1600 2358 1682 2398 τῶν
1714 2352 1794 2411 ἄρ-

345 2416 572 2457 τοηωλίων.
626 2415 814 2456 Viderint
835 2414 903 2454 alii
921 2444 933 2465 ‚
963 2415 1165 2483 quomodo
1187 2417 1332 2455 vitium
1350 2417 1454 2455 corri
1484 2414 1671 2453 debeat.
1730 2413 1792 2453 In-

349 2473 447 2510 cidit
475 2472 591 2522 mihi,
618 2485 694 2524 pro
723 2469 865 2510 ανθῶν
890 2477 959 2509 aut
993 2467 1084 2508 ἀνθ’
1113 2484 1172 2509 ων
1199 2469 1278 2524 legi
1310 2485 1426 2524 posse
1455 2484 1508 2509 αν
1534 2463 1655 2508 οὕτω.
1710 2468 1792 2508 Sed

348 2527 452 2566 forte
467 2528 582 2566 novis
598 2527 761 2565 Graecis
780 2525 875 2590 ciffis
895 2539 953 2565 ων
967 2524 1159 2578 significat
1175 2526 1350 2580 quando.
1379 2526 1435 2565 V.
1452 2525 1558 2578 adp.
1577 2538 1667 2564 101.
1682 2523 1730 2562 C.
1744 2522 1790 2563 8.

460 2582 570 2620 Ilnd.
595 2581 685 2635 [75,
706 2580 796 2635 20.]
825 2576 900 2633 ’τήν
921 2580 1063 2632 μέσην.
1121 2580 1197 2618 Hic
1218 2587 1258 2619 et
1275 2581 1460 2646 deinceps
1481 2580 1534 2618 D.
1559 2577 1600 2618 8.
1629 2591 1710 2618 non
1731 2585 1792 2617 est

350 2635 492 2674 Medta
508 2664 520 2686 ‚
564 2650 711 2675 nomen
740 2636 921 2689 plateae,
963 2635 1031 2675 sed
1061 2634 1169 2673 idem
1206 2642 1326 2688 atque
1358 2632 1415 2675 τὸ
1435 2634 1479 2674 ἐν
1499 2633 1638 2687 μέσῳ,
1682 2633 1791 2686 quod

350 2691 456 2728 inter
498 2691 645 2728 exitum
687 2698 727 2730 et
762 2690 883 2730 finem
918 2691 1179 2745 processionis
1223 2690 1372 2732 aliosve
1408 2689 1491 2729 duo
1528 2701 1792 2744 quoscunque

349 2746 556 2788 terminos
568 2747 774 2786 interiacet
801 2746 906 2787 viae.
