1826 3126
249 139 319 195 32
522 158 595 199 10.
639 156 745 198 mc.
786 156 980 198 Rmsxn
1019 154 1398 198 COMMENTARH

250 260 473 313 scripsisse,
503 273 647 312 eosque
664 258 824 297 Hunnis
849 258 1137 322 ingruentibus
1142 258 1345 298 obiecisse.
1380 258 1472 298 Non
1491 258 1588 299 CPli
1610 265 1697 299 tan-

240 322 337 354 tum
353 322 467 354 erant
483 330 529 368 gi
531 328 619 367 eges
635 314 677 353 hi
694 344 706 364 ,
741 314 811 353 sed
829 314 948 352 etiam
965 314 1007 353 in
1026 315 1266 368 municipiis.
1305 314 1523 368 Procopius
1539 329 1582 368 p.
1606 329 1696 369 129.

251 371 482 409 Anecdotae
506 370 718 420 historiae,
749 369 813 408 ed.
840 369 1027 436 Lugdun:
1062 369 1228 409 Venetos
1261 370 1467 408 Tarsenses
1483 377 1694 410 memorat.

250 425 606 479 *['lhessalonicae
637 421 795 477 δήμους
822 439 891 463 και
919 423 1047 471 λαους
1076 425 1116 463 in
1141 425 1301 464 Circum
1331 425 1524 464 adductos
1557 426 1697 464 conso-

252 481 418 519 diendos
430 480 622 519 militibus
640 480 806 519 tradidit
818 480 920 532 Imp.
939 480 1204 532 Theodosius,
1234 487 1274 519 et
1296 480 1526 519 ceciderunt
1542 479 1695 520 25000.

251 536 518 589 Theophanes
536 550 578 588 p.
597 534 712 589 62.]*
770 535 824 574 Et
854 549 948 574 sane
967 550 1058 574 cum
1085 536 1126 574 in
1156 537 1310 590 magnis
1337 535 1562 590 quibusque
1582 535 1699 574 urbi-⁴

249 590 326 630 bus
352 599 482 630 essent
515 591 647 640 Circi,
687 591 907 630 necessario
937 605 1097 645 quoque
1126 591 1328 631 Circenses
1363 591 1539 644 gregales
1565 597 1705 630 erant.-

250 647 313 685 De
339 647 468 686 turbis
496 654 536 686 et
555 645 712 699 flagitiis
742 645 1008 700 caedibusque
1023 677 1034 697 ,
1063 661 1235 699 quarum
1260 647 1303 686 hi
1321 646 1497 700 gregales
1515 653 1700 686 auctores

249 709 365 741 erant
382 732 392 752 ,
424 703 504 742 duo
532 703 703 755 insignes
729 701 807 740 loci
830 709 924 740 sunt
946 702 1054 755 apud
1082 703 1348 755 Procopium,
1382 716 1489 742 unus
1509 701 1702 746 Anecdo-

249 764 329 796 tor.
346 772 388 810 p.
410 759 478 797 51.
508 772 595 811 sqq.
613 757 721 796 unde
750 756 817 796 illa
840 763 1026 807 tantum,
1055 771 1158 811 quae
1176 759 1226 797 ad
1243 757 1427 796 habitum
1452 771 1591 796 earum
1607 770 1702 810 per-

250 814 405 863 tinent,
435 813 532 852 affe1
534 827 626 863 am
656 812 782 851 alter
772 827 813 851 m
831 811 969 852 lusto1
960 827 1019 851 iae
1034 813 1280 852 PersicaeL.
1303 814 1336 854 1.
1380 811 1493 852 Illius
1521 812 1704 879 superio-

254 869 310 907 ris
338 868 436 907 haec
469 883 564 934 elgo
589 875 684 907 sunt
718 867 936 922 particula:
976 872 1063 915 τοῖς
1101 865 1354 914 στασιώταις
1376 864 1430 907 τὰ
1461 867 1504 914 ἐς
1526 865 1603 920 τὴν
1630 880 1702 907 xo-

250 937 381 990 μνζν
368 922 410 970 ἐς
438 919 640 990 νεώτερόν
678 937 770 963 τινα
797 922 1091 991 μετεβέβλεητο
1109 919 1274 991 τρόπον.
1331 921 1594 976 α’πεκειρσνεο
1616 917 1701 987 γὰρ

253 975 381 1018 αυτοὶ
418 976 539 1018 οὐδὲν
561 975 734 1047 ὅμοίως
777 982 865 1026 τοῖς
903 971 1041 1025 αλλοις
1079 974 1328 1044 εΡωμαίοις.
1383 978 1460 1018 τοῦ
1502 977 1580 1028 μὲν
1617 989 1700 1031 γαρ

253 1030 468 1085 μύστακος
496 1033 570 1073 καί
593 1033 668 1072 τοῦ
693 1031 852 1099 γενείου
893 1028 1060 1098 ουὸαμῆ
1089 1029 1287 1086 ἥπτοντο,
1325 1031 1418 1074 ἄλλ’
1457 1032 1600 1080 αὐτοῖς
1626 1045 1704 1072 κα-

253 1090 454 1156 vaxopcffvu
468 1089 540 1129 ἐπὶ
565 1090 778 1140 πλεῖστον,
808 1083 945 1139 ω’σπερ
978 1086 1018 1128 οἱ
1016 1089 1236 1152 Πέρσαι,
1262 1087 1399 1129 εισαεί
1424 1081 1592 1153 ἤθελον.
1596 1099 1704 1151 ”tun

255 1143 303 1183 δὲ
331 1143 377 1184 ἐν
404 1144 454 1199 τῇ
482 1144 645 1210 κεφαλῇ
672 1141 718 1183 τὸ
749 1141 983 1196 ἔμπροσθεν
1010 1159 1111 1195 αχρι
1138 1143 1180 1191 ἐς
1207 1139 1305 1190 τούς
1327 1139 1569 1209 κροτάφους
1595 1155 1703 1182 απο-

254 1197 499 1264 τεμνόμενοι
524 1197 578 1240 τὰ
607 1195 779 1239 όπισθεν
799 1197 1126 1249 ἀποκρέμασθαί
1144 1213 1270 1267 σφισι
1288 1195 1395 1264 λόγῳ
1416 1197 1559 1238 ου’δενί
1585 1195 1702 1266 εἴων,

256 1249 396 1307 ω’σπερ
439 1251 479 1294 οἱ
508 1255 806 1306 Μασσαγέται.
863 1252 927 1293 διὸ
957 1251 1007 1306 δὴ
1036 1269 1106 1293 και
1141 1251 1345 1295 Ου’ννικὸν
1371 1253 1489 1294 τοῦτο
1516 1248 1563 1293 τό
1589 1247 1703 1300 εἶδος

259 1305 448 1353 ἔκαλουν.
504 1311 661 1350 Scilicet
695 1310 866 1349 Romani
908 1310 1115 1363 Byzantini
1133 1340 1144 1360 ,
1186 1324 1256 1349 seu
1296 1309 1438 1349 Graeci
1455 1338 1467 1359 ,
1508 1307 1708 1348 radebant

259 1364 429 1404 barbam
466 1372 505 1404 et
533 1366 755 1405 tondebant
794 1365 1008 1419 capillum,
1038 1373 1084 1404 ut
1107 1365 1215 1404 ultra
1239 1367 1411 1405 cervices
1442 1378 1526 1402 non
1554 1363 1707 1417 promi-

259 1428 373 1459 nelet
389 1451 400 1471 ,
436 1428 476 1459 et
505 1430 659 1474 partem
694 1421 870 1475 aliquam
901 1420 1042 1460 frontis
1070 1428 1220 1475 tegeret
1235 1450 1246 1471 ,
1279 1422 1386 1475 pexis
1412 1420 1599 1458 deorsum
1630 1433 1708 1458 na-

260 1490 350 1515 sum
385 1490 522 1516 versus
553 1478 754 1527 crinibus,
801 1491 882 1515 non
912 1483 1158 1527 retrorsum
1192 1483 1240 1515 ut
1266 1490 1340 1516 nos
1372 1476 1555 1516 facimus.
1613 1473 1706 1513 Au-

263 1531 348 1571 divi
369 1546 520 1570 morem
548 1532 662 1571 illum
690 1532 883 1571 tondendi
910 1533 1046 1571 Russis
1066 1532 1198 1571 adhuc
1227 1532 1269 1570 in
1297 1545 1375 1571 usu
1395 1544 1496 1570 esse.
1552 1530 1707 1583 Grega-

262 1586 319 1625 les
334 1601 430 1626 vero
450 1587 506 1626 illi
527 1595 644 1627 tonso
664 1588 844 1640 sincipite
862 1601 988 1641 usque
1009 1588 1061 1626 ad
1081 1588 1270 1627 verticem
1285 1617 1297 1640 ,
1330 1586 1526 1640 reliquam
1551 1598 1710 1624 comam

261 1642 463 1681 intonsam
497 1643 681 1682 sinebant
716 1650 824 1682 retro
862 1644 1060 1696 pendere,
1084 1650 1131 1682 ut
1159 1643 1255 1682 olim
1271 1672 1282 1691 ‚
1318 1649 1480 1681 auctore
1499 1641 1676 1679 Homero
1693 1668 1708 1690 ,

263 1697 445 1737 Abantes
463 1728 473 1748 .,
508 1700 752 1753 Massagetae
776 1706 954 1751 tempole
977 1699 1189 1764 Procopii,
1222 1699 1380 1738 Turcae
1406 1704 1446 1736 et
1475 1695 1614 1734 Tatari
1640 1708 1729 1742 nof

262 1759 361 1792 stro.
420 1754 637 1793 Continuat
662 1755 913 1821 Procopius:
972 1750 1124 1792 ἔπειτα
1152 1753 1198 1792 δὲ
1225 1749 1278 1792 τοὶ
1307 1751 1351 1799 ἐς
1377 1747 1430 1790 τὰ
1451 1745 1606 1815 ἱμάτια
1635 1747 1707 1788 ευ-

261 1803 410 1873 πάρυᾳ
408 1822 455 1847 οι
483 1807 626 1872 ἠξίουν
654 1805 835 1856 ἅπαντες
862 1801 992 1872 εἶναι,
1037 1804 1404 1872 κομπωδεστέραν,
1442 1798 1472 1858 ἢ
1498 1802 1600 1844 κατὰ
1629 1817 1710 1871 την

267 1857 445 1903 ἑκάστου
485 1859 634 1928 αξίαν,
687 1859 1027 1913 ἐνδιδυσκόμενοι
1064 1860 1138 1915 τὴν
1172 1862 1350 1927 ἐσθῆτα.
1406 1861 1588 1900 κτᾶσθαι
1625 1873 1708 1911 γαρ

265 1918 410 1965 αὐτοῖς
445 1935 496 1959 τα
536 1920 711 1959 τοιαῦτα
744 1919 790 1959 ἐκ
816 1919 899 1958 τῶν
937 1931 984 1957 ου
1030 1913 1318 1981 προσηκόντων
1355 1916 1504 1968 παρῆν.
1559 1914 1635 1955 τοῦ
1663 1913 1711 1954 δὲ

263 1975 441 2024 χιτῶνος
469 1971 516 2013 τὸ
547 1972 663 2029 αιιφί
686 1990 744 2014 τω
772 1978 890 2026 χεῖρε
913 1974 1042 2027 μεόος
1070 1973 1214 2019 ατίτοῑς
1242 1968 1295 2011 τὰ
1322 1972 1400 2022 μὲν
1425 1970 1469 2018 ἐς
1504 1967 1579 2010 τὸν
1607 1983 1712 2037 καρ-

266 2025 346 2067 πόν
378 2025 518 2085 ξυνῄει
558 2045 706 2094 σφισιν
733 2029 777 2070 ἐν
805 2027 934 2081 στενῶ
958 2011 1139 2078 μάλιστα
1168 2023 1243 2091 δὴ,
1290 2024 1342 2066 τὰ
1373 2025 1415 2065 δ’
1440 2024 1606 2067 ἐνθενδε
1635 2022 1713 2076 μέ-

267 2097 365 2149 χρις
394 2085 436 2131 ἐς
462 2098 576 2135 ωμον
604 2079 799 2137 εκάτερον
826 2084 869 2130 ἐς
887 2079 1054 2134 ἄφατόν
1079 2098 1119 2122 τι
1146 2096 1299 2136 ευρους
1320 2079 1534 2132 διεκὲχυτο
1546 2080 1712 2147 χρῆμα,

271 2134 415 2185 ὁσάκις
442 2154 483 2178 τε
513 2136 537 2191 ἦ
575 2139 669 2192 χείρ
692 2139 834 2184 αὐτοῖς
861 2139 1037 2188 σείοιτο,
1071 2136 1306 2205 ἀναβοῶσιν
1334 2136 1378 2176 ἐν
1403 2140 1490 2183 τοῖς
1516 2131 1714 2185 θεάτροις

268 2208 312 2233 τε
341 2192 413 2232 καί
441 2191 750 2248 ἱπποδρομίοις,
777 2188 819 2259 ἢ
841 2192 1216 2259 ἐγκελευομένοις,
1233 2185 1338 2258 ᾗπερ
1369 2187 1530 2242 εἰώθει,
1560 2190 1714 2258 ἐπῇρτο

271 2263 330 2295 εις
356 2244 468 2299 ὕψος
506 2250 724 2297 emitote--
745 2246 789 2289 αἱ
817 2248 1025 2299 ἑπωμίὸες
1067 2248 1113 2287 ὁὲ
1143 2245 1216 2286 καί
1248 2244 1493 2296 ἀναξυρίδες
1525 2259 1596 2286 και
1627 2244 1713 2285 τῶν

271 2299 551 2355 υποδηιιάτων
587 2302 637 2344 τοὶ
668 2307 838 2345 πλεῖστα
875 2304 918 2350 ἐς
943 2303 1025 2343 τῶν
1057 2296 1223 2343 Ούννων
1249 2298 1339 2343 τότε
1382 2298 1512 2352 ονομα
1538 2314 1608 2340 και
1643 2295 1714 2339 τὸν

271 2356 425 2408 τρόπον
458 2356 698 2413 απεκέκριτό
741 2373 901 2414 σφισιν.
957 2354 1290 2425 ἐσιδηροφόρουν
1330 2357 1402 2409 δὲ,
1434 2353 1601 2421 νύκτωρ
1634 2354 1717 2405 μὲν

273 2409 329 2452 τοὶ
354 2414 498 2463 πρῶτα
522 2430 567 2453 εκ
597 2417 674 2454 τοῦ
701 2415 920 2481 ἐμφανοῦς
937 2410 1105 2477 σχεδὸν
1114 2411 1291 2460 ἅπαντες
1310 2443 1321 2464 ,
1359 2413 1405 2454 ἐν
1425 2410 1473 2451 δέ
1499 2423 1546 2462 γε
1576 2408 1716 2473 ἡμέρᾳ

271 2467 437 2521 ξιφίδια
470 2483 563 2521 περι
593 2469 665 2510 τὸν
707 2471 843 2524 μῆρον
873 2467 1050 2519 δίστομα
1081 2463 1162 2506 υπὸ
1201 2468 1257 2522 τῷ
1285 2464 1438 2522 ἱματίω
1458 2460 1718 2530 ἅποκρυψοὶα

272 2536 422 2573 μενοι,
470 2522 764 2575 ξυνιστάμενοί
795 2539 839 2565 τε
875 2520 982 2563 κατὰ
1019 2508 1251 2573 ξυμμορίας
1279 2507 1590 2569 ἐλωποδύτουν,
1635 2525 1714 2558 etc.

272 2578 372 2618 Post
397 2578 635 2631 descriptum
668 2595 807 2620 eorum
834 2581 1020 2619 vestitum
1037 2608 1047 2627 ,
1087 2578 1233 2617 scelela
1250 2609 1261 2628 ,
1295 2579 1452 2631 lapinas
1467 2605 1479 2626 ‚
1514 2573 1720 2628 spoliatio·-

273 2645 346 2672 nes
380 2635 675 2673 occurrentium
690 2665 700 2684 ,
755 2636 992 2688 caedesque,
1039 2648 1202 2686 perseqi.
1195 2634 1289 2672 dtur
1318 2631 1560 2684 Procopius,
1612 2642 1717 2682 quae

272 2686 343 2727 hic
390 2689 530 2727 omitto
567 2690 773 2730 brevitatis
808 2691 956 2730 studio.
1012 2689 1091 2728 Sed
1126 2689 1297 2727 alterum
1334 2688 1467 2727 locum
1475 2683 1718 2750 praeterire

274 2756 358 2783 non
381 2758 557 2797 possum.
617 2745 750 2785 Habet
782 2754 916 2786 autem
947 2745 1002 2785 sic
1034 2759 1075 2798 p.
1095 2743 1163 2798 39.
1194 2743 1260 2782 ed.
1279 2743 1418 2797 Aug*
1447 2737 1487 2781 οἱ
1510 2739 1644 2792 δῆμοι
1670 2737 1722 2778 ἐν
