1884 3132
176 131 252 172 An
290 129 589 173 CONSTANT.
641 130 842 173 Pom‘n.
877 132 949 172 m:
993 130 1173 173 cEmM.
1214 132 1311 171 Lm.
1353 131 1387 170 1.
1425 110 1538 179 443

96 241 184 274 tore
203 235 357 274 Graeco
386 236 479 289 ipsis
507 236 611 275 mitti
639 234 754 274 solita
778 266 788 283 ,
834 235 1024 275 describit
1051 234 1114 274 his
1154 234 1288 274 verbis
1307 249 1320 274 ε
1362 230 1535 285 χλαμὺς

95 288 145 338 ἐξ
168 288 293 342 ἐρίων
320 291 573 343 πεποιημένη
603 290 797 344 (designat
824 290 1073 344 chlamydem
1105 285 1318 343 ἁλουργῆ,
1359 303 1405 328 ex
1434 290 1535 328 mari

95 357 164 383 seu
194 345 391 397 producto
419 345 594 398 quodam
622 348 776 384 marino
806 345 965 397 factam)
996 343 1047 384 ου’
1047 361 1077 396 χ
1105 339 1176 385 οἷα
1204 344 1287 384 τῶν
1315 341 1535 396 προβάτων

94 397 346 452 ἐκπέφυκεν,
376 396 481 439 cim&
510 400 556 440 ἐκ
583 396 800 453 θαλάσσης
836 400 1172 451 συνειλεγμένων,
1214 422 1234 429 -
1261 422 1282 430 -
1308 399 1457 467 χρυσῷ
1485 397 1534 438 δὲ

93 451 126 525 τὶ
150 454 223 506 τῆς
250 451 472 507 πορφύρας
510 450 808 507 κατηλήλειπτο
849 455 939 509 [vel
970 453 1242 508 κατείληπτο]
1271 467 1401 506 μοιρα
1420 483 1433 504 ,
1463 453 1534 506 ἐφ’

95 523 147 562 ης
182 505 332 548 εἴωθεν
374 507 399 562 ἦ
426 509 498 560 τῆς
526 507 769 560 ἁλουργίδος
806 507 962 562 ἐμβολὴ
991 509 1206 560 γίνεσθαιε
1234 509 1397 548 fibulam
1427 509 1532 548 desi-

97 570 193 618 gnat
219 565 262 602 in
282 564 538 617 sequentibus
566 571 605 603 et
636 579 752 603 acum
771 565 834 604 vel
861 579 879 604 s
910 567 1016 603 inam
1045 563 1216 603 fibulae:
1246 561 1399 617 περόνη
1424 577 1534 615 χρυ-

96 618 152 670 σῆ
179 618 231 672 τῇ
255 615 445 670 χλαμύδι
471 618 652 658 ἐπέκειτο
680 617 799 658 λίθον
813 618 881 660 ἐπι
907 620 1039 671 μέσης
1066 614 1412 672 περιφράττουσα
1437 632 1534 658 τινα

24 693 28 697 ·
95 669 284 723 ἔντιμον,
323 672 396 726 ἀφ’
425 665 477 712 οὗ
504 668 697 712 ὑάκινθοι
723 678 834 726 τρεῖς
856 679 1040 725 χρυσαῖς
1067 687 1111 713 τε
1137 674 1211 712 καί
1235 675 1448 725 χαλαραῖς
1477 671 1531 712 ἇ-

96 724 265 767 λύσεσιν
292 720 590 779 ἀπεκρέμαντο.
617 726 746 779 χιτών
772 728 818 768 ἑκ
834 728 1012 781 μετάξης
1031 727 1395 780 ἑγκαλλωπιομασι
1422 743 1531 780 χρυ-

93 786 184 828 σοῖς
209 778 470 833 πανταχόθεν
496 780 778 834 ὠραϊσμένος,
810 782 838 823 ἃ
866 781 917 836 δὴ
949 782 1186 833 νενομίκασι
1205 782 1425 834 πλουμμιά
1455 798 1530 822 κα-

93 837 193 880 λεῖν.
249 834 497 889 ὑποδήματα
521 837 649 889 μέχρι
689 838 732 884 ἐς
758 834 858 891 γόνυ
886 837 1110 890 χρώματος
1143 837 1359 891 φοινικοῦ,
1418 834 1447 877 ἃ
1477 834 1528 890 δη

91 889 272 942 βασιλέα
299 886 428 941 μόνον
462 890 683 942 Ῥωμαίων
712 907 755 932 τε
788 892 860 932 καί
900 895 1084 946 Περσῶν
1113 891 1365 932 ὑποδεῖσθαι
1392 892 1533 943 θέμις.

95 945 189 984 Non
228 946 357 1000 piguit
393 946 525 986 locum
564 949 763 1001 integrum
803 949 1026 988 describere
1044 979 1056 1001 ‚
1096 950 1301 1003 perspicue
1337 947 1534 1003 pleneque

95 1001 199 1054 regis
228 1008 393 1041 ornatus
420 1010 712 1055 exsequentem.

179 1055 274 1107 246.
295 1056 350 1095 A.
378 1070 440 1096 11.
464 1056 578 1112 [424,
607 1057 665 1112 1.]
697 1057 755 1112 τῷ
782 1054 957 1108 νεύματι
986 1056 1242 1110 α’παρτιζειν.
1272 1059 1459 1113 Agnosco
1492 1067 1533 1099 et

92 1109 160 1150 hic
188 1111 538 1164 Latinismum‚ut
555 1113 596 1151 in
623 1113 692 1152 illo
719 1114 921 1166 superiore
947 1109 1026 1161 ἔξω
1043 1110 1146 1164 βάλε
1177 1114 1227 1169 τῇ
1254 1113 1384 1153 πόλει.
1427 1115 1534 1154 Nam

93 1165 288 1205 debuerat
322 1168 484 1220 proprie
527 1168 578 1207 ad
620 1168 778 1222 linguae
815 1170 991 1208 Graecae
1030 1169 1204 1208 indolem
1231 1170 1309 1208 dici
1336 1169 1410 1209 τοῦ
1439 1169 1534 1209 νεύ-

91 1233 224 1270 ματος
251 1219 536 1274 ἀπηρτῆσθαι.
590 1223 669 1262 Sed
694 1223 832 1262 extulit
860 1226 902 1263 in
930 1224 1133 1273 ablativo,
1163 1231 1207 1263 ut
1229 1225 1419 1263 Latinum
1438 1235 1533 1264 nutu

91 1275 312 1330 dependere
347 1279 597 1330 exprimeret.
653 1279 866 1318 Praeterea
903 1294 1054 1319 novum
1092 1287 1150 1318 est
1178 1286 1218 1318 et
1252 1279 1455 1319 soloecum
1483 1275 1533 1318 οἷ-

94 1329 308 1382 παρτίζειν
332 1346 406 1384 pro
437 1329 724 1384 ἅπαρτᾶσθαι.
752 1334 844 1372 Non
874 1336 981 1373 enim
1008 1334 1126 1373 video
1145 1365 1156 1385 ,
1186 1349 1289 1388 quae
1307 1334 1385 1374 alia
1410 1336 1532 1388 signi-

97 1383 230 1424 ficatio
255 1385 336 1423 huc
363 1387 532 1439 quadret
554 1417 564 1434 ,
603 1402 725 1440 quam
750 1389 981 1442 dependere.
1036 1390 1144 1428 Puto
1182 1391 1302 1442 igitur
1330 1390 1402 1428 has
1430 1389 1530 1428 allo-

96 1440 277 1479 cutiones
318 1441 609 1493 Imperatorum
650 1451 720 1481 aut
759 1451 931 1497 utroque
967 1458 1150 1483 sermone
1187 1444 1306 1483 simul
1345 1446 1531 1483 recitatas

93 1493 216 1533 fuisse
234 1525 247 1546 ‚
291 1502 360 1533 aut
388 1496 532 1534 Latino
562 1495 647 1535 solo
687 1497 850 1550 quidem
886 1499 1068 1538 recitatas
1085 1530 1098 1548 ‚
1141 1513 1165 1537 a
1191 1499 1313 1537 Petro
1338 1501 1531 1551 Magistro

93 1556 228 1588 autem
254 1548 438 1603 deinceps
466 1552 620 1590 Graece
646 1552 820 1591 redditas
847 1553 980 1592 fiiisse.
1038 1554 1157 1592 Prius
1198 1560 1332 1592 tamen
1372 1554 1531 1593 videtur

93 1604 240 1656 potius.
295 1604 393 1644 Nam
422 1613 461 1644 et
487 1614 650 1659 propter
676 1608 910 1660 dignitatem
938 1609 1094 1660 imperii
1142 1615 1181 1647 et
1217 1615 1380 1661 propter
1420 1608 1530 1648 mili-

92 1665 153 1697 tes
167 1687 179 1709 ,
205 1673 377 1713 quorum
403 1661 520 1700 multi
550 1676 595 1700 ex
628 1662 743 1700 ltalia
760 1670 800 1701 et
818 1662 1020 1701 Dalmatia
1041 1664 1182 1701 Latine
1210 1662 1409 1702 callebant
1424 1693 1437 1713 ,
1458 1677 1532 1702 ne-

94 1728 201 1753 cesse
227 1722 336 1761 erat,
366 1723 412 1754 ut
440 1717 581 1755 Latine
608 1731 711 1770 quae
739 1717 1029 1771 promulganda
1056 1725 1185 1756 essent
1227 1718 1532 1772 promulgaren-

92 1775 162 1807 tur
180 1798 192 1819 ‚
222 1770 373 1809 Graece
401 1778 535 1810 autem
563 1780 725 1825 propter
752 1773 923 1825 plebem.
978 1774 1116 1823 Quum
1141 1774 1224 1811 Leo
1252 1775 1388 1812 Minor
1415 1774 1533 1812 inau-

96 1831 307 1876 guraretur
341 1827 483 1877 viginti
522 1827 645 1866 ferme
682 1830 798 1867 annis
840 1841 932 1866 ante
971 1828 1227 1866 Anastasium
1243 1857 1255 1876 ,
1296 1825 1470 1879 ἔκραζον
1508 1825 1534 1866 ὅ

93 1877 172 1926 μὲν
199 1877 330 1929 δῆμος
360 1877 591 1933 Ἑλληνιστί
630 1906 650 1912 -
677 1906 697 1912 -
727 1879 765 1921 οἱ
803 1882 849 1921 δὲ
877 1884 1124 1934 στρατιῶται
1157 1880 1413 1931 εΡοολιιαϊσίιί,
1479 1890 1527 1922 ut

95 1932 199 1970 infra
230 1933 396 1986 legimus
422 1950 462 1987 p.
482 1936 573 1976 250.
593 1937 638 1976 B.
661 1937 703 1976 8.
757 1939 881 1991 Leges
908 1945 1078 1991 utroque
1106 1951 1290 1976 sermone
1313 1937 1438 1976 editas
1466 1937 1531 1976 fu-

94 1988 173 2026 isse
194 1987 270 2026 sub
291 1989 524 2040 Iustinian0‚
551 1993 696 2044 probat
724 1993 792 2031 Du
809 1994 942 2046 Cange
967 1993 1133 2045 praefat.
1164 1993 1214 2031 ad
1233 1992 1363 2032 Gloss.
1384 1993 1528 2032 Graec.

93 2056 135 2095 p.
159 2042 254 2084 Xll.
274 2072 287 2092 ‚
330 2046 443 2083 cuius
471 2056 703 2099 argumenta
733 2062 815 2086 non
845 2049 1074 2087 exscribam.
1131 2048 1263 2086 Habet
1302 2048 1420 2085 etiam
1450 2047 1529 2086 hoc

96 2096 147 2135 de
171 2106 405 2150 argumento
433 2102 626 2140 nonnulla
654 2102 901 2142 Alemannus
916 2103 967 2141 ad
987 2103 1228 2156 Procopium
1248 2117 1288 2154 p.
1312 2101 1377 2155 76.
1406 2102 1530 2155 Apud

95 2153 267 2191 eundem
294 2153 535 2207 Procopium
560 2156 671 2196 locus
699 2166 781 2206 est,
815 2172 895 2211 quo
924 2158 1114 2197 docemur
1144 2159 1427 2210 Imperatorem
1459 2157 1530 2196 de-

94 2205 228 2246 buisse
268 2207 336 2246 illa
363 2216 491 2248 aetate
528 2211 665 2251 edictis
703 2213 861 2265 publice
889 2213 1155 2266 proponendis
1184 2213 1325 2251 Latine
1352 2212 1529 2250 subscri-

91 2260 200 2301 bere.
229 2263 360 2313 Quem
377 2263 510 2303 locum
537 2268 632 2319 quia
665 2269 858 2320 interpres
883 2270 1040 2307 sinistre
1064 2268 1239 2320 accepit,
1269 2281 1413 2319 operae
1431 2281 1526 2320 pre-

93 2317 196 2356 tium
242 2325 301 2356 est
341 2333 432 2357 eum
474 2321 728 2360 emendatum
770 2323 834 2361 hic
873 2337 1094 2375 proponere
1123 2330 1162 2361 et
1189 2321 1397 2374 explicare.
1456 2322 1530 2362 Ait

98 2371 155 2410 ihi
173 2373 411 2425 Procopius,
444 2375 643 2414 lustinum
665 2377 764 2416 adeo
793 2379 1020 2430 imperitum
1050 2378 1169 2416 fuisse
1206 2376 1450 2422 litterarum,
1481 2385 1529 2417 ut

96 2439 148 2465 ne
165 2427 333 2466 verbum
358 2430 438 2481 legi
454 2430 615 2482 quidem
635 2431 782 2470 tabulis
803 2432 1132 2471 subscribendum
1147 2446 1307 2471 exarare
1333 2434 1525 2484 potuerit,

98 2487 139 2519 et
164 2491 366 2533 praeterea
395 2486 528 2523 omnia
555 2487 776 2538 peragenda
803 2489 1003 2539 quaestori
1021 2501 1092 2525 suo
1112 2488 1345 2538 permisisse,
1368 2488 1438 2539 qui
1453 2501 1528 2553 pro

94 2534 224 2575 lubitu
262 2552 391 2576 sacras
418 2540 626 2578 dictaverit
654 2556 665 2579 :
716 2536 828 2587 ὅπως
862 2540 907 2580 δὲ
934 2540 1170 2594 μαρτυρίαν
1206 2540 1279 2593 τῆς
1315 2541 1521 2591 βασιλεως

94 2587 238 2640 χειρὸς
263 2587 398 2642 ἔχοιεν
426 2588 488 2641 οἷς
520 2594 723 2634 ἐπίκειται
756 2591 800 2633 τό
832 2592 952 2647 ἔργον
981 2597 1116 2647 τοῦτο,
1136 2597 1200 2647 (ita
1216 2595 1426 2648 legendum
1454 2596 1525 2636 de-

98 2642 185 2683 letis
213 2649 434 2698 asteriscis‚)
465 2647 665 2701 ἐπενοήθη
706 2645 800 2688 τάδε
820 2681 830 2697 ,
863 2660 903 2689 ut
936 2660 1067 2690 tamen
1107 2652 1361 2690 testimom‘um
1389 2653 1525 2704 regiae

95 2712 230 2738 manus
260 2703 352 2753 (qua
379 2704 678 2756 significaretur,
713 2719 758 2744 ea
789 2706 1022 2758 Imperatori
1054 2713 1263 2760 conspecta
1292 2714 1331 2745 et
1358 2707 1523 2760 probata
