1884 3132
210 174 284 216 AD
327 171 626 217 CONSTANT.
661 171 859 214 PORPH.
901 171 974 212 DE
1012 169 1195 212 CERm.
1232 170 1394 212 L1B01.
1447 172 1509 207 21
1530 173 1550 207 1

231 274 286 314 A.
314 288 376 315 πο.
400 274 514 329 [111,
535 271 598 326 4.]
629 269 857 326 ὀσφράὸια.
914 273 1003 311 Mos
1042 271 1108 311 hic
1141 271 1378 325 Imperatori
1406 274 1450 312 in
1478 271 1563 313 die·

118 330 198 371 bus
236 329 345 369 festis
372 329 602 382 procedenti
633 326 840 366 fasciculos
873 325 1019 367 florum
1047 326 1241 365 offerendi
1268 341 1293 367 a
1322 329 1484 368 Graecis
1510 329 1564 368 ad

123 386 301 425 Venetos
353 385 533 423 manavit
546 412 559 432 ‚
605 383 849 422 Graecorum
886 381 986 420 olim
1038 379 1210 421 vasallos
1247 389 1287 421 et
1324 385 1451 422 socios
1469 412 1483 435 ‚
1524 391 1566 423 et

123 440 229 493 apud
259 453 326 479 eos
353 438 485 478 adhuc
516 437 684 477 obtinet.
744 437 821 475 Die
839 450 982 490 nempe
1003 435 1260 475 Ascensionis
1278 437 1454 488 Christi,
1482 451 1565 492 quo

122 494 374 534 Venetorum
410 494 490 532 dux
507 522 520 544 ,
566 499 612 531 ut
648 499 789 531 notum
825 498 885 530 est
899 521 911 542 ‚
957 491 1079 530 maris
1118 490 1315 530 Adriatici
1355 493 1568 546 imperium

121 549 366 604 reipublicae
387 562 482 588 suae
507 547 719 601 desponsat
732 577 744 597 ‚
777 546 1013 585 Patriarcha
1041 545 1258 585 Gradensis
1284 547 1389 586 Duci
1417 549 1460 587 in
1487 562 1568 588 ma-

123 617 172 644 re
197 611 335 645 evecto
373 601 583 642 fasciculos
622 601 766 641 florum
785 631 796 651 ‚
846 601 915 640 sed
954 608 1039 640 arte
1075 600 1303 651 factorum,
1349 617 1433 642 non
1460 610 1569 642 terra

123 666 339 710 natm-um,
378 663 618 712 praesentat.
677 655 895 710 Keyslerus
922 656 964 695 in
994 656 1203 695 Itinerario
1233 670 1325 709 pag.
1358 656 1484 711 1098.
1511 658 1568 697 sic

124 721 289 754 narrat:
327 712 578 765 [Inter-weges
604 711 749 751 kommt
773 711 847 750 der
872 712 1086 751 Patriarclz
1098 740 1111 760 ,
1142 710 1318 750 welcher
1341 726 1398 751 an
1421 712 1570 752 diesem

264 784 293 809 n
316 769 417 808 nach
442 769 567 807 einem
593 767 700 806 alten
727 767 955 816 Gelu-auch,
999 766 1074 805 der
1101 765 1168 806 die
1201 767 1368 821 ndi-wige
1398 767 1568 807 Lebens-

125 833 194 863 αττ
218 824 293 863 der
321 823 555 862 Geistlicloen
581 837 662 861 von
687 836 960 875 ver-gangenen
987 822 1128 860 Zeicen
1155 821 1254 860 noch
1280 822 1323 860 in
1351 821 1571 862 Andenken

127 879 256 918 erliilt
274 908 287 928 ‚
327 879 370 918 ἰη
406 878 495 916 dem
531 877 690 917 Kloster
721 877 795 916 der
824 873 1215 916 Olivetanermc⁴5nc1oe
1252 876 1335 928 azff
1362 877 1438 916 der
1462 876 1574 916 Insel

123 933 174 973 S.
202 933 360 973 Helena
387 934 459 971 mit
487 932 695 971 Castanien
722 931 806 971 wad
836 931 1007 970 lVasser
1031 931 1205 970 tractiret
1231 930 1421 982 worden,
1464 932 1574 972 nebst

122 989 252 1028 tinem
274 988 408 1027 Theile
434 988 509 1026 der
525 987 698 1039 Clerisqy
725 988 808 1040 azff
821 987 895 1026 das
913 986 1199 1027 Bzoeentamwn
1219 1014 1231 1035 ‚
1266 986 1351 1025 und
1376 987 1575 1028 bescloenkt

126 1043 206 1091 den
233 1043 347 1096 Doge
373 1043 480 1082 nebst
504 1043 577 1082 det·
598 1042 788 1096 Signoria
813 1043 886 1081 mit
910 1041 1100 1081 kiimtlzklz
1126 1042 1376 1094 versertigten
1402 1043 1574 1082 Blumen

128 1097 232 1138 oder
259 1098 457 1153 Bouquets
469 1127 481 1146 ,
525 1097 675 1137 welche
708 1097 814 1136 diese
845 1098 1016 1136 hernach
1046 1096 1119 1149 bey
1163 1097 1271 1135 itu-er
1298 1097 1339 1135 Z
1341 1098 1578 1151 uriickkunst

124 1167 185 1193 an
206 1162 295 1206 gnte
317 1153 499 1192 Freunde
522 1153 712 1192 sclaicken.
768 1153 892 1192 Forte
934 1151 1029 1192 inde
1071 1164 1233 1205 quoque
1270 1153 1450 1191 manavit
1486 1167 1574 1192 mos

130 1208 235 1247 sedis
261 1208 465 1247 Romanae
491 1221 625 1247 rosam
650 1220 811 1246 auream
839 1209 882 1246 in
909 1208 1124 1246 Dominica
1149 1207 1318 1246 Laetare
1345 1221 1574 1247 consecran-

131 1261 200 1314 di,
228 1277 349 1316 quam
376 1263 489 1316 Papa
516 1263 594 1302 fert
609 1292 621 1312 ‚
650 1269 690 1302 et
707 1261 911 1302 cardinali
939 1262 989 1301 de
1016 1262 1208 1302 comitatu
1235 1261 1398 1301 cuidam
1424 1263 1575 1316 Regive

130 1324 206 1356 aut
231 1317 411 1371 Principi
439 1316 544 1356 dono
572 1319 721 1367 mittit,
758 1318 808 1357 de
838 1331 918 1370 qua
940 1316 1025 1356 vid.
1057 1318 1126 1356 Du
1154 1316 1288 1369 Cange
1317 1315 1448 1357 Gloss.
1480 1319 1574 1357 Lat.

132 1386 177 1412 v.
205 1373 324 1412 Rosa.
380 1372 558 1412 Libellus
594 1373 786 1412 Fasconis
814 1373 979 1412 Comitis
1011 1371 1311 1424 Andegavensis
1337 1373 1444 1425 apud
1474 1372 1577 1413 Hol-

131 1427 305 1466 stenium
332 1426 498 1466 Collect-
528 1427 677 1466 Rom.:
712 1425 792 1466 Ubi
814 1427 1075 1483 milziflorem
1103 1440 1290 1473 aureum,
1317 1442 1431 1481 quem
1458 1441 1578 1466 manu

132 1482 315 1534 gerebat,
353 1497 466 1537 quem
495 1495 565 1534 ego
601 1483 649 1520 ob
677 1483 906 1520 memoriam
934 1490 974 1520 et
1003 1494 1177 1520 amorem
1204 1480 1311 1519 illius
1336 1482 1380 1519 in
1411 1480 1578 1520 Osanna

135 1535 237 1591 [seu
262 1537 474 1575 Dominica
498 1535 758 1590 Palmarum]
802 1551 955 1590 semper·
977 1537 1077 1575 mihi
1110 1534 1278 1589 meisque
1302 1536 1578 1574 successoribus

132 1591 391 1642 deferendzmz
430 1592 620 1630 constitui.
678 1591 786 1630 Vide
813 1591 917 1629 infra
944 1591 1076 1629 Nostri
1101 1603 1144 1642 p.
1176 1601 1266 1626 100·
1299 1589 1348 1628 C.
1374 1589 1476 1640 ult.‚
1506 1590 1579 1629 ubi

135 1645 360 1698 Imperator
387 1645 553 1684 sabbato
583 1646 626 1684 S.
657 1646 825 1694 Lazari,
862 1660 931 1685 seu
952 1646 1022 1698 qui
1049 1645 1196 1683 festum
1213 1642 1448 1682 Palmarum
1470 1659 1580 1698 prae-

137 1700 273 1752 cedit,
313 1701 460 1740 dicitur
484 1702 588 1740 inter
615 1715 798 1754 proceres
825 1700 1000 1754 singulos
1029 1695 1109 1738 α’νὰ
1138 1692 1231 1742 ἒνὸς
1256 1698 1379 1748 βαΐου
1407 1695 1579 1750 ἔχοντος

138 1751 446 1809 φοινικόφυλλα
484 1752 558 1794 καί
592 1754 803 1807 σάμψυχα
841 1755 915 1794 καί
950 1754 1067 1807 ἕτερα
1105 1747 1244 1802 ειῖώδη
1292 1745 1416 1804 ἄνθη,
1455 1746 1524 1792 οἷα
1553 1750 1580 1791 ὅ

138 1806 231 1849 τότε
269 1808 446 1863 παρέχει
481 1806 649 1863 καιρός,
690 1811 860 1863 singzdos
884 1809 1106 1862 fasciculos
1133 1820 1155 1844 e
1179 1808 1300 1845 ramis
1321 1809 1577 1862 palmarum,

139 1872 179 1903 et
203 1865 323 1903 herba
346 1867 559 1905 maiorana
579 1874 618 1905 et
635 1866 731 1905 aliis
757 1864 1086 1912 suaveolentibus,
1118 1861 1256 1916 qualia
1282 1870 1428 1917 teinpus
1436 1864 1580 1914 saut,

136 1918 384 1958 distribuere.

253 1973 300 2012 C.
323 1989 365 2028 9.
397 1973 508 2029 [112‚
534 1973 589 2029 1.]
620 1971 715 2029 ὄδιῇ.
772 1975 831 2013 Μ.
865 1972 988 2028 οὔὸᾢ.

252 2028 305 2066 D.
331 2029 556 2084 pen.[112‚
596 2028 678 2084 14]
709 2026 912 2076 ἐλθόντες.
942 2029 1036 2068 Non
1065 2026 1265 2081 improbo.
1322 2024 1486 2065 Poterat
1520 2034 1584 2065 ta-

143 2096 237 2123 men
274 2083 396 2123 etiam
437 2082 640 2125 ἐλθόντων
677 2084 792 2125 effici.
853 2083 902 2123 Iu
939 2084 1075 2123 codice
1114 2095 1257 2135 nempe
1299 2081 1492 2134 scriptum
1523 2088 1583 2122 eet

243 2148 265 2171 τ

143 2182 282 2224 ἐλθυν.

256 2239 326 2293 67.
344 2237 390 2277 B.
405 2237 503 2293 8.[1
517 2240 580 2291 13,
598 2238 661 2294 5.]
691 2239 894 2280 ἵστανται.
923 2240 982 2278 Μ.
1014 2238 1199 2278 ἵσταται.
1584 2289 1586 2292 y
1603 2246 1771 2294 Ed,1‚,.07

255 2294 303 2332 B.
334 2308 377 2348 9.
435 2293 602 2347 113,6.]
631 2290 778 2346 πύλης,
812 2294 857 2333 ἐν
880 2286 928 2350 ᾧ.
994 2296 1056 2333 Ita
1088 2305 1247 2346 quoque
1283 2291 1344 2329 M.
1382 2295 1425 2329 et
1462 2294 1593 2344 potest
1659 2327 1664 2337 ,

146 2347 350 2401 explicari.
381 2346 394 2361 ‘
426 2363 448 2386 ν
469 2340 625 2403 &notat
650 2350 719 2388 abi
738 2351 930 2403 temporis
952 2349 1016 2388 vel
1045 2348 1139 2387 loci.
1158 2345 1428 2386 Nihilominus
1453 2352 1588 2385 tamen

147 2403 268 2443 credo
285 2402 362 2442 τοῦ
380 2402 586 2454 τρικλίνου
613 2405 813 2443 excidisse.

260 2458 309 2496 Β.
328 2471 390 2499 11.
413 2457 531 2511 [113‚
555 2457 620 2512 8.]
658 2458 922 2511 κατέρχεται.
961 2459 1059 2497 Post
1085 2457 1162 2496 hoc
1186 2455 1356 2495 verbum
1379 2454 1590 2494 inserenda

150 2511 250 2551 haec
276 2526 299 2550 e
325 2512 591 2551 membranis:
615 2509 638 2550 ὅ
659 2499 917 2565 πατριᾶρχης
937 2509 1039 2564 πρὸς
1068 2509 1115 2550 τὸ
1142 2509 1354 2550 ἐκτελέσαι
1373 2505 1447 2562 τήν
1466 2509 1593 2548 θείαν

151 2565 420 2618 λειτουργίαν.
443 2565 499 2606 ‘0
520 2566 566 2606 δὲ
590 2564 785 2618 βασιλεῦς
814 2565 1042 2619 ἀπέρχεται
1065 2561 1136 2605 δίἁ
1155 2566 1230 2604 τοῦ
1252 2564 1475 2618 τρικλίνου,
1489 2564 1534 2603 ἐν
1556 2554 1591 2619 ᾤ’

153 2617 332 2674 α’ριστᾷ,
362 2619 436 2660 καὶ
452 2620 700 2674 εἰσέρχεται.

263 2674 334 2714 68.
363 2675 416 2715 Α.
448 2675 488 2716 5.
503 2675 544 2730 [ι
559 2675 618 2727 14,
643 2674 724 2730 11.]
746 2673 907 2714 ’qunffi
939 2675 1090 2714 Notum
1113 2682 1171 2714 est
1197 2689 1243 2714 ex
1260 2674 1427 2714 historia
1445 2675 1596 2727 Byzan-

158 2727 242 2768 tina
256 2758 267 2778 ,
300 2729 487 2770 Basilium
522 2731 782 2770 Macedonem
800 2761 810 2780 ‚
842 2730 1092 2770 Constantini
1115 2730 1239 2769 nostri
1269 2742 1591 2781 avum,manmo
