1826 3126
224 201 299 243 An
341 195 638 242 consi-mr.
673 195 870 238 ronpn.
912 197 985 236 DE
1023 194 1205 236 cmm.
1243 195 1345 236 un.
1371 196 1405 235 1.
1461 174 1530 230 61

105 304 248 343 secutis
274 299 522 354 temporibus
559 297 817 337 referendarii
850 298 947 349 regii
975 296 1163 347 desiisse,
1199 303 1240 335 et
1265 297 1444 349 ipsorum
1471 312 1538 337 re-

103 357 255 398 ferendi
282 370 429 396 munus
458 355 509 393 ad
541 352 782 407 Logothetas
808 351 940 390 dromi
969 359 1008 390 et
1035 352 1087 390 ad
1123 351 1342 404 praefectos
1369 352 1538 391 Caniclii

100 409 318 452 transiisse.
375 409 470 448 Vid.
513 408 682 446 Cedren.
723 421 766 460 p.
800 406 893 457 545.
934 406 980 444 Β.
1015 407 1056 445 5.
1086 407 1139 444 D.
1170 407 1208 445 5.
1266 406 1540 459 Reprehendit

102 468 159 507 ibi
188 467 265 506 loci
293 467 449 504 Goarus
478 462 676 516 Xylandri
714 463 1079 514 interpretationem
1096 489 1107 509 ,
1149 475 1230 499 non
1257 462 1419 514 quidem
1445 463 1539 501 abs-

103 536 183 576 que
207 522 318 561 omni
344 522 432 558 iure
468 520 587 569 (nam
614 517 906 556 referendarius
946 523 1015 554 aut
1045 516 1245 555 Caniclius
1272 531 1353 555 non
1380 524 1539 557 tantum

103 585 192 616 acta
217 578 260 615 in
288 581 453 623 senatu,
481 572 552 611 sed
580 574 699 611 etiam
727 571 777 610 de
805 571 936 610 dubiis
952 599 963 618 ,
993 570 1183 623 agendis,
1222 571 1429 624 postulatis
1458 579 1535 611 ele.

102 631 319 680 referebat)
360 630 446 682 ipse
473 634 605 666 tamen
627 628 996 679 interpretationem
1023 625 1152 664 multo
1179 627 1414 679 nequiorem
1442 627 1539 667 sub-

103 687 264 735 stituit,
306 697 403 738 prae
441 697 520 735 qua
546 682 653 720 bona
682 689 720 720 et
747 680 874 734 proba
906 679 1190 733 Xylandreana
1218 680 1429 720 habeatur.
1482 680 1543 722 ‘H

100 740 186 780 τῶν
211 738 438 792 ἄναφορῶν
469 735 667 789 διοίκησις
694 743 754 776 est
778 738 900 784 actio,
916 736 1078 787 sunctzb
1091 763 1104 784 ,
1138 736 1338 788 mfioendi
1350 765 1362 785 ,
1391 737 1442 775 de
1468 751 1541 776 re-

28 823 32 826 ·
101 794 177 835 bus
214 794 265 834 ad
306 795 588 846 Imperatorem
625 805 782 845 nempe.
842 792 933 830 Non
969 790 1213 844 recogitabat
1249 792 1303 830 V.
1336 791 1389 829 D.
1419 805 1539 832 usum

100 850 216 890 verbi
245 843 473 902 ἀναφέρειν
500 847 677 887 noticiam
704 848 868 887 alicuius
897 846 958 885 rei
971 847 1095 884 alicui
1116 846 1239 895 dare,
1282 855 1322 885 ec
1347 847 1427 884 eius
1450 861 1538 885 sen-

100 906 260 945 tentiam
293 903 392 959 quid
417 901 607 956 agendum
640 902 691 941 sie
720 902 947 957 explorat-e.
1005 901 1120 951 Quae
1146 903 1257 941 notio
1283 903 1461 940 manavit
1491 915 1538 943 ex

101 967 239 999 vetere
258 957 431 998 formula
449 957 582 997 tetulit
603 957 747 996 Consul
771 956 856 996 scil.
888 956 938 996 ad
956 956 1097 996 Patres
1117 956 1374 1010 Conscriptos
1388 985 1400 1005 ,
1435 970 1538 1010 quos

101 1016 337 1054 sententiam
357 1013 527 1066 rogavit.
584 1012 679 1051 Vid.
706 1013 850 1065 Script.
876 1013 980 1051 Hist.
1010 1011 1181 1066 August.
1201 1012 1252 1051 T.
1276 1012 1330 1050 11.
1353 1026 1445 1065 pag.
1464 1010 1533 1063 42.

101 1071 197 1109 fine.
252 1068 393 1108 Valcs.
423 1067 476 1106 ad
509 1067 712 1106 Ammian.
753 1066 933 1106 Marcell.
968 1080 1010 1120 p.
1034 1068 1100 1121 59.
1133 1066 1177 1106 h.
1227 1060 1458 1119 Ἀναφορὰ
1479 1067 1537 1108 sic

101 1125 250 1164 dicitur
274 1125 466 1177 scriptum
480 1153 491 1173 ‚
521 1137 601 1177 quo
625 1124 682 1161 rei
701 1121 868 1162 alicuius
895 1129 1020 1161 status
1051 1122 1287 1175 Imperatori
1309 1122 1535 1176 exponitur,

100 1187 147 1219 ut
175 1178 282 1232 apud
307 1176 547 1231 Theophan.
581 1191 623 1231 p.
647 1176 713 1231 78.
743 1178 790 1216 C.
819 1193 852 1216 1.
885 1185 924 1216 et
945 1179 1029 1230 ipsa
1051 1178 1309 1230 Imperatoris
1337 1177 1388 1215 ad
1413 1190 1536 1230 popu-

100 1233 187 1273 lum
215 1235 343 1272 oratio
361 1264 374 1284 ,
401 1234 577 1272 narratio
594 1263 607 1282 ,
635 1231 866 1272 mandatum
884 1263 896 1284 ,
927 1232 1160 1285 significatio
1187 1232 1238 1272 de
1252 1231 1420 1272 notabili
1442 1246 1536 1284 qua-

99 1289 194 1328 dam
214 1291 257 1328 in
274 1289 392 1328 rebus
413 1290 525 1342 regni
541 1288 646 1327 facta
662 1290 882 1327 mutatione
901 1287 1047 1326 dicitur
1075 1284 1285 1340 ἀναφορά.
1345 1287 1441 1325 vid.
1465 1287 1536 1328 Co-

100 1344 216 1384 dren.
250 1359 293 1397 p.
317 1343 411 1397 750.
446 1343 498 1381 D.
522 1343 562 1382 3.
591 1357 679 1396 sqq.
711 1342 804 1398 754.
839 1343 890 1382 A.
911 1342 951 1394 4.
983 1350 1022 1382 et
1040 1341 1173 1382 locum
1195 1341 1336 1397 cyrilli
1365 1342 1537 1396 Scytho-

100 1399 268 1452 politani
289 1398 397 1452 apud
418 1398 687 1437 Alemannum
715 1398 766 1436 ad
794 1397 1036 1451 Procopium
1053 1412 1094 1451 p.
1132 1411 1222 1436 101.
1245 1397 1303 1447 5.‚
1333 1397 1404 1436 ubi
1434 1391 1538 1440 ἅνα-

102 1450 214 1507 φορὰ
245 1461 304 1494 est
332 1467 414 1492 non
436 1460 591 1492 tantum
623 1455 761 1492 relatio
779 1483 791 1504 ,
831 1453 901 1493 sed
934 1455 1055 1492 ctiam
1082 1454 1349 1493 mmonsv-attb
1379 1459 1418 1491 et
1443 1466 1537 1506 sup-

96 1509 263 1562 plicatio
278 1538 290 1558 ,
322 1515 368 1546 ut
391 1507 447 1546 ibi
472 1508 523 1546 ad
551 1522 711 1547 sensum
734 1508 837 1547 bene
856 1510 1041 1547 vertitur.

212 1562 265 1600 A.
287 1577 328 1616 9.
360 1561 424 1616 [9,
441 1561 506 1616 4.]
535 1560 755 1611 μανδάτον.
805 1563 1042 1601 Mandatum
1065 1569 1124 1601 est
1145 1564 1275 1601 omnis
1304 1562 1538 1614 significatio

101 1618 161 1656 rei
179 1619 451 1669 cuiuscunque
468 1645 479 1666 ,
510 1619 594 1655 sive
626 1631 718 1655 cum
743 1619 910 1670 imperio
932 1618 1000 1655 fiat
1017 1646 1030 1667 ,
1064 1624 1110 1655 ut
1134 1617 1233 1670 quid
1258 1624 1425 1670 agatur,
1466 1624 1539 1660 aut

98 1672 152 1710 ad
179 1671 303 1710 alium
336 1672 531 1710 referatur
546 1700 558 1721 ,
603 1679 673 1710 aut
705 1672 893 1711 historica
921 1671 1085 1724 simplex
1111 1673 1287 1710 narratio
1302 1701 1314 1721 ,
1357 1673 1533 1715 mma-ius.

98 1727 162 1766 Eo
183 1741 301 1766 sensu
323 1725 431 1780 apud
451 1724 690 1779 Theophan.
724 1727 821 1781 576.
846 1728 900 1765 D.
930 1741 990 1765 10.
1013 1727 1182 1766 obtinet.
1238 1726 1334 1764 Vid.
1355 1727 1423 1764 Du
1437 1727 1537 1770 Can-
1598 1720 1603 1725 ’

99 1795 150 1834 ge
183 1780 313 1820 Gloss.
357 1789 544 1833 utroque.
602 1782 739 1821 Potest
765 1782 829 1821 hic
859 1796 995 1820 sensus
1035 1788 1075 1820 et
1110 1780 1178 1820 hic
1212 1779 1291 1820 loci
1329 1781 1536 1833 obtinere,

98 1843 231 1889 potest
262 1843 303 1875 et
328 1836 432 1876 alter
458 1835 552 1886 ille,
597 1850 678 1889 quo
710 1844 823 1876 notat
847 1837 1172 1890 significationem
1195 1836 1247 1875 ad
1271 1835 1441 1875 alterum
1471 1851 1537 1883 re-

99 1891 195 1930 ferri
228 1891 475 1944 imperatam.
534 1891 733 1931 Mandare
767 1905 841 1945 pro
875 1892 1094 1945 significare
1129 1890 1250 1930 hodie
1279 1892 1320 1929 in
1353 1905 1538 1934 sermone

99 1945 255 1984 Gallico
284 1947 463 1995 obtinet,
505 1953 547 1984 et
569 1947 742 1986 obtinuit
770 1947 867 1986 olim
898 1947 1004 1999 apud
1034 1947 1197 1985 Latinos
1213 1975 1227 1996 ,
1267 1953 1314 1984 ut
1350 1953 1460 1998 patet
1489 1960 1535 1987 ex

98 2000 296 2094 ξξωὶῐίειίἰε
338 2001 620 2055 epigrammate
660 2002 768 2056 apud
802 2001 1007 2055 Lamprid.
1044 2002 1086 2041 in
1118 2001 1263 2054 Script.
1289 2000 1396 2040 Hist.
1424 2001 1530 2056 Aug.

206 2057 462 2164 Ai’1g.4[9‚
490 2109 566 2164 4.]
609 2111 708 2164 περὶ
753 2111 824 2164 τῆς
860 2109 1195 2164 ἐκκλησιαστικῆς
1233 2105 1536 2158 καταστάσεως.

98 2163 437 2217 Significationem
460 2165 511 2204 de
533 2172 639 2205 statu
661 2167 726 2206 vel
750 2175 856 2206 recta
875 2168 955 2205 inm
977 2167 1077 2205 facta
1098 2167 1378 2205 constitutione
1398 2170 1536 2211 rerum

97 2218 151 2256 ad
179 2219 427 2272 disciplinam
457 2220 760 2260 ecclesiasticam
775 2252 787 2272 ,
829 2236 955 2275 eoque
984 2221 1035 2260 ad
1068 2219 1371 2274 patriarchalem
1403 2221 1535 2273 inspe-

95 2274 271 2312 ctionem
302 2281 342 2313 et
377 2275 670 2314 ordinationem
703 2278 1002 2330 pertinentium.
1060 2277 1122 2315 De
1150 2289 1249 2315 voce
1277 2273 1536 2328 κατάστασις
1586 2317 1593 2323 ,

95 2335 136 2366 et
161 2328 218 2383 τῷ
246 2328 321 2380 τῆς
348 2326 638 2377 καταστάσεως
664 2331 743 2370 dixi
769 2331 821 2370 ad
849 2347 891 2385 p.
923 2330 1020 2382 418.
1042 2331 1097 2370 A.
1124 2345 1160 2370 1.

207 2383 256 2422 C.
275 2397 315 2421 2.
339 2383 406 2438 [9‚
430 2383 522 2437 17.]
581 2384 881 2438 νιψηστιάριοι.
935 2387 1037 2425 Sunt
1066 2387 1135 2439 qui
1165 2385 1429 2438 malluvium,
1481 2381 1531 2425 τᾶ

96 2435 327 2488 νιψίστιον,
354 2440 591 2492 Imperatori
607 2447 769 2491 tenent3
797 2442 882 2480 vid.
906 2441 957 2479 ad
972 2455 1012 2493 p.
1034 2440 1129 2491 418.
1149 2442 1197 2480 B.
1216 2440 1256 2480 5.
1414 2442 1420 2446 ”
1468 2446 1473 2447 ’

205 2492 306 2531 C.3.
346 2493 410 2547 [9,
437 2493 523 2547 18.]
582 2491 889 2546 χερνιβόξεστα.
943 2496 1045 2534 Sunt
1083 2495 1301 2547 mallufia,
1348 2509 1418 2536 seu
1459 2505 1721 2548 pa-EfflLao

96 2551 231 2596 terae,
272 2547 430 2599 pelveS,
470 2550 512 2586 in
539 2550 683 2601 quibus
712 2547 757 2589 αἱ
782 2554 921 2602 χεῖρες
948 2547 1184 2602 wint-enm,
1212 2564 1354 2590 manus
1391 2549 1532 2590 lavan-

92 2607 192 2653 ytur,
222 2616 315 2640 cum
330 2603 526 2642 adiunctis
550 2607 636 2650 τοῖς
662 2603 843 2653 ξέστοις,
871 2618 940 2643 seu
974 2605 1177 2655 sextariis,
1207 2605 1248 2644 id
1271 2613 1330 2644 est
1348 2604 1502 2659 hydriis
1518 2634 1532 2655 ,

100 2658 338 2707 guum-niis,
381 2672 404 2696 e
432 2658 577 2710 quibus
619 2673 722 2711 aqua
757 2661 800 2698 in
825 2659 1071 2712 suppositam
1104 2659 1252 2712 pelvim
1280 2659 1528 2699 defunditur.

99 2707 194 2747 vid.
225 2711 393 2751 Habert.
429 2713 614 2752 Pontific.
643 2729 683 2766 p.
715 2713 780 2753 50.
840 2714 901 2752 De
932 2714 1008 2752 hoc
1035 2714 1153 2754 modo
1175 2729 1373 2754 novorum
1405 2714 1531 2752 Grae-

101 2774 239 2804 corum
286 2765 566 2820 appellationes
614 2768 784 2808 duarum
837 2768 1083 2809 diversarum
1134 2783 1269 2809 rerum
1285 2800 1298 2823 ,
1355 2776 1529 2811 attamen
