1884 3132
313 118 422 190 392
598 130 671 170 10.
713 129 817 171 1Ac.
859 129 1054 170 RElsKu
1094 120 1471 172 COMMENTARH

315 235 642 293 quadragesimis.
697 233 814 272 Patet
841 247 886 272 ex
916 232 1056 272 eodem
1080 231 1169 271 loco
1188 261 1200 282 ‚
1247 230 1401 270 donum
1431 233 1592 285 proprie
1618 233 1660 272 iu
1677 241 1749 272 aud

315 309 362 334 ro
389 293 509 331 fuisse
524 321 536 339 ,
567 288 766 327 interdum
795 296 929 327 tamen
953 287 1062 341 quod
1091 301 1189 326 auro
1227 286 1380 332 deerat,
1411 286 1588 327 vestibus
1615 289 1749 327 sericis

315 347 514 400 expletum
543 343 676 382 fuisse.
731 342 835 397 *[De
866 344 971 396 rogis
989 373 1000 390 ‚
1041 356 1143 395 quae
1174 342 1281 380 dono
1308 340 1447 380 officiis
1475 341 1676 382 dabantur
1705 357 1752 382 ex

316 403 416 441 Cod.
442 399 599 439 Theod.
625 413 716 451 pag.
749 412 812 437 1¹.
839 428 851 449 ,
897 398 947 436 de
974 396 1158 450 palatinis
1185 398 1306 435 sacris
1337 395 1615 449 largitionibus
1643 398 1750 436 conf.

316 459 467 497 Meurs.
500 454 632 493 Gloss.
654 468 695 506 p.
727 453 814 492 161.
833 483 844 503 ‚
877 453 927 492 de
953 453 1126 505 hypatiis
1155 453 1447 505 Imperatorum
1475 466 1516 504 p.
1540 451 1656 502 162.‚
1703 452 1754 492 de

317 527 416 566 roga
462 508 656 548 miht1bus
684 508 777 546 data
819 507 1068 548 v.Alteserr.
1100 508 1151 546 ad
1178 507 1364 546 Anastas.
1396 521 1437 559 p.
1465 506 1581 561 60.]*
1638 506 1756 546 Alte-

318 575 411 608 rum
441 572 575 604 autem
618 577 808 616 rogarum
848 577 970 616 genus
1007 570 1120 602 erant
1158 576 1277 615 rogae
1323 561 1516 600 militibus
1543 564 1758 615 quotannis

320 624 408 662 dari
437 620 574 660 solitae
593 648 604 670 ,
635 618 701 657 vel
729 620 882 673 potius,
913 625 958 656 ut
985 617 1107 656 codex
1134 625 1269 656 noster
1288 616 1403 655 docet
1425 645 1437 668 ,
1466 617 1631 670 singulis
1657 631 1758 670 qua-

323 676 517 717 drIenniis
534 704 545 724 ‚
578 673 723 726 quibus
753 672 964 712 accedebat
992 674 1134 726 quinto
1161 673 1303 726 quovis
1321 686 1427 710 anno
1447 671 1663 724 φιλοτιμία
1682 673 1760 711 im-

322 731 508 787 perialis,
547 742 616 767 seu
655 728 807 767 donum
841 729 1084 782 gratuitum,
1131 742 1227 780 roga
1267 726 1602 777 extraordinaria,
1648 726 1763 780 quini

328 800 473 839 nempe
501 785 653 822 nummi
685 785 820 833 aurei3
851 783 935 822 vid.
956 782 1338 835 Procop.Anecdot.
1363 796 1404 835 p.
1435 780 1524 820 108.
1545 795 1612 821 20.
1669 783 1764 821 Non

328 843 455 882 ausim
484 846 618 878 tamen
646 838 844 878 affirmare
872 838 947 877 hoc
975 837 1141 877 saeculiS
1165 851 1326 891 quoqne
1356 837 1570 876 obtinuisse
1611 837 1770 876 Proeo-·

329 899 399 953 pio
427 893 726 950 posterioribus.
786 892 1034 932 Differebant
1062 900 1195 932 autem
1228 892 1422 944 stipendia
1450 905 1524 944 pro
1565 891 1766 931 diuturni-

330 960 414 992 tate
433 950 597 989 militiae
619 949 697 987 iam
718 956 901 999 exactae3
930 948 1014 987 vid.
1028 946 1164 987 Vales.
1184 947 1235 986 ad
1253 947 1390 986 Amm.
1409 945 1592 985 Marcell.
1611 961 1655 1000 p.
1669 946 1762 986 ὕοι.

327 1008 373 1048 Β.
394 1014 433 1046 et
461 1006 638 1056 Procop.
659 1003 858 1042 Auecdot.
881 1018 921 1056 p.
952 1002 1040 1054 104.
1065 1002 1127 1042 16.
1157 1001 1430 1052 Διανεμέσεις
1458 1000 1633 1054 appellat
1661 1002 1768 1040 idem

327 1077 368 1116 p.
398 1062 467 1102 81.
503 1073 560 1101 10.
585 1087 597 1108 ‚
629 1057 912 1107 διανεμέσεσιν
941 1059 1048 1096 enim
1073 1057 1284 1110 legendum
1318 1063 1376 1095 est
1414 1070 1488 1108 pro
1515 1052 1766 1107 δυνάμεσιν,

329 1118 388 1157 ibi
412 1116 532 1155 edito.
592 1112 664 1151 Illa
690 1108 914 1165 χρήματα,
945 1106 1049 1164 ἅπερ
1078 1111 1123 1151 ἐν
1163 1110 1422 1163 παραψυχῆς
1457 1106 1561 1165 λόγῳ
1603 1113 1770 1157 πολλοῖς

331 1169 608 1224 χορηγεῖσθαι
635 1164 714 1206 ἀντὶ
742 1167 826 1206 πᾶν
851 1163 941 1213 ἔτος
968 1165 1075 1219 πρὸς
1100 1164 1307 1216 βασιλέως
1335 1164 1380 1204 ἐκ
1408 1165 1593 1204 παλαιοῦ
1631 1163 1772 1206 διατέ-

331 1238 504 1272 1εακται,
533 1230 579 1261 ut
606 1224 662 1261 ait
689 1222 794 1260 idem
822 1237 863 1274 p.
889 1235 975 1261 100.
998 1222 1137 1269 initio,
1159 1222 1288 1260 sintne
1318 1220 1579 1274 φιλοτιμίαι,
1611 1235 1662 1260 an
1701 1235 1770 1260 ro·

335 1295 430 1335 gae,
459 1277 658 1332 palatinae
687 1291 739 1316 an
766 1278 984 1328 militares,
1027 1283 1136 1316 certo
1173 1290 1256 1314 non
1291 1275 1479 1314 definiam
1502 1289 1514 1323 3
1556 1274 1773 1324 συντάξεις

334 1334 509 1390 appellat
538 1332 715 1371 Iulianus
742 1346 782 1384 p.
805 1332 899 1386 567.
923 1332 978 1370 A.
1015 1331 1056 1383 4.
1116 1330 1263 1369 Milites
1290 1330 1334 1369 hi
1362 1329 1533 1383 rogandi
1558 1343 1628 1370 seu
1652 1343 1773 1383 roga-

334 1393 366 1430 ti
379 1421 390 1439 ,
432 1390 473 1429 id
515 1394 573 1427 est
609 1387 837 1440 stipendiati
851 1417 863 1437 ,
899 1396 1095 1440 rogatores
1134 1385 1371 1425 dicebantur
1386 1415 1396 1433 ,
1429 1391 1484 1434 *et
1528 1386 1776 1443 conveniunt

336 1470 431 1495 cum
459 1470 603 1510 genere
631 1458 795 1498 militiae
813 1488 824 1508 ‚
857 1458 965 1512 quod
991 1458 1110 1497 hodie
1142 1457 1286 1496 Turcis
1313 1457 1355 1495 in
1382 1469 1460 1494 usu
1489 1462 1547 1495 est
1577 1442 1776 1508 49:355,

342 1510 503 1566 Ulzffbgi
516 1544 528 1563 ,
558 1514 677 1553 dicto.
737 1514 840 1553 Sunt
868 1516 974 1553 enim
1015 1513 1084 1562 hi,
1127 1514 1197 1567 qui
1235 1511 1479 1565 stipendium
1516 1508 1778 1564 pecuniarum

337 1569 452 1628 &391⁸
467 1609 478 1630 ,
516 1580 702 1619 bucellam
716 1611 727 1631 ‚
771 1580 810 1620 in
845 1594 1022 1633 mensem
1064 1586 1135 1619 aut
1175 1579 1309 1633 potius
1334 1578 1533 1616 trimestre
1559 1573 1775 1626 accipiunt.

340 1632 493 1674 Contra
523 1637 742 1675 timariotae
781 1635 1023 1688 respondent
1061 1635 1220 1674 Zaimis
1247 1632 1312 1673 vel
1358 1631 1547 1672 Timar-iis
1573 1627 1785 1671 hodiernis

339 1687 590 1740 Turcarum,
619 1691 661 1729 id
690 1698 748 1729 est
776 1689 1067 1744 possessoribus
1095 1689 1315 1728 fundorum
1333 1718 1344 1736 ,
1373 1700 1396 1726 e
1423 1685 1569 1740 quibus
1596 1697 1638 1722 se
1666 1688 1706 1720 et
1723 1682 1783 1729 ti-V

340 1755 459 1782 rones
480 1759 571 1783 suos
592 1745 714 1784 alant.
774 1746 892 1785 Conf.
917 1746 1040 1784 Goar.
1063 1744 1113 1783 ad
1131 1743 1274 1783 Codin.
1292 1757 1384 1796 pag.
1412 1754 1500 1780 120.
1521 1754 1565 1778 11.
1584 1752 1625 1791 9.
1649 1742 1689 1775 et
1707 1737 1785 1793 Du¹

344 1797 479 1851 Gange
508 1799 635 1839 Gloss.
667 1808 838 1855 utroque
857 1830 867 1849 ,
898 1802 993 1839 item
1021 1799 1071 1838 ad
1101 1798 1283 1838 Alexiad.
1315 1812 1358 1850 p.
1390 1795 1486 1850 269.
1512 1801 1551 1833 et
1569 1806 1662 1846 270.
1714 1791 1778 1829 De

341 1854 561 1905 posteriore
589 1855 751 1908 quidem
778 1856 946 1894 dubium
976 1869 1058 1894 non
1086 1861 1162 1903 est,
1191 1854 1349 1892 Zaimos
1376 1850 1587 1890 timariotis
1614 1859 1780 1899 respon-

344 1906 453 1946 dere.
483 1908 540 1947 At
569 1918 771 1962 rogatores
799 1910 961 1964 praedia
989 1909 1177 1949 militaria
1205 1908 1316 1947 nulla
1343 1905 1542 1951 habuisse,
1574 1901 1655 1951 vel,
1671 1900 1782 1954 quod

344 1961 452 2001 idem
484 1971 567 2014 est,
602 1966 824 2004 timariotas
860 1979 997 2018 rogam
1033 1963 1227 2016 accepisse
1266 1960 1420 2000 nullam
1440 1989 1452 2010 ‚
1498 1959 1539 1998 id
1576 1964 1636 1996 est
1671 1955 1782 2009 quod

346 2017 446 2056 mihi
464 2019 703 2071 persuadere
731 2021 797 2058 vix
824 2034 1001 2073 possum.
1033 2019 1243 2058 Caeterum
1271 2016 1323 2055 ab
1351 2017 1426 2054 isto
1452 2028 1528 2053 usu
1559 2013 1669 2052 vocis
1685 2023 1783 2062 roga

343 2085 415 2110 seu
445 2072 596 2113 donum
614 2104 626 2126 ‚
656 2073 814 2128 largitio
829 2104 840 2124 ‚
870 2089 944 2127 pro
963 2073 1175 2127 stipendio,
1207 2072 1400 2119 manavit,
1422 2076 1466 2108 ut
1483 2068 1653 2116 Arabes,
1672 2062 1782 2120 quod

348 2136 443 2176 addi
461 2145 589 2190 potest
609 2139 778 2178 Goliano
799 2141 942 2178 Lexico
959 2170 970 2188 ‚
1001 2137 1244 2191 stipendium
1262 2136 1434 2175 militare
1463 2123 1586 2181 studi,
1617 2128 1779 2179 donum}

348 2192 602 2244 appellarint.
662 2194 791 2233 Multa
831 2196 937 2234 enim
955 2224 966 2244 ‚
1006 2193 1241 2246 praesertim
1278 2191 1517 2237 cerimonias¹
1553 2186 1699 2227 aulicas
1715 2214 1728 2232 ,
1758 2198 1785 2224 a

350 2246 541 2298 Graecis,
573 2250 712 2288 vicinis
741 2251 847 2297 suis,
877 2255 1233 2287 transsumserunt.
1292 2247 1477 2297 Quantae
1519 2257 1592 2297 per
1630 2253 1784 2280 annum

350 2301 496 2340 fuerint
526 2317 642 2356 rogae
669 2303 842 2342 militum
878 2304 1149 2356 gregariorum
1167 2332 1178 2348 ‚
1223 2315 1304 2340 non
1343 2300 1526 2338 dixerim.
1582 2294 1785 2342 Videntur

355 2363 489 2396 tamen
507 2371 588 2396 non
615 2359 718 2398 infra
738 2359 878 2412 viginti
905 2372 1088 2396 nummos
1116 2370 1286 2406 aureos,
1310 2368 1439 2407 neque
1466 2365 1586 2406 supra
1610 2348 1784 2404 quadra-

352 2412 462 2461 ginta
493 2411 629 2451 fuisse.
687 2413 832 2451 Narrat
860 2413 1033 2464 Symeon
1055 2412 1266 2463 Logothet.
1295 2425 1335 2463 p.
1354 2408 1446 2460 414.
1468 2407 1516 2446 C.
1533 2404 1611 2445 sub
1626 2403 1784 2442 Micha-

351 2464 412 2502 e'le
440 2465 564 2504 Balbo
592 2467 811 2506 institutam
842 2467 960 2506 fuisse
987 2466 1277 2519 expeditionem
1300 2465 1490 2503 adversus
1508 2461 1668 2499 Cretam
1693 2470 1787 2497 τεσ-

351 2517 675 2572 σαρακοντάριον
702 2522 942 2575 appellatam
969 2522 1014 2561 ἐκ
1042 2521 1119 2559 τοῦ
1140 2518 1445 2570 διανεμηθῆναι
1481 2509 1670 2559 ἑκάστοις
1705 2507 1784 2551 ἄνθῖ

352 2571 660 2623 τεσσαράκοντα
686 2576 929 2628 χρυσίνους.
986 2577 1134 2615 Narrat
1162 2573 1426 2627 Theophanes
1453 2575 1494 2623 p.
1517 2567 1610 2620 410.
1625 2567 1677 2606 A.
1694 2567 1783 2618 init.

354 2635 570 2675 Moawiam
602 2641 851 2680 Isauiitarum
871 2633 1066 2689 wlff—Sl
1107 2641 1300 2694 Syrorum
1341 2649 1455 2688 rogas
1502 2633 1553 2673 ad
1593 2630 1784 2677 ducentos

354 2700 538 2731 nummos
566 2707 707 2734 aureos
735 2698 884 2736 auxisse
907 2725 919 2748 ,
951 2695 1124 2747 (favebat
1154 2695 1260 2733 enim
1288 2691 1377 2741 illis,
1394 2697 1440 2730 ut
1472 2689 1632 2729 factioni
1656 2687 1794 2739 5³an)
