1884 3132
0 2333 27 2728 W'sj-v-suffu'g-,mwz-
0 2033 17 2327 ...ntra-'mmm
0 2014 5 2027 ·’
0 1956 10 2003 vav
4 1939 7 1946 =
0 1903 13 1933 w:-
0 1857 6 1867 v

299 150 374 194 An
414 150 758 193 APPEchEM
791 152 889 191 Lm.
930 151 964 190 1.
1004 150 1076 190 m:
1115 147 1394 190 emmo&
1473 126 1584 184 513

147 254 264 296 doliis
310 256 631 309 circumponitur
690 252 1025 293 continendorum
1054 266 1230 292 asserum
1260 265 1376 291 causa
1394 281 1407 301 ‚
1435 257 1494 290 est
1519 259 1590 291 tu-

146 310 255 350 tulus
285 325 355 350 seu
383 326 480 364 apex
521 311 663 364 eapitis
682 339 694 357 ‚
735 309 843 363 quod
875 309 1062 347 mulieres
1106 309 1282 346 Graecae
1331 314 1508 345 vetustae
1547 313 1588 345 et

146 371 343 406 nostrates
371 365 634 405 occidentales
672 377 832 417 quoque
874 363 1006 402 medio
1039 376 1139 401 aevo
1173 362 1362 415 gemebant
1379 391 1390 410 ‚
1421 361 1500 400 alte
1530 361 1590 400 sa·

147 421 350 474 stigiatum
391 422 430 459 in
460 422 550 459 coni
578 419 796 459 saccharini
825 420 1020 471 speciem3
1051 431 1170 471 quem
1191 419 1343 469 apicem
1372 417 1404 454 si
1430 418 1471 454 in
1497 430 1592 455 ver-

147 476 226 514 tice
245 482 397 514 rectum
426 483 465 514 et
495 475 690 514 excelsum
712 480 921 527 gererent,
953 469 1162 526 σφενδόνη
1192 471 1452 524 simpliciter,
1482 473 1515 510 si
1547 474 1589 511 in

147 534 301 584 postica
328 538 441 584 parte
469 531 607 583 capitis
635 535 816 582 gererent
845 527 1079 566 inclinatum
1107 534 1146 565 et
1165 526 1392 579 obliquum,
1415 523 1591 565 ὀπισθο-

150 583 360 639 σφενδόνη
389 585 692 638 appellabatur3
735 583 786 622 de
812 597 892 636 qua
929 582 1011 621 vid.
1063 584 1235 635 interpp.
1266 581 1316 620 ad
1349 581 1506 620 Polluc,
1539 582 1591 621 V.

152 641 219 694 96.
275 640 376 679 Erat
416 635 618 692 σφενδόνη
657 639 830 691 denique
866 652 962 690 apex
1001 637 1138 676 boneti
1179 639 1340 675 conicus
1379 636 1593 688 replicatus

151 695 377 749 dependens
404 709 508 748 pone
534 702 655 747 caput
684 701 753 732 aut
781 695 822 731 in
851 692 1063 731 humerum
1084 723 1093 739 ‚
1127 698 1166 730 et
1194 699 1278 731 rete
1317 706 1338 730 e
1366 691 1493 730 fundo
1510 691 1591 732 lato

149 750 324 791 rotundo
351 751 393 788 in
420 756 632 802 angustum
663 751 795 788 co'iens
823 749 998 800 apicem,
1028 754 1074 785 ut
1104 746 1249 800 Virgil.
1280 747 1427 799 Georg.
1449 761 1462 786 :

315 803 445 860 Atque
477 805 578 842 alius
600 805 721 842 latum
736 803 877 856 ιῙὶιηᾶα
897 804 976 841 iam
999 803 1178 840 verberat
1201 816 1370 840 amnem.

150 859 297 901 Funda
337 859 499 899 tandem
539 865 598 898 est
640 859 927 911 itfimdibulum
965 856 1016 896 ab
1052 857 1295 909 itfimdendo
1335 860 1511 910 (prorsus
1547 865 1594 897 ut

147 910 354 970 σφενδόνη
386 914 437 952 ab
465 914 630 967 antiquo
656 912 862 962 σπένδειν,
874 913 1066 964 fiazclere,
1093 912 1335 964 defimdere)
1366 919 1404 950 et
1430 912 1482 951 ad
1510 914 1596 953 eius

152 972 278 1011 instar
305 969 548 1022 marsupium
579 969 790 1018 conicum,
817 970 901 1006 sive
938 968 978 1006 id
1008 967 1090 1005 lino
1123 969 1300 1006 sericove
1328 974 1507 1017 textum,
1538 969 1595 1007 si-

150 1040 203 1066 ve
229 1025 337 1065 corio
367 1026 568 1063 concisum
597 1024 729 1062 fuerit.
804 1024 951 1062 Omnia
989 1021 1087 1061 haec
1126 1037 1149 1060 a
1178 1022 1306 1075 figura
1333 1029 1402 1060 aut
1430 1037 1594 1075 prorsus

151 1081 326 1120 rotunda
353 1087 423 1118 aut
449 1080 600 1118 conica.
669 1078 855 1130 Superest
893 1078 1025 1116 adhuc
1057 1079 1097 1116 in
1141 1091 1325 1117 sermone
1352 1085 1489 1116 nostro
1517 1093 1594 1118 vox

132 1137 276 1190 fimda
334 1148 408 1188 pro
449 1135 594 1173 cantho
630 1132 805 1182 dolini-i,
869 1133 1030 1186 quando
1071 1133 1239 1172 dicimus
1280 1133 1517 1186 anlgntbe
1556 1140 1597 1172 et

153 1190 407 1240 Fundleder,
453 1190 567 1228 fovea
599 1187 758 1227 circulis
786 1188 924 1241 ligneis
953 1195 1087 1240 septa,
1121 1188 1162 1226 in
1205 1202 1285 1240 qua
1314 1189 1421 1226 coria
1450 1202 1596 1240 paran-

153 1254 239 1296 tur,
268 1245 376 1284 unde
402 1244 523 1283 calcei
551 1242 771 1293 soleantur,
802 1251 840 1282 et
862 1242 941 1281 tale
971 1257 1161 1290 crassum,
1192 1242 1367 1295 rigidum
1395 1242 1596 1282 bubulum

157 1303 312 1341 corium
357 1300 396 1338 in
424 1299 494 1337 tali
524 1299 637 1337 fovea
682 1305 866 1351 paratum
894 1298 1123 1336 Fzmdlecler
1165 1297 1402 1350 appellatur.
1462 1298 1597 1350 Σφεν-

157 1351 281 1407 δόνην
325 1362 365 1393 et
383 1354 565 1405 fimdam
604 1367 687 1391 esse
714 1353 912 1391 circulum
950 1352 1056 1391 dolia
1097 1353 1336 1391 ambientem
1375 1360 1414 1390 et
1440 1353 1597 1391 tabulas

155 1410 306 1464 ligneas
334 1410 618 1457 continentem,
638 1408 744 1446 clare
771 1415 878 1460 patet
905 1422 927 1445 e
955 1407 1043 1446 loco
1064 1408 1221 1446 Ioannis
1243 1407 1496 1446 Canabntzae
1525 1407 1599 1456 (ci-

154 1465 228 1505 tati
254 1479 279 1503 a
303 1465 370 1502 Du
401 1464 534 1516 Gange
553 1477 590 1502 v.
615 1459 901 1512 Χάντρωσις);
946 1458 1037 1499 τινὰ
1066 1459 1212 1500 κύκλον
1251 1461 1398 1500 ἐκεῖνοι
1433 1461 1602 1511 λέγουσι

154 1519 392 1572 χάντρωσιν
418 1516 489 1556 καί
509 1514 611 1566 μετὰ
646 1517 722 1554 τοῦ
740 1515 857 1554 ἕκτου
881 1513 1031 1554 τούτου
1062 1516 1105 1569 [f.
1138 1515 1245 1564 μετὰ
1276 1515 1352 1553 τοῦ
1379 1511 1599 1567 ὃιαβὴτου,

157 1589 251 1615 cum
277 1575 449 1622 circino,
479 1580 548 1610 aut
580 1567 688 1621 μετὰ
717 1570 791 1609 τοῦ
818 1570 1032 1621 ἐργαλείου
1061 1565 1224 1620 τούτου,
1256 1570 1324 1608 sed
1350 1569 1510 1609 difficile
1540 1577 1606 1608 est>

157 1630 209 1669 de
252 1628 331 1668 hoe
359 1628 447 1666 loco
489 1634 598 1666 extra
623 1640 769 1664 nexum
799 1627 928 1677 posito
957 1623 1148 1677 iudicare]
1188 1621 1496 1676 περιγράφουσι
1530 1622 1604 1664 καὶ

158 1684 351 1723 ποιοῦσιν
382 1679 473 1721 ἴσον
504 1679 577 1719 καί
603 1677 709 1719 κατὰ
745 1678 880 1718 πάντα
916 1674 1117 1730 ἁρμόδιον
1145 1678 1204 1725 εἰς
1229 1675 1305 1730 τὴν
1333 1679 1410 1717 τοῦ
1433 1678 1603 1729 βουτζί-

159 1752 209 1778 ου
241 1737 510 1790 περιφέρειαν
533 1729 576 1788 ἢ,
599 1733 656 1782 ὥς
688 1734 834 1774 ἐκεῖνοι
871 1733 1050 1784 λέγουσι,
1070 1729 1319 1784 χάντρωσιν.
1346 1733 1604 1773 Vocabulum

158 1790 391 1846 χὰντρωσις
418 1794 531 1831 venit
559 1805 583 1829 a
631 1789 854 1842 κανθροῦν.
889 1790 963 1828 Est
993 1797 1123 1827 autem
1153 1785 1330 1839 κάντρον
1346 1820 1358 1837 ,
1387 1785 1569 1838 κάνθρον
1587 1818 1600 1839 ‚

160 1845 384 1900 κανθὴριον
398 1847 682 1885 diminutivum
694 1860 717 1883 a
729 1841 896 1895 κάνθος,
912 1844 1061 1883 circulo
1079 1844 1220 1892 ferreo,
1235 1844 1304 1895 qui
1325 1845 1422 1891 rotis
1437 1845 1605 1882 circum-

160 1914 322 1966 ponitur
355 1912 406 1951 ad
450 1911 536 1951 illas
573 1911 845 1951 continendas.
913 1911 1017 1949 Hinc
1047 1924 1124 1949 vox
1150 1898 1347 1965 Ulsffll
1401 1910 1604 1948 almocan-

161 1970 320 2015 tharac,
369 1968 606 2007 astronomis
653 1974 748 2005 nota
767 1996 780 2016 ‚
830 1966 1022 2019 significat
1068 1964 1236 2003 circulos
1274 1964 1325 2002 ad
1351 1962 1604 2003 horizontem

161 2021 386 2077 parallelos,
419 2023 511 2060 item
551 2021 802 2075 horologium
843 2021 970 2060 solare
1012 2019 1158 2059 talibus
1204 2018 1360 2058 circulis
1392 2020 1607 2072 signatum.

165 2087 234 2128 Ab
251 2101 297 2126 eo
314 2087 480 2126 verbum
499 2095 636 2126 natum
654 2079 750 2140 5103&
802 2088 995 2125 canthara
1010 2116 1020 2133 ‚
1077 2086 1220 2123 circulo
1264 2086 1437 2123 amic-uic.
1497 2085 1604 2124 Hinc

165 2145 247 2182 iam
276 2142 390 2180 facile
420 2150 478 2180 est
507 2143 723 2196 intelligere
761 2142 884 2180 verba
917 2141 1062 2179 codini
1101 2141 1174 2178 IV.
1207 2139 1296 2179 53.:
1327 2135 1371 2177 τὸ
1401 2136 1606 2190 σκαροίνι-

164 2211 236 2236 κον
267 2194 402 2236 αὐτοῦ
439 2196 706 2247 ἐνδεδυμένον
735 2195 926 2251 χασὸίῳ,
974 2192 1071 2246 ἔχον
1107 2193 1178 2233 ἐπὶ
1214 2193 1404 2245 κορυφῆς
1449 2189 1606 2244 μικράν

168 2251 354 2306 φούνταν
391 2250 593 2303 κοκκίνην.
653 2251 868 2304 Caputium
896 2258 1071 2289 assutum
1100 2249 1272 2288 habebat
1302 2248 1400 2286 illud
1428 2249 1606 2286 scarani-

166 2321 260 2345 cum
287 2313 449 2344 acutum
477 2307 601 2344 instar
626 2309 739 2358 panis
758 2335 770 2355 ‚
817 2319 937 2358 quem
966 2304 1193 2357 appellant,
1225 2302 1459 2341 saccharini.
1518 2302 1610 2355 Ap-

167 2368 280 2414 paret
307 2374 480 2413 quoque,
510 2375 632 2413 quare
661 2357 819 2413 φούντα
832 2360 971 2399 Portio
1000 2367 1039 2397 et
1056 2358 1197 2397 Vlacio
1228 2356 1350 2409 (apud
1375 2358 1443 2395 Du
1471 2357 1608 2410 Gange

169 2415 239 2454 Gl.
269 2416 342 2457 Gr.
372 2415 415 2453 h.
445 2413 500 2459 v.)
542 2422 759 2467 exponatur
795 2428 865 2465 per
906 2411 1122 2463 κύτταρος.
1180 2413 1253 2450 Est
1281 2425 1424 2463 nempe
1453 2406 1606 2449 κύττα-

171 2482 241 2522 ρος
269 2483 307 2508 e.
336 2485 373 2508 c.
406 2469 575 2518 foveola,
614 2471 679 2507 cui
708 2469 869 2521 glandes
896 2481 1070 2521 quernae
1088 2466 1273 2515 insident,
1301 2473 1340 2503 et
1355 2466 1431 2504 alia
1451 2479 1612 2519 quoque

170 2537 247 2562 vox
259 2523 328 2562 illa
345 2531 456 2562 notat
475 2539 498 2563 a
525 2525 651 2563 forma
668 2522 908 2561 infundibuli
926 2529 965 2560 et
984 2522 1121 2559 conica
1146 2534 1228 2558 non
1247 2520 1386 2573 procul
1403 2521 1606 2559 abeuntia.

173 2577 291 2616 Iuvat
314 2579 390 2617 hac
417 2580 621 2618 occasione
652 2578 785 2616 locum
812 2591 835 2615 a
863 2577 930 2614 Du
957 2576 1090 2628 Gange
1118 2574 1146 2613 l.
1195 2589 1232 2613 c.
1273 2574 1438 2614 allatum
1476 2589 1613 2614 emen-

169 2631 268 2670 dare
295 2640 335 2672 et
361 2648 571 2686 exponere.
627 2634 687 2672 Ex
707 2633 845 2671 iisdem
866 2630 1093 2668 auctoribus
1123 2628 1237 2668 affert
1262 2644 1406 2683 nempe
1432 2630 1499 2668 Du
1509 2630 1613 2669 Can-

176 2699 224 2738 ge
250 2685 322 2725 has
349 2686 522 2740 glossas:
580 2687 743 2736 Antzkze,
771 2685 997 2737 τζουλοῦφι
1013 2714 1024 2731 ,
1047 2682 1205 2736 <podiva
1226 2714 1237 2731 ‚
1276 2680 1516 2737 πρόκοιμον,
1534 2685 1609 2738 leg.

174 2735 418 2792 προκόμιον;
480 2753 574 2781 unta
606 2750 739 2780 autem
767 2741 831 2779 hic
859 2739 947 2778 ideo
977 2739 1167 2777 dicuntur
1195 2740 1349 2785 antiae,
1383 2741 1475 2793 quia
1504 2747 1614 2780 vete-

237 2814 499 2851 constantinus
526 2818 702 2864 Porphyr.
733 2816 811 2849 Vol.
838 2817 885 2849 11.
1313 2817 1354 2850 33
