1884 3132
186 209 260 254 AD
306 211 603 256 CONSTANT.
642 213 839 254 pom’n.
880 214 952 253 DE
994 213 1174 256 cmm.
1216 215 1312 255 Lm.
1352 219 1384 256 1.
1430 198 1533 266 341

187 334 189 336 ·
220 317 267 355 B.
295 332 330 356 1.
354 315 471 371 [352,
500 315 575 368 1o.]
605 311 880 368 ἆρμελαύσια.
909 318 1040 356 Vestis
1061 318 1194 357 brevis
1213 348 1224 367 ‚
1256 318 1366 357 velut
1386 334 1542 373 sagum,

111 370 260 423 absque
286 372 463 410 manicis.
502 371 597 410 Vid.
626 371 727 409 infra
749 371 916 410 dicenda
938 386 979 424 p.
1003 371 1094 426 387.
1109 373 1153 412 C.
1174 374 1213 413 5.
1273 374 1382 424 Quid
1409 383 1542 414 autem

110 425 192 463 'sint
212 426 385 476 μασσιά,
414 439 496 464 non
519 428 628 464 novi.
690 421 1081 478 Χαρτοκαλαμάρια
1115 435 1207 467 sunt
1237 427 1375 467 thecae
1396 430 1543 469 chartis

111 482 358 533 pergamenis
373 510 384 531 ‚
403 475 552 532 (χάρτη
576 482 682 519 enim
706 481 745 517 in
781 479 856 518 hoc
886 479 990 519 libro
1010 496 1292 535 pergamenam
1319 487 1469 534 notat.)
1505 493 1543 524 et

113 533 282 574 calamis
302 536 456 588 plenae.
519 535 627 585 Quid
651 529 919 584 μαξιλλάριος
940 536 1004 581 sit,
1040 536 1195 575 edoceri
1223 540 1274 575 ab
1300 538 1386 577 aliis
1408 541 1541 592 cupio.

112 588 235 628 Forte
257 597 356 640 erat,
378 592 447 643 qui
471 587 522 630 τὰ
552 585 806 639 μαξιλλάρια
824 618 835 638 ,
863 591 1074 628 cervicalia
1090 622 1099 636 ‚
1124 593 1373 646 pulvinaria,
1395 595 1543 648 populo

112 643 154 681 in
176 644 282 683 circo
306 645 456 684 sedenti
482 643 783 690 substernebat,
818 651 886 681 aut
914 659 988 696 pro
1024 647 1205 684 mercede
1238 646 1426 698 locabat,
1457 657 1540 697 ant,

113 699 221 750 quod
249 699 346 738 mihi
374 700 534 752 quidem
562 697 806 752 probabilius
838 699 998 738 videtur
1016 730 1027 750 ,
1058 703 1127 753 qui
1151 701 1319 740 maxillis
1347 717 1542 755 equorum

112 753 346 792 circensium
366 754 417 792 ad
438 755 625 793 factiones
647 754 930 805 pertinentium
959 755 1066 793 ferro
1089 756 1284 794 candente
1308 765 1443 796 notam
1471 774 1542 797 cu-

111 807 252 860 iusque
277 808 456 848 factionis
480 809 685 857 inurebat3
706 807 789 846 vid.
818 809 884 846 Du
898 809 1031 863 Cange
1055 825 1095 848 v.
1128 812 1301 850 maxilla
1330 819 1368 850 et
1389 816 1542 852 maxil-

113 861 221 912 lare,
255 862 324 902 ubi
361 864 540 902 redditur
568 867 848 912 στομοκοπεῖν.
904 864 990 902 Non
1016 866 1122 903 enim
1152 874 1311 918 putem,
1346 866 1434 907 illos
1469 869 1546 907 ho·-

112 917 239 955 mines
267 917 387 957 fuisse
414 917 603 971 δημίους,
634 917 859 965 carnifices,
894 921 963 972 qui
985 927 1116 959 sontes
1157 921 1320 959 naribus
1355 930 1393 960 ct
1428 923 1544 962 labiis

114 971 345 1011 mutilarent
390 980 428 1012 et
467 972 717 1026 stigmatibus
759 980 969 1024 notarent,
1026 977 1209 1028 quamvis
1255 976 1449 1029 supplicia
1494 979 1544 1017 de

110 1026 292 1066 ‘sontibus
316 1028 356 1066 in
377 1030 482 1067 circo
502 1034 629 1067 sumta
656 1027 774 1066 fuisse
792 1035 957 1067 constet.

220 1082 267 1120 B.
289 1096 328 1121 2.
354 1082 463 1136 [352‚
494 1081 575 1136 11.]
602 1080 775 1131 μασσιἀ.
817 1083 940 1122 Forte
967 1084 1104 1122 clavas
1132 1085 1340 1138 significat,
1362 1083 1543 1139 ῥόπαλα,

114 1141 160 1173 ut
186 1149 260 1175 vox
288 1137 586 1191 Francogallica
616 1151 751 1175 masse.
806 1139 874 1176 Du
902 1138 1034 1191 Gange
1063 1139 1192 1182 Gloss.
1227 1142 1314 1184 Lat.
1338 1144 1546 1181 servientes

112 1190 170 1238 qd
189 1191 346 1230 clavam
374 1193 656 1246 interpretatur
682 1206 859 1244 set-genus
882 1196 909 1232 ὰ
936 1207 1078 1232 masse.

222 1247 270 1284 B.
299 1246 493 1301 11.[352,
522 1246 606 1300 19.]
637 1244 714 1292 ἕως
743 1239 792 1285 οὗ
820 1243 986 1302 πετάσῃ.
1016 1248 1168 1302 Nempe
1193 1262 1269 1301 τις,
1293 1251 1414 1289 dotiec
1431 1266 1546 1305 map-

108 1312 205 1352 pam
229 1301 373 1356 aliquis
404 1303 618 1353 extendat,
657 1300 906 1353 expl1citam„
953 1316 1167 1354 expansam
1206 1313 1413 1344 monstret.
1468 1307 1545 1345 Vel

113 1362 243 1405 potest
271 1353 427 1410 πετάσῃ
458 1358 708 1395 intransitive
735 1359 882 1410 accipi,
923 1357 1197 1397 subintellecto
1226 1355 1349 1398 ἑαυτὸ
1392 1363 1567 1414 (nempe,

113 1405 160 1446 τὸ
185 1409 326 1461 βῆλον)
356 1425 428 1463 pro
457 1409 666 1464 πετασθῇτ
699 1411 804 1463 quod
835 1426 915 1449 non
945 1412 1116 1452 insoleus
1136 1413 1230 1452 huie
1258 1413 1378 1452 libro.

223 1464 276 1502 D.
299 1479 339 1518 7.
359 1465 471 1518 [353,
499 1466 583 1516 11.]
613 1461 693 1502 α’πὸ
725 1463 912 1514 ψελλίου.
966 1467 1088 1506 Forte
1130 1467 1204 1520 leg.
1233 1465 1310 1506 ἀνὰ
1339 1468 1512 1518 ψελλίου
1531 1499 1544 1521 ‚

115 1520 367 1612 unusquisgue
391 1521 591 1558 armillam
624 1533 797 1557 auream.

323 1602 334 1615 .
355 1573 472 1628 [355,
496 1572 569 1626 ιι]
596 1572 909 1626 ἐκφωτιζουσιν.
962 1574 1014 1614 In
1047 1576 1171 1615 alcum
1195 1577 1398 1615 sublevant
1436 1587 1474 1616 ec
1500 1591 1544 1617 o·-

114 1635 293 1666 sternant.

223 1682 278 1721 D.
299 1681 372 1721 ult.
394 1682 507 1736 [353‚
536 1681 618 1736 15.]
648 1679 913 1721 κεντούκλων.
969 1683 1140 1724 Membr.
1171 1682 1435 1726 κενδούκλου.

196 1748 291 1788 206.
311 1748 362 1791 A.
387 1763 424 1790 2.
447 1749 565 1804 [553‚
593 1747 672 1801 16.]
692 1746 986 1787 κεντουκλεινὰ.
1044 1751 1102 1788 Μ.
1129 1752 1427 1791 κεντουκλέϊνα.

223 1803 277 1842 Α.
298 1805 339 1842 5.
360 1803 475 1858 [555‚
504 1803 588 1857 17.]
623 1801 680 1850 εἰς
713 1799 829 1843 αὐτὸ.
886 1804 1058 1843 Membr.
1090 1803 1147 1851 εἷς
1174 1802 1218 1843 τὸ
1255 1800 1375 1846 αὐτὸ.

223 1858 277 1896 D.
302 1872 338 1910 7.
361 1859 476 1912 [355,
494 1857 554 1913 9.]
585 1855 660 1897 εἴτι
689 1863 765 1896 etc.
823 1858 969 1897 Sensus
997 1867 1035 1897 et
1064 1862 1306 1899 constructio
1336 1860 1457 1907 huius
1484 1862 1546 1901 di-

115 1913 256 1951 ctionis
281 1912 379 1951 haec
407 1921 492 1952 est:
523 1911 566 1952 εἴ
588 1927 627 1952 τι
657 1910 679 1950 ὅ
709 1908 809 1958 θεὸς
834 1909 971 1962 τᾴιιον
1000 1908 1214 1964 ὠνόμασεν
1230 1946 1242 1964 ‚
1293 1911 1384 1954 ἐᾶτί
1422 1917 1546 1956 τοῦτο

114 1962 164 2004 τὸ
194 1966 366 2007 Βένετον
380 1999 394 2017 ‚
422 1970 459 2006 si
491 1968 584 2007 deus
620 1967 778 2020 aliquid
813 1969 1038 2007 honorabile
1077 1970 1319 2023 appellavit,
1352 1979 1407 2009 est
1445 1972 1550 2011 illud

118 2021 285 2061 Venetus
300 2052 311 2069 ‚
337 2022 402 2062 vel
413 2023 549 2072 fizctio
580 2022 744 2060 Veneta.

226 2075 279 2114 D.
299 2091 387 2129 pen.
415 2076 531 2131 [35:3,
564 2075 650 2130 12.]
681 2075 880 2123 δεσπότας
916 2072 975 2123 εἷς
1001 2073 1022 2117 ὅ
1063 2073 1175 2124 θεός.
1214 2075 1237 2117 ὅ
1263 2074 1363 2126 λαός
1391 2079 1466 2118 καί
1493 2077 1544 2120 τοὶ

117 2128 254 2169 λοιπά.
311 2133 369 2169 Μ.
421 2133 476 2170 sic
510 2132 782 2184 distinguunt:
828 2129 1039 2178 δεσπότας.
1071 2126 1141 2181 ζεῖς
1178 2129 1200 2170 ὅ
1228 2129 1349 2183 θεὸς,
1379 2131 1400 2172 ὅ
1429 2131 1543 2187 λαὸς,

116 2183 191 2224 καὶ
217 2182 269 2224 τὰ
297 2181 442 2236 λοιπὰ,
472 2185 512 2225 id
541 2193 599 2225 est
619 2200 630 2225 :
658 2185 755 2227 elicit
767 2188 934 2242 populas
945 2188 1197 2238 formulam:
1222 2203 1261 2226 es
1286 2188 1394 2226 Deus
1418 2198 1457 2227 et
1480 2204 1543 2228 re-

116 2241 241 2295 liqua-

100 2354 102 2356 Υ
198 2318 290 2359 207.
311 2306 355 2348 C.
378 2306 419 2345 5.
443 2304 559 2360 [556‚
586 2307 666 2362 13.]
690 2309 876 2360 βενέτων.
904 2306 1072 2345 Addunt
1087 2308 1147 2345 M.
1169 2303 1398 2360 Πράσινοι,
1419 2309 1542 2361 Πρα-

116 2372 254 2399 mrum

226 2415 272 2453 C.
291 2429 331 2468 9.
351 2414 467 2469 [356‚
494 2413 573 2467 18.]
603 2413 736 2454 σῶσον
763 2415 820 2455 ἐκ.
876 2416 936 2453 Μ.
967 2414 1100 2454 σῶσον
1126 2411 1223 2461 τούς
1248 2414 1307 2455 ἐκ.

199 2478 292 2519 208.
315 2480 368 2519 A.
390 2482 430 2529 4.
449 2480 564 2534 [557‚
592 2478 677 2533 13.]
707 2477 760 2526 ἒς.
816 2482 876 2518 Μ.
901 2487 1094 2532 punctum
1120 2487 1206 2532 post
1234 2479 1278 2518 h.
1297 2493 1340 2519 v.
1369 2490 1536 2533 ponunt.

227 2534 278 2572 A.
302 2550 339 2588 7.
361 2534 479 2589 [357‚
503 2533 588 2584 πᾶ]
621 2534 822 2584 caym-rba.
860 2535 923 2572 De
950 2534 1039 2572 loco
1066 2531 1282 2584 ταγιστεὺς
1309 2534 1414 2574 dicto
1441 2537 1540 2583 nihil

118 2586 239 2626 habet
266 2590 332 2627 Du
361 2591 534 2643 Cangius
562 2592 603 2627 in
633 2588 732 2626 CPli
760 2588 904 2628 Christ.

227 2654 277 2693 A.
293 2654 366 2694 ult.
390 2657 502 2712 [557‚
529 2653 609 2709 ¹9·]
641 2648 720 2692 ἀπὸ
760 2649 914 2704 δρόμου
955 2650 1107 2696 ἂπεκεῖ.
1163 2655 1210 2693 In
1255 2655 1388 2694 codiee
1427 2664 1539 2695 erant

120 2748 216 2789 haec
244 2752 475 2804 compendia
506 2730 627 2792 Ani]
656 2751 772 2798 Απεξ
789 2781 800 2802 ,
830 2765 934 2805 quae
958 2766 1038 2791 non
1069 2751 1256 2805 intelligo.
