1884 3132
323 168 429 222 772
635 166 853 209 10.1Ac
893 168 1088 209 Rsslsxn
1123 165 1498 211 COMMENTARH

322 270 527 325 genitivo,
560 276 607 309 ut
638 272 678 309 in
709 271 778 310 illo
807 271 913 325 apud
940 271 1182 326 Procopium
1209 270 1575 325 frequentissimo'
1554 287 1598 313 εν
1623 272 1751 326 γειτό-

322 339 417 366 νων.
476 325 527 367 V.
556 325 677 379 adp.
701 327 794 366 312.
821 327 873 366 A.
905 326 981 366 ult.

431 380 483 420 D.
503 378 543 420 5.
580 379 697 434 [646,
724 380 802 435 19.]
828 383 1168 433 γλωσσοκομεῖον.
1226 381 1399 420 Videtur
1425 394 1449 419 a
1474 376 1646 431 λάρνακι
1675 384 1753 423 dif-

324 436 443 474 ferre.
497 435 618 486 Quod
646 435 788 489 colligo
814 450 836 475 e
864 436 952 474 Ser.
980 442 1070 488 post
1098 434 1282 489 Theoph.
1311 450 1354 488 p.
1374 448 1468 490 217.
1521 435 1647 477 Forte
1673 438 1753 478 dis-

320 504 418 543 ¹crep
421 489 514 529 abat
543 497 582 528 et
606 490 881 544 magnitudine
906 498 945 530 et
973 491 1115 529 forma.
1578 533 1582 538 Δ

432 545 485 586 D.
509 551 639 598 antep.
668 545 784 600 [647‚
807 545 871 599 2.]
903 541 1132 583 ἀπόκειται.
1192 544 1292 584 Post
1330 544 1406 583 hoc
1446 543 1612 584 veibum
1646 547 1755 587 deest

324 613 471 693 nomtip
501 599 794 653 Impeiatricis,
834 600 967 640 uxoris
996 600 1188 640 Mauritii.
1251 599 1334 643 AB.
1376 613 1462 638 eam
1493 599 1756 642 Constantiam

328 668 427 708 appe
460 662 516 695 at.

436 710 490 749 D.
511 726 602 764 pen.
633 709 750 765 [647.
782 709 836 764 3.]
866 708 1128 761 Μαυρικίου.
1197 709 1294 748 Vid.
1334 709 1401 748 Du
1427 709 1559 763 Gange
1600 710 1650 748 ad
1677 712 1756 750 Zo-

328 778 415 802 nal.
448 780 488 817 Ρ.
508 767 573 807 63.
601 765 701 814 fine,
732 766 876 818 Script.
909 770 998 816 post
1024 762 1207 817 Theoph.
1235 779 1274 817 p.
1311 766 1403 805 250.
1432 764 1487 803 A.
1517 771 1556 803 et
1583 765 1754 804 Cedren.

326 819 484 871 Ρ.4οὸ.
506 821 559 860 D.
586 821 692 871 fine,
734 821 841 873 apud
867 833 987 872 quem
1014 821 1259 872 epigiamma
1292 833 1366 873 pro
1404 821 1479 858 ista
1511 826 1638 859 aetate
1676 834 1757 860 non

326 873 527 914 inficetum
556 877 611 915 ita
636 875 849 939 legendum
877 880 1042 927 putem.

442 925 470 969 ἃ
503 925 543 969 ‹5'
568 925 647 982 ἐγώ
676 927 702 981 ἧ
731 926 972 994 τριτάλαινα
1003 928 1075 968 καί
1101 927 1348 996 α’μφοτέρων
1373 924 1584 981 βασιλνων

495 983 692 1037 Τιβερίου
721 980 924 1036 θυγάτηρ,
947 982 1193 1050 Μαυρικίου
1220 997 1264 1023 τε
1289 980 1430 1050 δάμαρ

434 1036 460 1090 ἦ
490 1038 695 1085 nomam«,-
720 1037 934 1088 βασίλεια,
962 1036 1035 1076 καί
1054 1035 1088 1104 ἦ
1117 1035 1272 1085 deligat?
1300 1036 1516 1090 α’λοχείην,

492 1091 550 1139 ὥς
579 1089 743 1156 ἀγαθὸν
771 1091 960 1142 τελέθει,
989 1105 1060 1130 και
1085 1091 1425 1158 nostvuotpam'ſtryv

437 1151 580 1212 κεῖμαι
609 1143 688 1186 σύν
715 1146 898 1187 τεκέεσσι
925 1160 996 1185 και
1024 1143 1211 1214 ἡμετέρῳ
1239 1145 1470 1209 παρακοίτῃ

472 1199 634 1268 ,δήμου
665 1199 901 1267 οἷτασθαλιη
928 1215 998 1240 και
1024 1198 1154 1268 μανίῃ
1183 1200 1396 1268 στρατιῆς.

439 1257 514 1310 τῆς
534 1251 708 1322 Ἑκάβης
715 1252 854 1318 ἔτλην
874 1242 985 1295 πολῦ
1013 1255 1211 1320 χείρονα,
1247 1257 1322 1322 τῆς
1349 1251 1575 1322 Ἰοκάστης,

494 1307 568 1351 ναί
587 1310 661 1350 καὶ
685 1309 758 1363 τῆς
784 1307 960 1363 Νιόβης.
1018 1306 1194 1360 ἐμπνοός
1221 1309 1307 1360 ειμι
1334 1308 1469 1356 νέκυς.

440 1365 480 1406 εἶ
506 1364 579 1404 καί
604 1362 678 1405 τὸν
705 1365 899 1417 γενέταν,
944 1364 989 1404 τί
1010 1363 1146 1431 μάτην
1179 1361 1231 1404 τά
1259 1361 1403 1417 νεογνὰ
1432 1361 1496 1405 δ’
1470 1378 1651 1406 εκτειναν

492 1417 728 1473 ἀνθρώπων
755 1418 898 1483 κακίης
921 1418 1052 1483 μηδὲν
1078 1417 1357 1483 ἐπιστάμενας

440 1471 671 1541 ἡμετέροις
684 1469 897 1514 πετάλοισι
924 1468 1143 1520 κατάσκιος
1171 1469 1308 1514 οὐκέτι
1329 1472 1483 1528 Ῥώμη·

496 1527 595 1582 ρίζα
623 1526 702 1582 γὰρ
733 1527 917 1582 ἐκλάσθη
949 1527 1160 1582 Θρηϊκίοις
1188 1526 1370 1593 ἀνέμοις.

333 1585 445 1638 Sapit
474 1583 551 1623 hoc
579 1598 738 1623 carmen
765 1591 1029 1634 vetustatem3
1064 1583 1161 1623 alias
1191 1586 1380 1638 piguisset
1399 1584 1635 1626 describere.
1680 1586 1759 1626 Sed

332 1648 490 1679 Vertele
515 1640 656 1678 Latine
683 1653 764 1678 non
791 1647 922 1678 vacat.
978 1637 1118 1678 Saltim
1145 1639 1186 1678 id
1210 1641 1408 1691 monebo,
1436 1654 1592 1680 sensum
1618 1655 1761 1680 secun-

333 1695 375 1733 di
403 1693 560 1732 distichi
598 1708 682 1733 esse
718 1693 854 1758 huncz
906 1707 1131 1733 numerosae
1165 1695 1292 1748 proles
1329 1697 1438 1748 regia
1489 1705 1614 1734 macer
1660 1710 1760 1750 quae

337 1764 421 1788 meo
438 1749 619 1803 exemplo
637 1750 865 1795 monstravi,
896 1763 1012 1804 quam
1033 1750 1244 1803 praeclara
1271 1764 1330 1787 res
1356 1752 1406 1788 sit
1434 1763 1511 1788 non
1526 1752 1760 1804 perperisse,

335 1818 413 1844 non
453 1818 629 1855 regnasse
655 1805 912 1842 nzonarclzzce.
966 1804 1008 1843 Si
1035 1805 1124 1857 quis
1161 1805 1451 1843 nominativum
1489 1818 1562 1857 pro
1601 1818 1760 1844 accusa-

334 1860 417 1897 tivo
447 1858 687 1897 substituele
715 1857 835 1908 velit,
873 1857 1000 1897 hilum
1030 1857 1190 1910 quidem
1220 1873 1301 1897 non
1329 1858 1469 1898 melius
1506 1858 1642 1909 dabit,
1685 1859 1759 1898 ha-

333 1913 445 1951 bebit
471 1920 603 1951 tamen
631 1913 905 1951 auctoritatem
943 1916 984 1952 in
1021 1914 1199 1963 Zonara,
1241 1928 1262 1952 e
1300 1928 1380 1966 quo
1421 1914 1597 1952 Bandur.
1639 1914 1690 1952 T.
1727 1914 1761 1952 Ι.

334 1968 383 2007 L.
400 1967 495 2006 VII.
530 1982 572 2019 Ρ.
606 1981 648 2004 1
631 1981 694 2020 9.
732 1966 910 2006 exhibuit
946 1968 1083 2019 λοχείη
1117 1974 1157 2006 et
1193 1967 1484 2020 πολυκοιρανίη
1529 1982 1620 2006 cum
1657 1969 1760 2007 inte-

334 2036 406 2074 gro
443 2023 617 2060 carmine
656 2029 694 2060 et
741 2022 825 2060 eius
860 2023 1023 2075 antiqua
1060 2023 1202 2060 Latina
1239 2022 1560 2075 interpretatione
1597 2023 1760 2061 menica

335 2090 380 2114 ex
427 2076 671 2129 Anthologia
719 2075 938 2114 Pithoeana
980 2077 1202 2129 depromta.
1244 2077 1298 2115 V.
1330 2092 1371 2130 9.
1408 2079 1449 2115 in
1515 2090 1551 2116 ει
1585 2091 1654 2116 και
1687 2072 1760 2115 τὸν

333 2130 499 2181 γενέταν
542 2131 615 2169 sub
658 2130 958 2182 intelligendum
1000 2146 1023 2169 a
1056 2132 1257 2170 communi
1306 2139 1344 2170 et
1391 2131 1470 2170 huc
1521 2131 1761 2170 trahendum

332 2199 500 2237 sequens
528 2180 736 2231 ἔκτειναν,
777 2185 985 2223 occzdermt
1005 2195 1239 2238 gemtorem:
1285 2195 1328 2224 ac
1353 2201 1473 2240 quare
1499 2186 1653 2224 tandem
1679 2195 1760 2224 tam

332 2241 440 2278 nullo
471 2254 556 2278 cum
577 2240 718 2290 fructu
754 2241 944 2292 parvulos
971 2240 1436 2290 occzderunt‚lum1atzae
1463 2242 1654 2295 neqmtiac
1682 2241 1760 2278 im-

328 2296 487 2348 pet-iſtros
561 2293 630 2348 [V.
679 2293 852 2333 Pontan.
893 2294 942 2332 ad
971 2295 1050 2334 Th.
1076 2295 1330 2334 Simocattam
1356 2310 1399 2349 p.
1430 2294 1525 2346 485.
1570 2295 1644 2334 Ex
1671 2293 1760 2332 Ad-

333 2349 453 2386 dend.

322 2451 326 2457 ¹
442 2347 496 2440 ]]).
518 2402 594 2441 ult.
626 2401 738 2456 [647,
761 2401 826 2455 4.]
859 2401 1093 2456 καταφυγῇ.
1148 2402 1220 2442 Est
1263 2403 1369 2456 quod
1406 2403 1537 2443 Latini
1577 2400 1760 2440 dicebant

332 2457 539 2509 rqfitgz'mcm
571 2457 859 2509 receptaculum
888 2459 1067 2504 interius,
1098 2456 1374 2496 absconditum
1401 2473 1424 2496 a
1451 2463 1686 2509 conspectu3
1716 2471 1755 2495 v.

335 2511 509 2550 Casaub.
536 2511 587 2550 ad
615 2512 757 2565 Sciipt.
792 2512 893 2549 Hist.
913 2511 1020 2564 Aug.
1055 2512 1104 2554 T.
1125 2513 1160 2551 Ι.
1187 2527 1228 2565 Ρ.
1249 2511 1316 2566 87.
1343 2512 1509 2552 Guther.
1535 2525 1575 2564 Ρ.
1600 2510 1691 2548 225.
1714 2511 1757 2560 4.

334 2564 418 2603 Nos
446 2565 665 2604 diceremus
692 2566 764 2604 cler
790 2566 1050 2617 Kleutzgang.

418 2619 510 2672 574.
545 2621 597 2658 A
627 2635 688 2658 11.
721 2616 1421 2674 [647.11.]ΚυρᾶςΕὕφροσύνης.
1476 2619 1760 2659 Monasterium

336 2670 411 2709 hoc
441 2675 492 2710 ita
524 2674 599 2712 fuit
626 2674 866 2726 appellatum
895 2674 944 2712 de
974 2673 1187 2712 conditi-ic(
1216 2688 1285 2711 sua
1312 2673 1590 2724 Euphrosyna,
1623 2674 1760 2712 eadem

336 2723 430 2776 illa,
477 2741 577 2779 quae
632 2729 749 2781 paulo
793 2735 882 2781 post
922 2726 1317 2774 commemoxabitui,
1365 2726 1443 2764 filia
1486 2728 1758 2779 Constantini,
