1884 3132
233 127 308 170 An
350 124 648 169 consum.
688 122 886 166 Pomm.
926 123 1000 163 DE
1037 121 1218 164 cssmm.
1258 122 1355 161 Lm.
1396 123 1429 160 1.
1477 99 1588 175 437

154 239 290 285 specto
326 237 483 270 tantum
506 259 519 281 ,
555 227 687 283 digitis
714 241 797 266 non
825 233 973 266 attacto
992 257 1003 274 ‚
1053 233 1124 265 aut
1159 226 1280 264 etiam
1315 238 1434 278 super
1471 232 1592 278 caput

152 286 283 340 posito
301 315 314 336 ,
342 285 427 325 vid.
450 285 521 325 Du
541 284 676 336 Gange
704 282 832 322 Gloss.
861 283 996 320 Latin.
1026 296 1068 321 v.
1098 282 1252 320 Iurat-e.

235 350 328 402 244.
346 350 402 389 A.
426 363 489 389 ιι.
507 348 625 403 Mae,
652 347 739 402 11.]
767 342 874 386 καλά
903 344 1062 397 πάσχα.
1117 347 1225 396 Quia
1252 345 1397 385 festum
1414 346 1589 386 Pascha·

153 407 207 445 tis
225 413 382 458 tempus
411 405 519 458 apud
544 403 720 442 Graecos
750 404 791 441 in
819 409 906 441 toto
924 414 1031 440 anno
1059 400 1346 440 hilarissimum
1376 410 1434 441 est
1450 433 1460 449 ‚
1495 410 1591 441 tunc

149 462 257 500 enim
294 467 384 514 post
424 458 585 512 longam
622 473 646 497 a
683 459 817 496 carnis
846 471 914 495 esu
939 457 1222 496 abstinentiam
1267 464 1457 495 revocant
1500 472 1592 496 car-

151 530 250 566 nes;
279 515 380 554 adeo
405 522 451 553 ut
479 515 599 553 etiam
627 513 771 551 festum
797 511 898 550 illud
935 526 1007 564 per
1036 510 1309 550 excellentiam
1336 507 1415 564 τὴν
1441 506 1591 564 ἑορτὴν

147 577 190 609 et
215 565 292 622 τήν
319 567 479 621 ἡμέραν
505 567 734 621 appellent:
766 566 850 605 vid.
891 566 1109 605 Alemann.
1136 566 1188 604 ad
1216 567 1389 618 Procop.
1422 582 1461 619 p.
1487 566 1556 616 45.
1574 583 1586 606 :

149 625 246 664 hinc
271 621 423 663 factum
451 629 532 671 est,
564 629 610 660 ut
636 622 804 660 hilarem
835 635 1115 675 quemcunque
1143 621 1249 659 diem
1268 621 1422 660 Pascha
1451 622 1588 674 appel-

149 679 306 728 larent,
335 685 374 717 et
401 674 658 728 πασχάζειν,
687 678 730 715 in
754 677 908 714 ΙιιἹανῐιζς
933 691 1028 714 esse.
1087 675 1182 714 vid.
1213 676 1336 714 Goar.
1359 677 1409 714 ad
1439 677 1584 716 Codin.

146 749 190 788 p.
201 735 269 788 95.
287 746 331 773 n.
352 747 394 786 9.
414 731 512 772 Pari
541 731 661 770 modo
675 731 809 769 Latini
830 730 1037 774 Paschatis
1066 731 1228 769 nomine
1254 730 1340 769 dics
1369 731 1588 772 dominicas

150 796 191 828 et
225 788 323 827 alios
358 788 591 840 praecipuos
627 786 749 825 festos
787 787 882 824 anni
911 785 1113 838 appellant
1130 814 1142 835 ‚
1187 792 1227 824 et
1256 786 1483 825 indumenta
1505 802 1588 841 pa-

145 843 321 889 schalia,
351 857 453 896 quae
481 842 620 880 diebus
649 841 756 880 festis
784 848 904 894 atque
931 841 1144 879 dominicis
1172 839 1375 890 induunt3
1405 842 1488 880 vid.
1519 842 1587 880 Du

142 898 278 952 Gange
307 896 439 937 Gloss.
469 897 560 935 Lat.
588 910 630 936 v.
661 895 831 935 Pascha.
885 895 1016 934 Paulo
1042 902 1133 948 post
1171 895 1249 950 legi
1277 895 1422 936 debere
1451 894 1585 948 εὐθή-

146 966 276 1004 νειαν,
305 953 370 991 vix
397 965 542 1006 operae
565 953 738 1004 pretium
765 957 824 990 est
850 957 1005 991 notare.

254 1017 309 1056 A.
333 1017 397 1056 13.
413 1015 529 1072 [42ο,
551 1012 742 1070 13.]“ἔξω
781 1013 887 1067 βάλε
911 1013 985 1055 τὸν
1012 1015 1201 1068 κλέπτην.
1257 1016 1369 1055 Inter
1400 1016 1585 1058 solennes

226 1071 283 1112 uli
322 1071 583 1125 flagitationes
618 1070 765 1110 talibus
805 1070 1081 1110 occasionibus
1109 1078 1149 1109 et
1176 1070 1273 1110 alias
1300 1073 1343 1110 in
1372 1073 1479 1111 circo
1506 1087 1584 1126 pu-

142 1086 249 1167 {iiie
277 1127 513 1180 significatas
541 1133 627 1165 erat
657 1127 776 1165 etiam
805 1125 905 1165 haec
925 1155 938 1176 ,
966 1133 1014 1165 ut
1041 1125 1265 1177 delatores,
1303 1134 1350 1165 ut
1378 1127 1583 1179 peculato-

142 1197 231 1233 res,
262 1182 344 1221 fisci
372 1183 648 1235 sanguisugae,
675 1189 722 1220 ut
749 1182 948 1230 extranei,
979 1181 1250 1234 alienigenae,
1280 1183 1349 1234 qui
1371 1182 1582 1234 dignitates

146 1238 343 1290 indigenis
360 1239 645 1290 praeriperent,
674 1235 980 1289 expellerentur,
1010 1243 1080 1275 aut
1104 1235 1236 1275 saltim
1254 1238 1581 1288 reprimerentur.

144 1291 262 1331 Conf.
293 1290 480 1344 Theoph.
517 1306 560 1344 p.
589 1289 698 1340 ¹55„
728 1291 899 1330 Cedren.
933 1306 975 1344 p.
1011 1291 1104 1344 357.
1163 1291 1211 1329 In
1237 1290 1446 1345 Actologia
1475 1293 1583 1345 apud

143 1346 419 1399 Lampridium
446 1347 498 1385 Τ.
519 1347 549 1384 Ι.
567 1345 711 1398 Script.
738 1346 842 1384 Hist.
865 1360 955 1398 pag.
979 1345 1074 1386 525.
1104 1352 1163 1384 est
1188 1360 1200 1384 ε
1230 1347 1383 1384 exaudi
1411 1347 1581 1399 Caesar,

140 1401 333 1440 delatooes
347 1401 404 1439 ad
418 1402 568 1439 leonem
578 1413 593 1448 ;
619 1399 763 1452 p.526.
777 1413 790 1438 2
811 1401 1045 1440 delatoribus
1070 1409 1230 1449 metum,
1247 1410 1288 1439 ut
1302 1403 1426 1439 securi
1443 1404 1575 1448 simu-5,

142 1455 379 1494 delatoribus
408 1464 562 1493 mettun.
588 1454 907 1494 Acclamationes
932 1455 979 1493 in
1002 1455 1183 1493 Concilio
1210 1455 1453 1494 Chalcedon.
1484 1457 1581 1495 Act.

145 1510 183 1548 I.
210 1507 278 1549 τὸν
305 1505 531 1561 ὄρθόδοξον
548 1507 601 1562 τῇ
626 1506 787 1561 συνόδῳ
816 1509 979 1558 (scilicet
1003 1508 1143 1546 datum
1158 1511 1339 1561 cupimus
1365 1517 1436 1547 aut
1463 1511 1577 1550 resti-

142 1564 308 1615 tutum),
338 1560 436 1611 τούς
464 1561 707 1608 α’νασειὶπας
735 1563 866 1612 (tubas
897 1570 938 1602 et
967 1563 1071 1602 faces
1098 1564 1360 1613 tumultuum)
1389 1560 1470 1612 ἔξω
1498 1562 1579 1615 βά-

145 1620 220 1669 λε,
266 1614 365 1664 τοὺς
403 1618 555 1670 φονέας
595 1613 674 1664 ἔξω
702 1614 819 1667 βάλε.
858 1618 1015 1657 Passim
1051 1626 1268 1657 occurrunt
1302 1619 1507 1671 exempla,
1543 1621 1577 1658 si

142 1674 245 1714 bene
282 1674 476 1722 memini,
517 1673 558 1711 in
596 1673 854 1725 scriptoribus
880 1672 1069 1711 historiae
1097 1672 1316 1726 Augustae.

252 1728 305 1767 A.
324 1728 397 1766 ult.
424 1727 540 1782 [420,
568 1725 650 1780 [5.]
679 1728 726 1781 τῇ
756 1724 889 1766 πόλει.
941 1727 1084 1765 Prodit
1110 1726 1188 1765 hoc
1204 1728 1469 1767 Latinismum
1496 1723 1575 1777 ἔξω

143 1779 247 1834 βάλε
273 1783 322 1837 τῇ
349 1778 493 1832 πόλει,
531 1783 626 1820 eiice
675 1782 791 1827 urbe,
830 1795 905 1834 pro
931 1781 1005 1833 τῆς
1031 1777 1191 1829 πόλεως
1215 1811 1228 1832 ,
1285 1790 1331 1821 ut
1362 1783 1481 1821 etiam
1508 1798 1575 1821 ac-

143 1837 399 1877 clamationes
433 1837 505 1875 has
533 1837 673 1875 Latine
701 1836 826 1875 dictas
846 1865 858 1886 ,
904 1843 943 1874 et
972 1850 996 1874 a
1023 1836 1147 1875 Petro
1177 1837 1364 1890 deinceps
1390 1838 1575 1876 verbote-

143 1907 219 1932 nus
261 1900 301 1931 et
346 1905 479 1944 presse
505 1893 547 1929 in
579 1891 777 1931 Graecum
808 1904 1032 1930 sermonem
1060 1905 1195 1930 versas
1222 1886 1349 1930 fuisse*
1367 1891 1575 1944 probabile

145 1947 197 1986 sit
235 1946 411 1987 credere.
473 1946 613 1985 Saltim
652 1946 783 1985 adhuc
819 1953 908 1984 tum
946 1947 1137 1998 temporis
1177 1945 1276 1984 CPli
1314 1947 1356 1984 in
1391 1960 1574 1986 sermone

143 2002 295 2040 Graeco
320 2001 446 2039 multa
474 2009 706 2054 supererant
729 2002 894 2054 vestigia
927 2000 1107 2039 coloniae
1133 2001 1300 2040 Latinae
1334 2001 1506 2039 militum
1533 2009 1574 2041 et

142 2056 313 2096 aliorum
346 2070 371 2094 a
398 2056 657 2095 Constantino
696 2057 757 2096 Μ.
789 2056 919 2095 Roma
947 2056 990 2094 In
1016 2055 1234 2095 Thraciam
1261 2056 1495 2108 traductae3
1526 2071 1569 2096 v.

142 2111 197 2151 ad
221 2126 268 2164 p.
289 2109 384 2161 246.
402 2109 456 2149 Α.
478 2124 538 2149 11.

251 2166 300 2204 C.
322 2179 362 2204 2.
387 2164 499 2219 [42ι,
521 2162 728 2219 4.]ταῦτη,
781 2165 842 2204 Ut
868 2163 1015 2211 τοῦτος
1042 2179 1119 2218 pro
1146 2155 1264 2211 οὗτος
1292 2164 1492 2212 dicebant,
1512 2165 1565 2217 (v.

64 2269 67 2272 Ι
141 2219 277 2260 Malal.
293 2250 305 2271 ,
334 2219 440 2273 apud
467 2234 590 2273 quem.
613 2221 798 2260 omnibus
823 2234 949 2273 paene
976 2220 1130 2274 paginis
1158 2220 1331 2259 occurrit
1346 2220 1373 2270 ‚)
1399 2221 1456 2258 ita
1468 2217 1570 2259 ταύ-

140 2290 192 2328 v]
220 2289 379 2328 quoque
404 2288 479 2327 pro
506 2268 611 2327 αὕτη
632 2290 644 2325 ;
671 2276 808 2315 tafften
837 2288 997 2328 quoque
1023 2289 1097 2330 pro
1123 2265 1238 2313 οὗτοι
1265 2274 1352 2327 lego
1380 2274 1487 2327 apud
1507 2274 1568 2312 A-

140 2330 357 2369 thenaeum
381 2344 426 2382 p.
445 2328 539 2379 458.
566 2337 716 2383 antep.‚
746 2329 858 2384 quod
881 2331 1008 2384 ipsine
1035 2330 1205 2381 auctori,
1234 2343 1286 2369 an
1314 2329 1477 2368 librario
1497 2329 1567 2368 de-

139 2384 309 2433 beatur,
338 2386 382 2423 in
408 2383 535 2423 dubio
554 2384 755 2438 relinquo.

222 2449 318 2501 244.
341 2451 389 2489 C.
407 2449 483 2488 ult.
502 2448 594 2504 [421
611 2480 625 2500 ,
662 2449 744 2504 ι2.]
785 2449 1075 2496 συναινέσεως.
1130 2450 1353 2490 consensus.
1413 2448 1640 2491 Συναι-Εᾶ.
1651 2454 1690 2491 1..
1705 2456 1771 2492 138

141 2509 225 2544 νεῖν
248 2505 369 2543 habet
395 2519 554 2558 quoque
579 2505 699 2558 Diog.
719 2506 852 2544 Lae'rt.
874 2520 916 2558 p.
942 2519 1001 2543 10.
1016 2518 1139 2558 segm.
1163 2506 1230 2544 52.
1258 2504 1335 2543 ult.

246 2570 298 2608 D.
314 2584 354 2608 2.
376 2569 490 2624 [42ι,
515 2570 591 2624 ιᾷ]
621 2566 761 2622 ἇγνὸν.
803 2570 845 2610 Α
864 2571 970 2609 vitiis·
982 2585 1151 2624 put-um,
1180 2579 1349 2618 castum,
1378 2570 1559 2610 sobrium.

141 2622 189 2661 ld
240 2625 388 2663 rofecto
412 2633 525 2665 notat
550 2624 807 2666 vocabulum.
857 2625 936 2664 Sed
961 2628 1171 2678 praecipue
1199 2623 1299 2664 solet
1325 2624 1559 2678 significare,

144 2683 184 2716 et
211 2637 276 2718 gie
302 2693 460 2733 quoque
488 2680 566 2723 loci
589 2688 702 2730 notat
722 2710 737 2735 ‚
763 2680 815 2722 ab
841 2681 1031 2733 avaritia,
1074 2679 1282 2733 sordibus,
1311 2680 1462 2734 rapinis
1484 2695 1562 2734 pu—
