1884 3132
359 110 470 186 878
664 129 736 172 10.
772 130 881 174 mc.
920 132 1113 175 amsxn
1152 132 1528 189 COMMENTARn

355 240 396 271 et
422 246 630 287 pag.2ro.
666 235 720 274 A.
759 234 799 278 8.
842 236 979 277 Simile
1025 238 1123 291 quid
1173 239 1335 278 invenio
1386 240 1427 279 in
1481 239 1644 279 loannis
1685 238 1780 294 sty-

354 286 450 328 litae
499 287 698 328 Chronico
758 291 922 344 Syriaco
964 293 1071 346 apud
1121 293 1331 333 Asseman.
1387 294 1442 334 T.
1490 295 1545 334 ll.
1590 308 1631 347 p.
1682 307 1778 348 27¹·

352 342 459 382 Bibl.
500 343 604 384 On:
660 345 956 394 Demosthenes,
1008 348 1182 387 Edessae
1212 350 1446 403 praefectus,
1475 362 1669 404 pauperes
1697 349 1781 388 col-

352 398 465 450 legit,
511 408 550 437 et
580 414 677 454 quos
708 401 891 454 plumbeo
929 404 1039 455 signo
1079 403 1137 441 ad
1163 405 1304 442 collum
1336 418 1507 459 appenso
1548 413 1778 451 notaverat,

351 455 401 491 iis
434 454 577 492 libram
610 457 730 509 panis
767 456 891 495 dietui
929 458 1147 506 distribuit;
1200 466 1239 497 et
1282 460 1324 497 in
1379 459 1511 498 Gestis
1563 459 1782 498 innocentii

351 507 425 547 111.
453 523 494 561 p.
527 508 614 549 150.
629 525 641 549 :
682 512 872 551 circuibat
907 521 946 550 et
979 513 1235 565 investigabat
1264 514 1476 566 diligenter·
1518 515 1784 564 eleemosyna-

351 564 432 602 rius
453 566 532 602 eius
558 579 752 620 pauperes
790 581 838 604 ac
864 567 1007 606 debiles
1049 570 1224 606 maxime
1269 569 1441 615 nobiles,
1486 566 1680 622 dabatque
1728 570 1779 606 iis

350 619 497 670 sigilla,
533 629 574 657 ut
595 635 671 674 per
698 634 762 658 eos
778 650 789 669 ‚
822 623 894 676 qai
922 623 1009 675 ipsa
1043 623 1252 672 referrent,
1297 624 1458 676 singulis
1483 621 1783 663 hebdomadibus

350 675 569 728 acciperent
590 676 647 714 ad
678 676 831 714 victum.
895 677 957 715 De
983 678 1217 726 συντομιόις
1243 677 1485 727 καλαμίνοις
1520 691 1589 716 seu
1627 679 1783 718 tesseris

352 727 510 782 ligneis,
531 740 630 782 quas
655 731 723 783 qui
743 738 981 770 monstraret
995 762 1007 781 ,
1026 732 1242 783 accipiebat
1269 724 1422 785 ἄρτους
1450 730 1779 783 ὃιαιωνίζοντας,

350 790 435 823 tota
469 785 551 824 vita
592 799 663 824 sua
701 786 877 838 quotidie
905 801 1028 839 panes
1072 786 1301 840 siligineos,
1344 800 1383 830 v.
1417 785 1586 826 Salmas.
1613 786 1666 825 ad
1692 787 1779 826 Scr.

352 838 459 878 Hist.
495 839 602 892 Aug.
634 841 684 878 T.
719 841 773 878 11.
838 869 847 879 .
881 842 973 880 502.

460 894 507 933 C.
539 908 578 932 2.
606 894 718 949 [748,
743 855 831 949 ι2.ἳ
851 891 924 935 τὸν
952 895 1029 933 τοῦ
1052 893 1300 944 ὀπτομίνσου
1328 892 1491 945 μίνσον.
1549 895 1694 935 Missus
1716 910 1782 936 as-

350 955 457 987 satae
487 950 616 988 carnis
645 957 730 988 erat
754 950 950 988 secundus
969 950 1032 989 vel
1053 950 1221 988 medius.
1282 950 1382 988 Tres
1402 952 1507 989 enim
1525 952 1667 990 missus
1684 965 1783 990 con-

349 1004 534 1042 ficiebant
562 1004 696 1056 epulas
725 1019 869 1043 sacras.
926 1005 1088 1044 Primus
1129 1005 1378 1057 nescio‘quo
1421 1006 1584 1057 proprio
1622 1007 1782 1047 nomine

348 1058 500 1107 dictus,
544 1059 654 1097 velut
689 1059 900 1111 promulsis
935 1066 975 1098 et
1010 1060 1192 1098 invitatio
1218 1058 1430 1098 ventriculi
1456 1060 1508 1098 ad
1537 1062 1780 1113 appetitum,

349 1108 503 1164 ὡραῖον
533 1121 712 1152 veterum
741 1115 987 1153 Graecorum
1006 1143 1019 1165 ‚
1046 1114 1131 1152 vid.
1151 1113 1404 1153 Athenaeum
1430 1129 1471 1168 p.
1497 1114 1614 1164 116.,
1641 1130 1783 1155 secun-

348 1167 424 1206 dus
452 1169 592 1207 missus
625 1175 775 1207 assatae
803 1171 959 1218 carnis,
994 1169 1136 1208 tertius
1162 1165 1206 1207 τὸ
1238 1167 1425 1218 δουλκίν,
1471 1168 1781 1221 dulciariorum,

347 1221 523 1261 liborum
548 1223 808 1262 mellitorum.
865 1225 964 1262 Tres
988 1237 1148 1278 quoque
1176 1223 1316 1262 missus
1343 1223 1450 1276 apud
1468 1224 1631 1263 Latinos
1651 1225 1782 1264 medio

349 1291 449 1316 aevo
478 1278 518 1316 in
546 1293 618 1316 usu
647 1279 789 1328 fuisse,
819 1278 1019 1332 colligitur
1046 1293 1068 1317 e
1096 1283 1357 1317 monumento
1387 1279 1561 1332 quodam
1585 1279 1783 1318 Mediola-

348 1333 462 1371 nensi
490 1333 597 1385 apud
623 1335 820 1372 Murator.
850 1333 1019 1387 Antiqu.
1046 1333 1174 1372 Italic.
1206 1333 1258 1372 T.
1287 1333 1342 1372 11.
1370 1348 1413 1386 p.
1443 1334 1549 1382 313„
1579 1334 1649 1373 ubi
1676 1335 1781 1374 inter

348 1387 551 1427 Abbatem
580 1389 623 1427 S.
663 1388 867 1427 Ambrosii
907 1395 946 1427 et
984 1389 1069 1428 eius
1110 1388 1318 1427 canonicos
1355 1388 1397 1427 id
1432 1388 1679 1428 contrahitur
1711 1403 1784 1443 pa-

349 1449 486 1494 ctum,
522 1451 568 1482 ut
595 1442 675 1490 ille,
707 1445 862 1496 quoties
890 1443 962 1482 lios
989 1443 1040 1482 ad
1069 1444 1298 1482 convivium
1327 1443 1525 1490 invitaret,
1563 1444 1670 1497 quod
1697 1458 1786 1483 cer-

348 1497 400 1535 tis
430 1505 469 1536 et
498 1500 608 1537 statis
636 1498 763 1537 facere
791 1498 961 1538 debebat
991 1499 1237 1552 temporibus
1252 1526 1264 1544 ‚
1294 1504 1428 1538 ternas
1458 1499 1595 1537 inferri
1626 1505 1785 1539 curaret

343 1553 554 1606 positiones
572 1583 583 1603 ,
613 1560 652 1592 et
682 1554 722 1592 in
752 1567 889 1592 earum
914 1553 1078 1606 singulis
1108 1561 1221 1592 terna
1250 1551 1412 1593 fercula.
1466 1554 1637 1592 Ioannes
1668 1553 1781 1592 Mus-

349 1621 416 1646 sus
444 1608 483 1646 in
512 1607 665 1647 Chron.
697 1608 876 1647 Placent.
908 1608 1006 1647 ibid.
1033 1623 1073 1661 p.
1107 1609 1200 1648 520.
1229 1607 1333 1646 fine:
1368 1622 1447 1662 pro
1477 1609 1613 1662 prima
1642 1608 1784 1646 inban-

348 1662 497 1701 ditione
526 1658 799 1716 [ἐμβάμματι]
831 1664 930 1702 dant
947 1663 1043 1702 duos
1067 1677 1258 1718 cappones
1273 1684 1325 1692 --
1360 1672 1496 1716 postea
1524 1663 1623 1700 dant
1647 1676 1785 1701 carnes

350 1726 497 1756 assatas
530 1717 616 1771 [hic
645 1725 702 1756 est
730 1718 925 1756 secundus
947 1719 1104 1769 missus]
1135 1742 1188 1748 —-
1215 1726 1350 1771 postea
1370 1718 1468 1756 dant
1497 1726 1618 1755 tur-tas
1643 1717 1700 1768 [id
1724 1724 1786 1756 est

348 1769 564 1824 κολλύρια,
592 1771 686 1821 liba,
719 1774 760 1811 in
789 1772 939 1811 cimelii
973 1773 1135 1811 modum
1162 1773 1297 1824 pista;
1327 1772 1507 1824 designat
1532 1769 1723 1824 dulcium]
1749 1780 1789 1811 et

347 1826 540 1866 Zoniatas
567 1841 652 1864 cum
678 1837 811 1880 tragea
831 1830 984 1866 saccari
1002 1828 1053 1866 de
1077 1841 1224 1881 supra,·
1253 1835 1390 1880 postea
1413 1827 1512 1865 dant
1514 1826 1648 1881 fluges
1678 1825 1786 1879 [bel-

349 1878 475 1932 laria,
514 1882 675 1934 frugess
703 1882 854 1921 fructus
882 1881 1088 1936 horaeos]‚
1123 1891 1256 1936 postea
1274 1911 1285 1929 ,
1329 1882 1417 1920 lotis
1441 1883 1554 1935 prius
1583 1881 1782 1929 manibus,

348 1944 559 1990 antequam
597 1937 750 1975 tabulae
783 1937 960 1976 leventur
972 1966 985 1987 ‚
1031 1938 1129 1975 dant
1155 1936 1281 1974 bibere
1315 1945 1354 1974 et
1381 1937 1590 1981 conlectum
1618 1935 1667 1973 de
1699 1949 1787 1973 sac-

346 2003 464 2039 caro,
503 1999 541 2029 et
580 2001 715 2044 postea
747 1992 888 2031 bibere.
947 1991 1059 2030 ldem
1098 2004 1221 2044 paene
1257 1990 1357 2029 ordo
1391 1990 1498 2043 apud
1525 2004 1599 2028 nos
1629 2003 1788 2043 quoque

348 2042 471 2083 hodie
511 2047 553 2083 in
580 2046 736 2085 ferculis
775 2047 1034 2095 observatur,
1086 2053 1125 2084 et
1161 2045 1259 2084 olim
1295 2045 1527 2084 observatus
1561 2044 1639 2082 fuit
1678 2044 1787 2096 apud

348 2106 501 2138 veteres
528 2101 700 2140 Graecos
727 2108 766 2140 et
791 2102 991 2140 Romanos
1007 2130 1020 2151 ‚
1053 2101 1197 2153 quibus
1233 2097 1436 2152 placentae
1471 2099 1657 2138 ultimum
1690 2099 1788 2137 mis-

349 2167 440 2192 sum
478 2155 743 2207 praestabant.
802 2156 884 2195 Nec
927 2157 1150 2209 discrepant
1187 2154 1303 2192 Russi
1321 2184 1331 2201 ‚
1373 2154 1423 2193 de
1462 2153 1607 2207 quibus
1647 2159 1786 2191 auctor

347 2208 416 2247 des
441 2210 699 2248 veriinderten
717 2211 946 2250 Russlandes
970 2225 1012 2264 p.
1049 2209 1110 2249 18.
1142 2209 1240 2248 haec
1277 2216 1435 2248 narrat:
1483 2208 1660 2260 „Wenn
1694 2221 1787 2265 man

351 2264 432 2301 sich
458 2272 600 2315 gesetzt
616 2294 627 2314 ‚
651 2265 814 2304 werden
836 2279 923 2304 zum
941 2274 1066 2304 ersten
1089 2265 1216 2303 maille
1242 2263 1344 2302 katte
1366 2263 1547 2317 Speisen,
1575 2262 1783 2309 Sclu'nken‚

357 2317 427 2356 W
423 2319 535 2366 iirste‚
550 2318 697 2369 Saltu»,
709 2321 807 2358 auch
815 2321 980 2371 allerley
987 2322 1058 2359 mit
1070 2319 1309 2367 Baumoelzl„
1317 2317 1549 2356 Knoblauclz
1562 2317 1646 2355 und
1651 2317 1691 2354 Z
1691 2316 1785 2355 wie·

351 2371 441 2411 beln
460 2374 663 2412 zubereitet
684 2375 726 2412 F
722 2376 837 2412 leisch
856 2377 1105 2427 azffgetragen
1115 2389 1127 2423 ,-
1154 2375 1276 2412 dieses
1295 2373 1411 2410 bleibt
1427 2373 1521 2410 iiber
1540 2373 1624 2410 eine
1637 2369 1784 2408 Stunde

350 2428 434 2478 auf
450 2427 524 2466 der
548 2428 666 2479 Tafel
690 2430 822 2478 stelm;
857 2431 986 2468 nechst
1007 2431 1100 2468 dem
1129 2428 1307 2466 kommen
1329 2427 1395 2465 die
1423 2427 1583 2480 Suppen
1598 2453 1610 2474 ‚
1637 2424 1786 2462 Braten

349 2481 434 2521 und
473 2496 655 2522 warmen
692 2483 877 2536 Speisen,·
921 2484 1005 2522 und
1038 2497 1124 2522 zum
1152 2483 1294 2520 dritten
1321 2482 1432 2520 maht
1465 2481 1538 2519 der
1577 2479 1656 2517 Con
1676 2480 1783 2516 ect.“

460 2536 506 2575 C.
535 2551 576 2591 7.
606 2535 716 2591 [748,
744 2539 825 2590 15.]
868 2533 945 2589 τὴν
979 2535 1260 2589 χειρονομίαν.
1331 2536 1471 2574 Graeci
1509 2539 1692 2572 cantores
1732 2531 1785 2571 ad

350 2590 469 2629 unius
497 2590 745 2631 chorostatae
773 2606 843 2631 seu
869 2592 1075 2631 directoris
1104 2592 1277 2630 musicae
1304 2588 1618 2643 gesticulationes
1660 2588 1784 2639 respi-

352 2645 483 2692 ciunt,
530 2648 599 2698 qui
639 2647 822 2685 manibus
854 2648 896 2685 in
925 2647 1125 2686 diversum
1153 2645 1307 2698 agitatis
1338 2643 1502 2690 tollere,
1532 2641 1778 2694 deprimere,

351 2695 507 2738 flectere
534 2714 672 2740 vocem
701 2701 840 2753 iubet5
867 2715 906 2746 v.
933 2701 1001 2741 Du
1028 2702 1160 2754 Gange
1187 2713 1228 2740 v.
1257 2699 1542 2751 Χειρονομεῖν.
