1884 3132
114 905 178 941 Ed.
191 906 227 941 1..
243 917 300 941 ιιι

323 121 434 191 384
630 144 703 188 ιο.
745 143 849 189 1Ac.
888 148 1080 190 RssisKn
1117 147 1528 193 COMMENTARn*

311 248 361 290 h.
389 262 428 292 v.
486 248 595 289 Infra
639 250 832 292 habemus
859 250 1114 304 βαλαντὰὃες
1139 267 1212 307 pro
1239 252 1523 305 βαλαντιάδες.
1576 254 1631 296 Et
1653 255 1749 296 talia

320 303 449 343 multa
477 315 705 346 occurrunt.

431 359 483 398 A.
506 361 545 400 5.
570 362 683 415 [393,
704 361 765 416 5.]
796 358 960 414 δεχθείς
990 388 1044 395 -
1072 363 1133 410 εἷς
1151 360 1226 415 τήν
1245 364 1475 415 βασιλείαν.
1532 363 1747 418 Theopha-

320 427 390 453 nes
417 429 456 467 p.
479 416 546 468 73.
567 417 672 467 init.‚
702 417 773 456 ubi
806 419 855 457 de
884 420 1048 469 Ioanne,
1068 420 1219 459 Romae
1246 427 1445 474 tyranno:
1481 417 1673 472 Ἰωάννης
1699 418 1748 459 δέ

320 483 380 516 τις
409 471 454 508 ἐκ
481 471 564 509 τῶν
590 472 819 522 βασιλικῶν
855 470 1132 527 ὖπογραφέων
1168 471 1243 526 τὴν
1280 474 1324 514 ἐν
1357 471 1495 529 Ῥώμῃ
1527 474 1747 525 βασιλείαν

321 520 499 576 ἁρπάζει
531 526 605 565 καί
629 526 821 580 πρέσβεις
848 524 951 580 πρὸς
978 526 1049 568 τὸν
1062 524 1286 571 Θεοδόσιον
1305 527 1562 582 ἀποστέλλει,
1591 528 1747 582 δεχθῆ-

319 591 390 618 ναι
415 578 475 626 εἰς
497 581 673 631 βασιλέα
707 579 909 633 δεόμενος.

429 635 482 674 A.
505 651 542 690 7.
560 635 679 690 [395‚
701 639 760 692 7.]
807 639 986 689 βεβαιοῖ.
1041 639 1259 694 *[Quando
1279 639 1539 681 confirmabat
1569 639 1746 693 Impera*-

321 695 385 728 tor
419 692 579 730 orientis
600 693 884 732 occidentalem
902 723 912 742 ‚
943 697 1125 734 mittebat
1150 698 1222 748 ipsi
1260 694 1464 749 στεφανόν
1501 691 1744 746 βασιλικὸν,

320 752 366 783 ut
389 745 652 800 Theophanes
676 762 717 802 p.
741 750 808 802 73.
829 749 879 788 de
898 750 1123 790 Theodosio
1139 751 1464 790 Valentinianum
1488 750 1747 790 confirmante

318 809 472 840 narrat.
531 803 726 856 Imagines
760 806 986 858 principum
1017 807 1302 846 adorabantur.
1345 809 1532 845 Anastas.
1567 820 1607 858 p.
1628 803 1744 858 86.]*

318 855 478 910 Longus
508 857 574 896 hic
606 861 684 897 texi
719 867 850 912 posset
876 860 1077 914 catalogus
1118 863 1249 915 Impp.
1283 860 1587 901 occidentalium
1615 867 1654 898 et
1681 873 1745 898 re-

319 925 414 964 gum
448 911 584 952 ltaliae
620 914 907 962 Gothicorum‚
953 918 1021 969 qui
1053 918 1277 955 confirmari
1318 931 1360 955 se
1393 916 1445 954 ab
1486 913 1746 954 orientalibus

321 973 360 1005 et
383 967 492 1006 velut
511 969 690 1008 investiri
712 983 753 1007 se
777 978 984 1009 curarunt.
1047 973 1196 1010 Verum
1220 972 1261 1011 id
1283 972 1347 1010 hic
1373 971 1450 1010 loci
1471 985 1550 1009 non
1573 971 1742 1023 agimus.

403 1036 497 1076 229.
521 1024 564 1063 B.
585 1023 659 1062 ult.
676 1023 793 1078 [393.
822 1025 901 1078 ι7.]
933 1021 1194 1066 κελεύσωσιν.
1249 1028 1388 1067 Posset
1427 1024 1666 1078 subintelligi
1705 1019 1746 1062 οἳ

321 1073 534 1117 δεσπόται.
588 1079 666 1117 Sed
693 1086 823 1132 potest
851 1095 1011 1134 quoque
1028 1111 1038 1128 ‚
1070 1082 1222 1121 etiamsi
1239 1077 1464 1120 κελεύσωσι
1480 1079 1646 1133 pluralis
1675 1078 1761 1129 sit,r

321 1129 344 1171 ὃ
376 1130 576 1186 δεσπότης
602 1133 854 1188 subintelligi.
911 1136 995 1174 lam
1024 1135 1094 1175 illo
1121 1145 1300 1190 tempore
1342 1138 1383 1175 in
1425 1150 1537 1174 more
1570 1135 1746 1188 positum

321 1195 430 1239 erat,
460 1189 568 1241 quod
597 1189 717 1229 hodie
742 1190 1057 1242 vulgatissimum
1085 1199 1166 1240 est,
1200 1193 1250 1231 de
1282 1191 1534 1230 honoratiore
1550 1220 1562 1240 ‚
1591 1189 1746 1229 etiamsi

320 1257 430 1294 uno,
461 1245 502 1282 in
528 1244 673 1298 plurali
702 1259 890 1285 narrare:
935 1247 1059 1285 velint
1077 1277 1087 1295 ‚
1132 1248 1287 1286 iubeant
1323 1260 1396 1299 pro
1430 1247 1548 1294 velit,
1587 1245 1716 1284 iubeat
1725 1258 1744 1293 ‚-

320 1305 367 1336 ut
393 1313 465 1338 nos
506 1314 664 1353 quoque
699 1299 866 1339 dicimus
880 1315 892 1339 ε
930 1316 1049 1341 οννεηη
1078 1302 1176 1340 [hro
1211 1302 1396 1340 Maiesteit
1425 1301 1622 1353 bqf'elzlen,
1664 1311 1743 1352 pro

319 1367 438 1393 wenn
465 1354 580 1394 Seine
603 1356 787 1394 Maiestiic
807 1356 972 1412 btfiehlt.
1029 1357 1111 1395 Iam
1142 1357 1235 1395 alibi
1262 1357 1341 1395 dixi
1368 1356 1417 1395 de
1447 1354 1630 1395 subsultu
1656 1366 1746 1393 mo-

319 1416 531 1450 mentaneo
563 1425 586 1449 a
613 1409 803 1464 singulari
839 1411 890 1450 ad
918 1409 1112 1464 pluralem
1134 1419 1173 1451 et
1199 1412 1250 1450 ab
1278 1412 1354 1450 hoc
1383 1425 1520 1450 rursus
1547 1410 1598 1449 ad
1625 1408 1763 1448 illum.

320 1464 481 1504 Graecis
508 1473 548 1504 et
575 1466 727 1504 Latinis
754 1464 866 1505 nullo
892 1481 974 1505 non
998 1474 1176 1520 tempore
1202 1469 1360 1508 usitato.
1759 1502 1761 1504 .

430 1520 478 1558 C.
507 1535 541 1560 1.
565 1522 676 1575 [393‚
706 1519 792 1575 18.]
826 1521 989 1560 δίδοται
1005 1520 1194 1571 μανδάτα
1226 1521 1440 1561 σιλέντιον.
1495 1519 1571 1560 Est
1597 1519 1744 1573 species

317 1578 650 1628 prosopopoeiae,
670 1590 744 1630 pro
764 1577 1005 1630 significatur
1022 1578 1106 1615 sore
1126 1577 1325 1616 silentium
1350 1576 1426 1614 hac
1444 1589 1542 1615 voce
1570 1575 1742 1613 indicta:

319 1629 545 1679 Silentium,
575 1646 718 1686 nempe
743 1634 848 1684 erit3
877 1639 1015 1685 agetur
1040 1639 1256 1671 conventus
1285 1631 1485 1670 silentium
1512 1630 1655 1669 dictus.

429 1685 474 1725 C.
496 1700 534 1725 2.
557 1686 678 1742 [594,
717 1686 775 1742 1.]
815 1686 992 1739 δέχεται.
1055 1688 1274 1742 Exspectat
1313 1693 1352 1725 et
1389 1687 1561 1739 excipit,
1599 1697 1759 1738 nempe.

317 1739 511 1780 dominus.
1766 1771 1769 1773 -

430 1795 477 1834 C.
497 1795 539 1847 4.
561 1796 670 1851 [394,
691 1796 752 1852 3.]
781 1797 1115 1848 μεταστέλλεται.
1170 1797 1343 1836 Arcessic
1360 1809 1438 1835 eos.
1496 1795 1603 1834 Miro
1621 1794 1741 1834 modo
1762 1823 1764 1825 »

319 1850 452 1890 reddit
480 1851 708 1891 scholiastes
737 1847 908 1891 α’πολύει
927 1883 938 1903 ,
978 1853 1086 1905 quod
1114 1854 1295 1905 quamvis
1320 1853 1583 1904 incongruum
1609 1850 1746 1890 videa-

317 1912 386 1943 tur
404 1935 416 1956 ,
442 1913 554 1945 notat
580 1909 686 1945 enim
714 1907 810 1947 alias
836 1909 1026 1958 absolvit,
1057 1909 1249 1955 licentiae,
1287 1908 1442 1945 veniam
1477 1905 1646 1944 ahezmdi
1672 1905 1768 1944 dat-

319 1968 389 1998 aut
419 1961 528 1999 abire
556 1963 676 2010 iubet,
714 1963 871 2002 defendi
908 1971 1040 2002 tamen
1069 1961 1361 2015 quodammodo
1389 1967 1518 2014 potest
1547 1962 1743 2013 interpre-

318 2015 441 2054 tando
470 2030 540 2068 per
567 2014 713 2067 ἐγείρει
728 2047 740 2067 ‚
765 2019 951 2056 excedere
966 2033 988 2056 e
1011 2019 1109 2065 loco,
1145 2020 1187 2056 in
1205 2030 1280 2072 quo
1307 2025 1406 2065 szmt,
1434 2016 1560 2064 iubet,
1595 2014 1662 2055 vel
1681 2016 1742 2054 si*

319 2070 479 2123 gnificat
508 2071 736 2110 abeundum
757 2087 778 2111 e
811 2080 957 2112 metato
987 2086 1080 2111 esse.
1540 2091 1543 2094 ⁴

429 2126 476 2164 C.
494 2125 534 2164 5.
557 2126 684 2179 [594,
706 2126 766 2180 4.]
795 2124 962 2178 βοηθὸς.
1014 2127 1076 2165 De
1113 2125 1360 2165 adiutoribus
1397 2126 1634 2165 scriniorum
1662 2123 1745 2164 vid.

321 2179 491 2219 Guther.
515 2195 555 2233 p.
577 2182 671 2233 591.
729 2182 903 2220 Adiutor
929 2183 1090 2234 proprie
1115 2189 1173 2220 est
1199 2182 1372 2220 vicarius
1400 2182 1575 2234 magistri
1603 2181 1770 2218 serini--

319 2248 451 2273 orum.
487 2235 668 2274 Habebat
684 2251 843 2290 quoque
861 2244 1046 2290 quaestor
1064 2236 1286 2275 adiutorem
1308 2250 1319 2285 3
1348 2236 1432 2274 vid.
1453 2232 1612 2275 Fabric.
1632 2233 1737 2273 Bibl.

319 2290 393 2327 Gr.
421 2291 472 2328 T.
498 2291 589 2328 XII.
620 2306 661 2343 p.
687 2292 782 2345 577.
835 2287 1012 2344 Ἆρηγὸν
1043 2306 1200 2344 quoque
1239 2291 1411 2344 appellat
1438 2292 1606 2330 Ioannes
1635 2289 1742 2327 Can-

318 2350 475 2394 tacuz.;
505 2360 546 2384 v.
575 2346 696 2384 Goar.
724 2347 774 2385 ad
803 2346 943 2386 Codin.
976 2361 1015 2399 p.
1042 2345 1106 2400 74.
1138 2362 1182 2385 n.
1202 2345 1270 2396 54.
1326 2347 1485 2385 Diversi
1501 2350 1593 2384 sunt
1612 2341 1650 2382 οἱ
1669 2344 1744 2394 βο·-

318 2395 418 2449 ηθοί
443 2407 482 2438 et
509 2396 534 2451 ἦ
563 2396 736 2452 βοήθεια
752 2431 764 2452 ,
793 2401 935 2440 milites
963 2402 1226 2454 praetoriani,
1273 2398 1312 2439 οἱ
1338 2397 1381 2440 τὸ
1412 2397 1613 2447 ταξείὸιον
1650 2411 1742 2436 ποι-

320 2453 460 2499 οῦντες
487 2455 528 2492 in
557 2455 722 2495 urbibus
741 2487 752 2504 ‚
800 2458 887 2510 paci
916 2464 955 2495 et
982 2457 1183 2495 securitati
1210 2455 1392 2509 publicae
1419 2453 1740 2503 conservandae,
1767 2478 1771 2483 -

319 2510 583 2558 temperandis
611 2512 826 2563 repentinis
861 2510 1104 2550 tumultibus¹
1131 2519 1169 2550 et
1187 2510 1411 2549 coercendis
1437 2507 1739 2561 grassatoribus,
1774 2540 1777 2543 .

319 2559 483 2614 aliisque
528 2565 702 2604 adversis
744 2567 900 2606 casibus
937 2566 1211 2619 invigilantes,
1258 2565 1366 2603 unde
1392 2562 1545 2601 Arabes
1578 2577 1741 2616 quoque

275 2631 279 2634 '
318 2625 461 2665 milites
490 2629 586 2668 tales
616 2623 757 2685 Obsi,
787 2633 944 2671 auscilia
962 2663 972 2680 ,
1004 2631 1282 2686 appellarunt,
1315 2642 1392 2682 qua
1412 2627 1461 2666 de
1479 2641 1522 2665 re
1541 2627 1591 2666 ad
1611 2628 1738 2668 Abul-·

318 2679 448 2718 sedam
477 2683 620 2722 dicam.

427 2737 473 2773 C.
499 2751 539 2790 7.
561 2738 673 2792 [394,
695 2739 752 2793 5.]
786 2737 914 2792 κόμης
939 2739 1021 2780 τῶν
1054 2734 1335 2792 λαργιτιόνων.
1391 2738 1532 2776 Comes
1560 2737 1737 2792 largitio-
