1884 3132
173 171 248 210 An
291 169 591 235 CONSTANT.
614 169 811 211 poam.
842 172 912 211 ΒΕ
939 170 1120 214 cmm.
1149 171 1318 213 mnu.
1417 153 1528 229 827

96 271 163 311 hie
193 274 348 313 indulca
374 288 453 328 per
479 275 685 328 epistolam
703 305 713 321 ,
756 289 825 314 seu
839 305 852 326 ‚
885 275 994 328 quod
1022 275 1127 314 idem
1157 284 1214 315 cst
1228 307 1239 324 ‚
1268 291 1347 332 pet·
1370 278 1532 331 pillari-

96 341 189 376 um,
215 327 328 380 (uam
355 330 549 382 posterius
578 337 636 369 est
667 337 824 369 tantum
856 330 1062 382 explicatio
1088 331 1263 383 prioris,)
1301 338 1341 370 et
1380 333 1532 371 indulta

97 383 230 420 ver-ho.
287 383 468 437 ingulfus
499 399 541 437 p.
564 399 635 437 901
649 401 687 424 .:
734 386 1030 434 conserebantur
1060 388 1194 438 primo
1212 388 1345 426 >multa
1359 387 1533 440 praedia

95 437 201 484 nudo
219 439 336 477 verbo
355 439 497 494 absque
517 441 659 494 scripto
680 441 747 479 vel
767 441 924 487 (Ἰιαι-ῑα,
954 449 1103 479 tantum
1131 456 1220 480 cum
1260 443 1414 481 domini
1441 442 1532 494 gla-

96 491 165 531 dio
204 493 272 531 vel
299 494 416 546 galea
441 494 510 532 vel
545 509 664 533 cornu
697 496 766 533 vel
796 505 948 534 cratera
965 525 978 546 ‚
1021 503 1060 534 et
1090 497 1270 549 plurima
1317 505 1533 536 tenementa

96 560 186 585 cum
203 548 379 594 calcari,
402 563 489 587 cum
516 551 682 602 strigili,
709 565 794 589 cum
819 565 914 589 arc-u
941 560 980 589 et
999 552 1188 590 nonnulla
1208 567 1293 591 cum
1316 553 1472 604 sagitta.

181 599 277 655 4⁰9·
295 603 347 641 A.
370 618 461 656 pen.
482 603 594 657 [706,
631 604 684 657 2.]
714 606 955 655 βασιλικῶν.
1012 606 1072 643 lta
1110 606 1210 645 iacet
1246 609 1284 645 in
1328 606 1530 645 membra-

97 655 191 700 nis,
222 658 332 710 quod
362 672 412 696 ne
443 658 599 698 dubites
636 667 787 698 rectum
814 675 923 710 esse,
966 667 1036 698 aut
1074 660 1205 700 saltim
1245 661 1325 700 τῶν
1366 663 1532 711 βασιλι-

96 709 212 763 κῶν,
241 713 499 765 persuadebit
529 714 649 766 paulo
688 723 776 768 post
813 716 859 754 B.
885 730 925 769 7.
950 745 962 766 ,
1028 714 1097 753 ubi
1127 711 1148 754 ὅ
1197 716 1276 755 τῶν
1303 717 1532 767 βασιλικῶν

96 763 472 818 πρωτοσπαθὰριος
492 768 649 820 legitur.

206 821 252 860 Β.
270 822 310 862 6.
329 822 440 876 [706,
465 823 521 876 7.]
551 823 840 870 πετασθὲντος.
883 825 1010 863 Immo
1030 838 1126 863 vero
1152 825 1349 875 (τυρέντος
1367 854 1378 873 ,
1407 823 1532 876 ἐφελ-

95 874 298 926 κομένου,
342 886 563 928 contracto,
593 880 748 918 reducto
781 881 881 918 velo.
940 881 1068 918 Nemo
1093 881 1196 918 enim
1225 880 1375 932 ingredi
1404 886 1532 933 potest

92 927 226 981 βήλου
255 932 546 982 πετασθέντος,
571 935 659 972 velo
682 949 874 988 expanso.

205 986 314 1040 C.9.
337 986 462 1040 [706‚
501 987 582 1042 2o.]
611 987 871 1041 συνέρχεται.
928 989 990 1028 lta
1030 988 1199 1027 membr.
1256 988 1360 1042 Lege
1390 989 1529 1038 συνεξ-

94 1038 307 1095 ,ἔρχονται

177 1096 272 1146 410.
291 1096 340 1136 A.
362 1110 402 1135 2.
434 1094 558 1150 [707³
589 1097 675 1152 πμ]
718 1095 778 1143 εἷς
806 1094 1103 1151 συγκλητικοὺς
1135 1094 1207 1136 καὶ
1242 1096 1300 1145 εἷς
1330 1101 1530 1150 προελευ-

94 1150 306 1202 σιμαίους.
361 1151 571 1202 Quaenam
610 1155 660 1192 sit
704 1152 927 1192 differentia
959 1156 1065 1192 inter
1101 1168 1284 1206 proceres
1312 1155 1532 1206 insignibus

93 1212 251 1246 creatos
276 1208 494 1246 senatorios
521 1215 640 1260 atque
667 1208 1001 1261 processionales,
1030 1223 1112 1247 non
1140 1207 1256 1262 plane
1278 1208 1416 1262 liquet.
1456 1210 1533 1248 Vi-

95 1260 241 1300 dentur
262 1267 397 1301 tamen
431 1261 489 1300 illi
511 1262 628 1302 fuisse
655 1264 851 1303 interioris
881 1264 1156 1310 admissionis,
1194 1264 1370 1302 consiliis
1398 1271 1437 1303 et
1461 1265 1532 1303 ad-

95 1315 376 1354 ministrationi
402 1330 537 1356 rerum
561 1317 758 1364 adhibiti,
799 1318 841 1356 hi
863 1332 958 1358 vero
991 1326 1148 1358 tantum
1179 1319 1417 1370 pompatici,
1460 1321 1531 1372 qui

96 1370 274 1424 quotidie
301 1372 343 1408 in
371 1371 524 1410 curiam
563 1373 778 1425 procedere
813 1380 853 1412 et
883 1375 1135 1412 comitativae
1166 1371 1418 1425 splendorem
1456 1389 1530 1413 au-

95 1438 190 1479 gere
211 1424 438 1475 debebant3
469 1440 506 1465 v.
529 1441 631 1480 quae
649 1428 699 1465 ad
719 1442 759 1480 p.
786 1428 852 1467 58.
872 1429 926 1466 D.
963 1441 995 1466 ι.
1017 1428 1110 1482 dixi.

203 1479 248 1518 B.
265 1480 308 1529 4.
326 1479 437 1534 [7⁰8²
460 1480 511 1534 3.]
545 1479 713 1532 κυρίως.
767 1483 916 1521 Omnia
938 1484 1044 1521 enim
1081 1495 1247 1520 munera
1280 1489 1319 1520 et
1358 1482 1530 1534 dignita-

96 1542 158 1574 tes
190 1533 307 1573 aulae
341 1543 434 1574 sunt
465 1534 708 1586 α’ξιώματα,
736 1537 875 1576 officiis
909 1539 1028 1576 etiam
1066 1536 1183 1576 simul
1219 1537 1529 1589 comprehensis,

97 1590 167 1629 sed
209 1590 252 1627 in
294 1591 423 1642 specie
457 1590 756 1644 distinguuntur
791 1588 843 1631 τὰ
881 1585 1097 1641 &filciacum
1145 1598 1183 1630 et
1225 1587 1276 1629 τά
1319 1590 1528 1643 ὀφφίκια,

95 1645 302 1698 dignitates
321 1652 359 1683 et
378 1643 510 1695 officia
539 1660 608 1685 seu
632 1647 778 1684 munia.
834 1647 1052 1698 Propterea
1074 1646 1186 1684 addit
1208 1645 1375 1695 κυρίως.

205 1699 296 1752 B.7.
320 1699 432 1754 [7⁰8⁷
458 1699 516 1754 5.]
547 1697 825 1751 προβάθμιος.
883 1701 1109 1740 Notandum
1134 1701 1214 1750 hic,
1238 1714 1319 1738 non
1347 1714 1370 1738 a
1397 1701 1531 1752 primo

96 1754 230 1808 quoad
264 1754 497 1806 dignitatem
537 1757 756 1808 auspicium
800 1756 884 1794 fieri
904 1786 915 1802 ‚
972 1756 1039 1794 sed
1076 1771 1099 1794 a
1134 1756 1263 1808 primo
1309 1755 1348 1792 in
1390 1755 1532 1796 ordine

95 1810 359 1863 processionis
400 1824 469 1849 seu
511 1811 671 1859 infimo,
719 1810 771 1849 ab
806 1811 1059 1850 inferioribus
1087 1811 1138 1848 ad
1167 1811 1291 1863 magis
1326 1811 1531 1864 magisque

95 1865 317 1918 superiores
342 1865 608 1916 procedendo.

205 1917 484 1973 B.u1t.[708‚
508 1919 568 1973 8.]
598 1918 925 1973 ἐγγεγραμμένος
953 1917 1125 1972 χάρτης.
1183 1919 1366 1958 codicilli
1396 1920 1530 1958 Latini

98 1973 260 2019 dicunt,
284 1974 357 2012 nisi
381 1981 513 2013 tamen
536 1975 704 2013 codicilli
730 1983 845 2014 erant
878 1975 1097 2014 πτυκτίδια
1125 1975 1175 2014 ad
1217 1975 1384 2012 formam
1411 1974 1528 2013 libel-

97 2029 228 2068 lorum
256 2029 407 2067 formae
434 2037 600 2082 quartae
627 2032 936 2082 compositorum
952 2060 963 2079 ,
992 2037 1036 2068 ut
1056 2037 1148 2068 sunt
1179 2037 1334 2068 nostrae
1356 2029 1529 2068 Sclzreib·

97 2085 246 2135 tqseln,
275 2091 345 2122 aut
378 2091 423 2123 ut
445 2092 559 2123 erant
586 2092 766 2123 veterum
800 2085 1003 2138 diptycha.
1059 2080 1231 2135 Χάρτης
1275 2091 1407 2122 antem
1443 2092 1529 2123 erat

97 2139 269 2177 frustum
292 2152 554 2191 pergamenae
570 2139 844 2190 convolubile3
870 2134 1078 2178 πιττάκιον
1098 2138 1267 2192 appellat
1277 2139 1526 2178 Constantio.

98 2194 150 2231 de
186 2193 333 2232 admin.
370 2195 465 2247 imp,
496 2209 534 2233 c.
570 2194 667 2245 46.:
699 2193 742 2233 ἐκ
770 2191 1031 2245 προστάξεως
1067 2194 1142 2232 τοῦ
1169 2193 1377 2243 βασιλέως
1404 2190 1528 2244 ἔλαβε

98 2244 145 2287 τό
175 2246 390 2287 πιττάκιον
415 2249 490 2287 τοῦ
516 2247 731 2300 πατρικίου
762 2245 938 2297 Συμεών
959 2255 1033 2286 etc.

208 2303 257 2341 C.
277 2317 319 2356 9.
343 2301 464 2356 [708‚
502 2302 587 2356 13.]
614 2301 908 2355 φιβλατεόριον.
962 2303 1048 2354 Ego
1080 2302 1241 2355 quidem
1263 2317 1342 2341 non
1367 2302 1523 2351 dubito,

96 2356 166 2396 hie
194 2356 270 2395 loci
293 2357 571 2411 fibulatorium
597 2372 680 2396 esse
709 2357 886 2396 fibulam.
940 2357 1132 2396 Solebant
1170 2372 1311 2409 nempe
1348 2359 1432 2397 eius
1467 2360 1526 2398 rei

96 2412 338 2457 traditione,
377 2414 490 2450 cuius
532 2414 574 2451 in
607 2412 736 2451 officio
773 2412 1010 2450 conserendo
1050 2412 1231 2464 frequens
1262 2426 1357 2451 usus
1400 2420 1525 2462 esset,

97 2467 285 2506 investire
303 2497 314 2516 ‚
344 2474 390 2504 ut
425 2467 703 2505 mandatorum
719 2496 730 2516 ‚
765 2481 934 2519 quorum
965 2465 1136 2504 officium
1176 2475 1260 2505 erat
1289 2481 1448 2506 currere
1487 2475 1527 2507 et

98 2524 260 2560 nomine
296 2523 397 2573 regis
428 2524 647 2575 imperare,
688 2522 881 2560 brabeum
905 2528 989 2559 erat
1011 2521 1200 2570 baculus,
1231 2521 1282 2560 ad
1310 2530 1526 2575 utrumque

99 2576 234 2626 utilis3
262 2584 480 2615 stratorum
514 2576 711 2629 flagellum
738 2575 918 2628 regendis
953 2583 991 2614 et
1024 2576 1236 2615 incitandis
1267 2578 1404 2629 equis,
1435 2591 1526 2630 spa-

99 2628 320 2669 thariorum
344 2632 447 2671 ensis
482 2632 530 2670 ad
563 2631 768 2669 terrendos
793 2638 832 2669 et
854 2630 1070 2682 abigendos
1101 2645 1123 2669 a
1155 2645 1245 2684 rege
1281 2632 1525 2671 insidiatores

101 2690 142 2722 et
166 2698 424 2736 aggressores.
484 2686 658 2739 Ideoque
682 2685 802 2724 fibula
825 2685 1110 2724 investiebatur
1139 2688 1324 2737 vestitor,
1354 2689 1447 2740 quia
1482 2691 1523 2726 in

98 2737 367 2781 fimetionibus
399 2742 483 2781 eius
515 2748 599 2781 erat
627 2740 791 2780 fibulam
814 2754 950 2781 sacrae
969 2740 1188 2795 chlamydis
1217 2744 1260 2781 in
1289 2742 1427 2782 dextro
1446 2741 1524 2782 hu·-
