1832 3126
266 197 284 230 1
306 177 371 232 16
529 194 603 235 ιο.
644 193 749 235 mc,
798 194 994 234 Rssisxn
1031 193 1411 237 COMMENTARII

376 310 438 335 ιι.
463 296 510 334 C.
536 311 576 349 7.
599 294 691 350 [18‚
718 294 804 360 1·1.]
872 289 894 334 ὃ
931 287 1126 350 ἄργυρος.
1199 297 1274 336 Est
1309 297 1596 350 ArgentariuS,
1633 311 1705 338 seu

257 351 568 402 nummularius,
596 353 822 404 trapezites‚
853 351 1074 390 cambiatur
1088 351 1259 403 aulicus,
1288 354 1358 406 qui
1373 354 1600 406 pecuniam,
1625 367 1706 407 qua

257 422 360 460 opus
386 414 458 453 est,
489 414 712 459 comparat,
745 413 784 445 et
810 420 926 460 rogas
953 414 1074 460 atque
1097 408 1265 447 donaria
1293 407 1542 461 imperialia,
1571 422 1706 447 saccos

259 460 530 515 largitionales
555 462 607 500 ab
638 462 882 515 Imperatore
915 462 1238 513 distribuendos,
1282 465 1511 517 praeposito
1563 463 1701 503 tradit.

257 517 452 556 Eiusdem
483 516 600 556 simul
629 525 743 567 erat,
773 531 867 568 eos,
899 519 968 570 qui
989 518 1243 571 largitionem
1268 521 1453 572 accipere
1480 519 1672 558 deberent
1691 547 1705 569 ‚

258 572 531 623 nomenclare,
553 586 623 612 seu
654 573 892 612 nominatim
911 587 1094 621 evocare,
1126 581 1173 613 ut
1186 587 1232 613 ex
1253 573 1330 613 hoe
1347 574 1436 614 loeo
1453 581 1576 628 patet.
1637 573 1703 614 Cf.

260 642 302 681 p.
335 627 402 679 4¹·
435 628 481 666 C.
514 635 554 667 et
580 629 731 667 Murat.
765 628 864 667 Ant.
898 628 987 667 Ital.
1021 629 1071 668 T.
1095 629 1129 667 I.
1165 644 1206 683 p.
1239 628 1335 680 884.
1395 629 1516 684 Apud
1534 629 1707 669 eundem

261 683 692 736 'l.11.p.812.est
721 683 886 734 charta,
932 685 996 723 cui
1024 684 1140 723 multi
1171 684 1359 724 officiales
1387 685 1539 724 domini
1571 684 1707 738 Papae

255 747 330 778 aut
357 747 517 778 sanctae
545 740 738 778 Gamerae
765 740 1109 793 subscripserunt,
1144 747 1184 779 et
1211 741 1316 780 inter
1333 754 1400 780 eos
1423 742 1542 780 etiam
1559 739 1705 794 aliquis

260 795 468 833 Pasclmlis
485 795 685 833 cambitor.
745 794 926 833 Dubium
954 809 1035 834 non
1053 802 1127 846 est,
1157 809 1249 834 eum
1277 809 1439 850 quoque
1466 796 1518 835 ad
1545 803 1707 849 aposto-

261 849 383 888 licum
418 851 683 888 ministerium
723 851 975 914 pertinuisse.
1036 851 1117 901 Qui
1155 850 1305 889 ibidem
1334 851 1579 905 praecedunt
1603 853 1708 890 vise-

259 906 328 953 rii,
359 905 548 945 videntm
577 919 660 944 esse
684 920 912 960 pmccrnae,
944 913 990 944 ut
1018 920 1192 959 quorum
1220 913 1322 945 esset
1348 906 1455 946 dolia
1469 908 1626 947 vinaria
1642 907 1706 947 vi-

257 974 361 1008 sere,
394 962 435 1000 id
465 968 522 1000 est
550 962 695 1000 iniecta
723 961 857 1000 bolide
885 961 1091 1014 explorme
1110 991 1122 1011 ,
1151 969 1347 1015 quantum
1379 964 1474 1002 insit
1510 963 1623 1013 vini,
1668 969 1709 1001 et

261 1017 376 1055 cuius
404 1024 536 1055 notae.
598 1017 645 1054 In
673 1017 814 1055 Laudo
847 1018 973 1056 veteli
1002 1017 1110 1070 apud
1129 1018 1197 1055 Du
1216 1017 1298 1056 Can
1303 1032 1350 1071 ge
1369 1017 1438 1057 Gl.
1458 1018 1508 1056 L.
1527 1031 1570 1057 v.
1592 1016 1709 1056 Ana-

260 1072 431 1124 glzsssszmz,
464 1071 666 1110 habentur
696 1073 925 1127 (lamp-sores
942 1072 1113 1111 Domini
1128 1072 1426 1128 Archiepiscopi
1453 1073 1708 1112 Coloniemis.

262 1127 480 1193 Apponam
509 1127 659 1178 locum,
689 1129 783 1180 quia
814 1127 933 1166 simul
962 1128 1095 1178 docet,
1124 1142 1250 1182 quare
1279 1129 1337 1168 illi
1365 1129 1549 1168 homines
1579 1121 1709 1180 ἄργυ-

260 1179 472 1236 ροπράται
498 1182 647 1221 fuelint
675 1182 878 1236 appellati
909 1183 1105 1232 Dianam,
1135 1184 1245 1239 qnod
1259 1186 1432 1239 exceptis
1447 1184 1711 1239 campson‘bus

262 1237 322 1276 D.
358 1237 656 1292 Arclziepzscopi
677 1253 788 1277 nemo
818 1239 957 1277 debeat
985 1253 1111 1277 emere
1149 1249 1351 1292 argentum
1367 1268 1380 1288 ,
1426 1241 1504 1278 ηιᾷςί
1529 1239 1587 1278 ad
1623 1253 1710 1277 usus

256 1294 595 1347 peregri‘nantzum
620 1294 689 1332 vel
704 1294 762 1333 ad
778 1293 947 1348 anaglfi
967 1296 1131 1349 speciem
1157 1304 1417 1349 comparetur.
1477 1294 1712 1358 Opponitur

263 1348 329 1386 hic
367 1358 592 1401 argentum,
648 1363 718 1388 seu
770 1349 920 1388 solidae
960 1357 1000 1388 et
1048 1350 1218 1403 glandes
1255 1350 1381 1389 moles
1409 1357 1617 1403 argenteae
1653 1363 1710 1404 τω

263 1400 455 1455 κέρματι,
508 1406 686 1443 minutae
717 1406 934 1458 pecuniae,
965 1405 1094 1458 qualis
1129 1407 1171 1446 in
1201 1406 1283 1445 vita
1307 1406 1511 1444 communi
1543 1419 1619 1444 usu
1638 1418 1710 1444 ve-

264 1459 351 1508 nit,
399 1455 722 1513 ιίργυροπράται
764 1460 852 1499 illas
897 1467 1061 1512 emunt,
1114 1461 1217 1500 hane
1263 1461 1471 1511 vendunt,
1509 1459 1597 1500 1llas
1646 1459 1711 1499 his

265 1522 515 1566 comparant.
574 1515 679 1554 Hinc
697 1515 888 1554 dicuntur
907 1516 1150 1569 Symmacho
1174 1517 1227 1557 X.
1258 1515 1328 1571 49.
1357 1516 1526 1556 vendere
1548 1515 1709 1555 soli-dos

269 1568 316 1606 V
310 1569 498 1608 endendm
536 1571 673 1609 solzdis
717 1570 775 1625 [id
807 1577 866 1610 est
901 1571 1152 1622 nummulis,
1182 1571 1242 1610 τῶ
1267 1570 1477 1625 κέρματι,]
1505 1585 1600 1627 quos
1621 1571 1712 1626 ple-

265 1639 427 1679 rumque
459 1641 546 1664 ιιηςιις
571 1626 748 1680 publicus
772 1629 971 1681 exposcit,
1013 1628 1323 1666 collectarzoman
1346 1627 1483 1692 [iidem
1501 1634 1595 1666 sunt
1619 1640 1712 1665 cum

267 1680 475 1733 Aigylopx
477 1681 572 1735 atis]
603 1696 742 1736 corpus
767 1682 981 1721 obnoxmm
1011 1692 1081 1721 est.
1140 1683 1244 1721 Hinc
1272 1684 1483 1721 monetarii
1511 1690 1551 1722 et
1572 1695 1713 1721 numu-

268 1736 366 1774 [ιιι-ἂ
395 1736 562 1800 perinde
583 1737 765 1775 audiunt.
823 1738 1017 1777 Tabular.
1045 1737 1157 1777 Eeel.
1189 1752 1253 1791 ap.
1290 1737 1381 1776 DC.
1404 1752 1446 1777 v.
1478 1738 1714 1777 Numulari—

268 1805 327 1840 IIS,
358 1794 428 1844 qui
452 1794 492 1830 in
518 1807 586 1831 v.v
618 1793 846 1831 collectaria
873 1800 912 1832 et
934 1793 1167 1846 Argentarii
1197 1793 1369 1831 conferri
1401 1800 1548 1846 potest,
1577 1793 1648 1831 ubi
1664 1807 1711 1832 ex

267 1846 462 1886 Salmasio
488 1855 527 1886 et
554 1847 641 1887 aliis
669 1848 802 1898 affert,
830 1847 904 1887 hos
930 1848 1113 1887 homines
1142 1850 1262 1887 etiam
1288 1857 1481 1887 coactores
1509 1848 1631 1887 fuisse
1649 1862 1714 1902 ap—

268 1901 462 1953 pellatos,
497 1910 536 1942 et
565 1903 658 1943 inde
685 1903 952 1943 emendandas
992 1918 1077 1942 esse
1109 1903 1258 1957 glossas
1294 1910 1448 1943 veteres
1466 1934 1479 1955 ,
1507 1918 1610 1968 quae
1628 1902 1712 1942 ‘ha-

269 1957 366 1996 bent
392 1955 607 2011 κομάκτωρ
622 1990 634 2010 ,
662 1960 933 2012 argentarius,
963 1950 1112 1997 scilicet
1138 1958 1351 2012 legendum
1389 1973 1472 1998 esse
1503 1957 1710 2012 κοάκτωρ.

271 2013 394 2052 Recte
423 2028 547 2063 vem,
587 2016 619 2053 si
660 2014 867 2068 fingendae
909 2021 1002 2053 sunt
1039 2013 1132 2053 illae
1173 2013 1324 2067 glossae
1361 2014 1412 2053 ad
1445 2014 1714 2054 Latinismum

273 2072 592 2132 grammaticum.
652 2070 709 2109 At
728 2070 843 2123 quid,
873 2070 904 2108 si
925 2068 1070 2122 vulgus
1094 2070 1149 2107 sie
1160 2070 1502 2123 pronunciaverit,
1531 2077 1577 2109 ut
1599 2070 1713 2123 quasi

272 2137 317 2161 ννι
346 2125 450 2163 inter
471 2139 497 2163 α
525 2132 566 2163 et
594 2137 614 2162 ο
637 2126 741 2164 inte1
742 2132 904 2171 sereret,
936 2131 975 2163 et
1002 2123 1098 2163 effel
1099 2131 1159 2163 ret
1184 2134 1406 2176 cowactor,
1447 2125 1556 2164 unde
1597 2125 1711 2164 dein-

270 2191 365 2243 ceps
389 2188 526 2244 natum
549 2184 776 2220 comactor?
818 2179 922 2218 Sane
946 2181 1108 2219 clovaca
1136 2194 1212 2233 pro
1249 2181 1384 2219 cloaca
1418 2179 1605 2219 dicebant
1623 2210 1636 2231 ,
1675 2186 1715 2219 et

273 2230 498 2288 ἇποόῥοφὴ
535 2250 609 2288 pro
638 2248 744 2287 αηοο
724 2230 845 2288 ἆροὴ.
893 2235 988 2274 Vid.
1026 2236 1093 2273 Du
1125 2235 1260 2288 Cange
1294 2250 1336 2274 v.
1374 2233 1482 2287 α’ποο
1473 2231 1621 2289 ὀοφὴ,
1642 2235 1713 2274 de—

256 2287 413 2340 fluam.
474 2291 680 2344 Reliquiae
708 2271 784 2329 liae
818 2297 910 2329 sunt
939 2290 1190 2344 digammatis
1219 2290 1390 2329 Aeolici.
1450 2291 1503 2330 Hi
1536 2305 1714 2346 campso-

273 2357 334 2379 res
360 2358 439 2382 non
470 2353 626 2384 tantum
655 2346 822 2399 grandes
850 2359 1024 2384 summas
1047 2348 1199 2399 argenti
1230 2346 1528 2399 procurabant,
1569 2353 1608 2384 et
1636 2360 1713 2384 nu-

273 2400 483 2439 merabant
513 2415 534 2438 a
555 2401 816 2466 principibus,
849 2408 887 2439 et
908 2401 1213 2451 communibus,
1244 2402 1294 2440 ad
1320 2416 1421 2454 quos
1444 2401 1711 2454 pertinebant,

275 2451 385 2502 iussi,
415 2469 558 2493 verum
582 2458 702 2495 etiam
731 2458 806 2509 ipsi
832 2457 1026 2495 curabant
1046 2471 1231 2495 nummos
1251 2457 1370 2505 cudi,
1403 2464 1442 2495 et
1459 2471 1503 2495 ει
1504 2463 1575 2495 ant
1591 2455 1714 2496 iidem

273 2514 393 2560 atque
416 2509 512 2548 olim
540 2512 730 2564 praefecti
753 2511 806 2550 A.
835 2510 888 2549 A.
923 2511 977 2550 A.
1013 2512 1064 2551 F.
1103 2512 1151 2549 F.
1194 2526 1318 2562 auro,
1367 2518 1560 2564 argento,
1609 2513 1714 2561 aeri,

273 2561 440 2613 flandis,
485 2565 700 2614 fuinndis,
751 2573 790 2605 et
825 2580 849 2604 a
893 2567 1120 2606 monetariis
1165 2581 1301 2605 cusam
1341 2568 1554 2620 pecuniam
1610 2567 1713 2606 acei-

273 2618 438 2672 piebant
485 2627 523 2658 et
568 2623 794 2660 serv.abant
883 2622 999 2661 Patet
1042 2636 1087 2660 ex
1125 2622 1333 2675 privilegio
1366 2622 1561 2660 Ludoviei
1601 2622 1714 2660 Mar-

274 2674 428 2712 ehionis
461 2676 800 2730 Brandenlmrgici
823 2677 876 2716 A.
915 2677 1032 2729 1543.
1065 2677 1224 2725 indulti,
1257 2678 1331 2716 al.
1361 2677 1414 2715 P.
1446 2677 1496 2715 de
1519 2676 1716 2730 Ludewig

275 2729 326 2768 T.
353 2730 449 2768 VII.
466 2730 595 2783 Reliq.
624 2733 777 2771 MStor.
810 2748 852 2786 p.
879 2732 949 2786 89.
982 2732 1114 2782 edito,
1145 2733 1214 2771 ubi
1254 2732 1440 2785 leguntur
1479 2731 1607 2771 haee:
1665 2731 1716 2770 Si

273 2784 448 2824 denar-113
479 2786 671 2825 dictorum
710 2790 1014 2827 monetariormn
1057 2802 1198 2827 varam
1229 2787 1468 2827 dec-remmus
1502 2787 1710 2837 adlabere,
