1884 3132
210 131 286 174 ΑΙ)
322 131 619 176 CONSTANT.
659 132 856 174 PORPH.
898 132 969 172 ΒΕ
1007 130 1189 172 cmm.
1231 131 1334 171 Lm.
1375 132 1406 170 1.
1464 110 1571 184 267

128 251 277 290 ctione.
344 248 566 288 Perhibent
609 263 729 288 curae
773 247 908 301 palatii
958 249 1208 286 commissam
1260 247 1381 286 fuisse
1433 260 1575 286 curam

129 305 403 345 aedificiorum
436 303 704 357 imperialium
754 303 1120 342 conservandorum
1160 309 1198 340 et
1237 301 1571 355 reparandorum.

129 360 254 400 Forte
301 360 344 398 id
382 361 522 413 primis
564 358 810 412 temporibus
854 359 907 397 ita
946 358 1046 407 fuit3
1084 357 1195 411 quod
1242 357 1351 396 haud
1403 357 1574 396 obscure

133 414 298 469 colligas
326 428 349 454 e
380 415 515 453 Nostri
549 429 638 467 pag.
672 413 766 464 405.
797 413 847 452 A.
877 413 982 464 ult.;
1015 413 1302 466 posterioribus
1333 413 1461 452 multo
1496 426 1575 451 no·-

127 469 251 509 bilior
269 483 316 508 ea
337 469 509 523 dignitas
536 470 626 507 suit.
681 469 822 522 Neque
858 469 964 507 idem
990 481 1082 506 cum
1115 469 1260 507 comite
1297 468 1574 507 excubitorum

128 525 207 564 fuit
236 525 466 578 cumpalata
481 555 492 577 ,
522 531 568 562 ut
588 531 703 576 putat
726 524 942 562 Alemann.
960 524 1011 562 ad
1032 523 1201 576 Procop.
1219 537 1312 577 pag.
1333 537 1394 576 ¹7·
1450 523 1574 577 *[Cu-

128 580 327 633 ropalates
358 579 488 630 idem',
525 581 595 632 qui
624 581 755 618 Maior
779 579 919 617 domus
949 579 1056 631 apud
1097 579 1303 628 Francos;
1349 578 1433 617 vid.
1465 579 1575 617 Scri-

129 642 238 688 ptor.
259 634 368 688 apud
390 633 535 673 Bessel.
563 634 614 672 ad
634 634 849 687 Eginhart.
873 633 923 672 de
953 635 1036 672 vita
1054 633 1188 672 Caroli
1220 635 1278 672 Μ.
1308 647 1350 686 p.
1383 632 1447 684 14.
1479 633 1575 672 lber

130 689 373 742 Curopalata
402 704 483 742 quo
501 690 580 728 ritu
596 689 713 728 fuerit
726 704 748 727 a
765 690 948 728 Romano
967 690 1176 742 Lecapeno
1189 696 1413 742 susceptus,
1425 690 1576 742 Script.

130 744 464 798 postTheopban.
485 743 675 799 p.249.]*
733 745 978 783 Observavit
1003 745 1070 782 Du
1096 745 1247 798 Gange,
1263 747 1462 798 principes
1482 745 1574 783 lbe-

128 801 212 839 riae
236 813 393 853 semper
413 799 576 838 titulum
601 799 867 852 Curopalatae
890 801 1069 853 gessisse.
1128 799 1266 838 Simile
1289 800 1328 838 id
1360 807 1460 838 esset
1480 814 1573 837 cum

128 854 256 894 titulis
277 855 525 894 hereditariis
543 854 774 894 Electorum
793 857 1031 894 nostratium
1049 885 1060 906 ‚
1077 855 1147 909 qui
1166 853 1543 894 Archimarcschalli
1560 884 1573 905 ,

129 908 484 949 Arehicancellarii
514 917 589 949 etc.
630 911 813 949 audiunt.

239 964 346 1006 A.5.
363 965 465 1020 [226
481 994 493 1016 ,
532 964 616 1020 ¹5·.]
642 962 800 1012 αὕτούς
828 963 894 1004 τὰ.
952 966 1012 1005 Ita
1036 973 1144 1005 recte
1166 965 1395 1006 emend'axit
1418 965 1470 1005 cl.
1489 966 1573 1005 De-

127 1033 273 1060 cessor.
329 1022 387 1060 M.
413 1020 565 1059 dabant
593 1014 758 1067 αὖτοὺς.
812 1019 887 1059 καί
908 1017 976 1060 τὰ.

196 1131 220 1171 3
238 1074 295 1115 A.
318 1088 382 1170 lcz.
406 1075 535 1130 [226,
564 1075 645 1130 19.]
673 1073 982 1130 κονσιστιόριον.
1037 1078 1098 1116 Μ.
1117 1073 1417 1130 κονσιστώριο;
1447 1091 1489 1117 v.
1520 1076 1574 1116 ad

157 1161 167 1170 .
231 1145 244 1169 ι
354 1162 364 1171 .
395 1146 433 1174 0.

126 1144 155 1183 p
239 1145 290 1226 ἕ.
301 1199 359 1226 10.
375 1185 470 1241 [227
486 1215 499 1236 ‚
534 1184 580 1240 4]
610 1181 824 1237 πράσινος.
858 1187 950 1226 Non
972 1186 1142 1227 concilio
1163 1187 1242 1226 hoc
1263 1202 1358 1226 cum
1373 1188 1422 1227 iis
1438 1217 1450 1239 ‚
1471 1201 1576 1241 quae

129 1248 319 1293 sequente
348 1255 389 1294 p.
406 1239 495 1291 154.
514 1242 561 1280 C.
585 1240 625 1293 4.
652 1242 864 1295 leguntur:
911 1239 937 1295 ἦ
967 1242 1013 1282 δὲ
1038 1239 1210 1294 χλαμιὶς
1237 1239 1262 1294 ἡ
1291 1238 1419 1297 τούτῳ
1456 1256 1575 1306 περι-

127 1295 331 1347 τεθεμένη
360 1293 436 1334 οὔκ
456 1293 571 1336 ἔστιν
608 1297 838 1348 πορφυρᾶ,
869 1290 936 1336 οἷα
969 1297 1046 1336 τοῦ
1074 1297 1297 1346 καίσαρος,
1335 1293 1441 1336 α’λλά
1478 1311 1576 1336 κοκ-

129 1362 255 1395 κινος.
309 1350 422 1405 *[Αι]
448 1365 626 1404 purpura
653 1351 892 1391 Nobilissimi
915 1353 1099 1406 insigne?
1127 1367 1171 1391 v.
1191 1353 1373 1391 Zosimus
1397 1354 1438 1390 in
1463 1353 1576 1391 Con-

130 1410 253 1496 sltant.
291 1405 377 1482 iup.
409 1406 454 1444 L.
480 1407 533 1445 11.
564 1414 604 1444 et
638 1407 813 1459 Cangius
843 1409 884 1446 in
913 1405 1212 1446 Hannibaliano
1231 1422 1275 1460 p.
1301 1406 1391 1460 149.
1428 1406 1574 1448 Famil.

199 1467 307 1498 zant.

170 1473 199 1512 y
242 1514 289 1552 Β.
308 1458 383 1553 int.
407 1515 502 1569 [²27
522 1545 534 1566 ,
568 1514 629 1569 8.]
654 1510 937 1566 καμβότουβα.
996 1518 1056 1555 Μ.
1093 1512 1371 1566 καμπότουβα
1387 1545 1399 1566 ,
1431 1516 1473 1555 id
1500 1523 1574 1567 est,

129 1567 253 1607 tubae
276 1583 348 1622 pro
375 1572 548 1623 campis,
602 1571 679 1609 hoc
715 1578 773 1609 est
800 1572 953 1623 gambis
1001 1586 1071 1610 seu
1108 1571 1306 1610 cruribus.
1345 1571 1408 1609 Ne
1435 1571 1486 1610 de
1506 1579 1576 1610 tu·-

129 1621 192 1662 bis
225 1623 378 1663 bellicis
404 1627 600 1679 cogitetur
616 1655 628 1676 ‚
658 1633 871 1679 propterea
911 1628 1156 1665 mentionem
1186 1625 1357 1664 membri
1397 1629 1578 1680 corporis

128 1677 323 1727 humani,
369 1682 433 1719 cui
462 1682 584 1719 servit
605 1711 617 1731 ,
657 1682 913 1720 addiderunt.
980 1682 1065 1721 Nos
1106 1681 1272 1720 braccas
1313 1681 1574 1734 appellamus.

127 1733 195 1771 Ad
225 1749 268 1787 p.
305 1733 397 1785 240.
435 1736 482 1774 C.
506 1735 625 1775 latius
653 1736 704 1774 de
741 1737 1018 1789 campotubis,
1064 1735 1161 1775 alias
1193 1737 1313 1775 etiam
1342 1737 1574 1790 simpliciter

129 1788 253 1828 tubiis
284 1789 427 1840 dictis,
450 1805 520 1830 seu
539 1791 720 1842 braccis,
756 1799 795 1830 et
823 1793 873 1831 de
894 1793 1108 1846 campagiis
1146 1805 1217 1830 seu
1243 1805 1386 1845 genere
1409 1792 1574 1832 amiculi

133 1842 328 1895 crmalis,
356 1845 537 1884 udonum
553 1877 564 1897 ‚
591 1846 711 1885 latius
736 1847 912 1900 disputo.
1335 1874 1343 1879 -

240 1899 294 1937 D.
321 1914 361 1952 7.
390 1900 515 1955 [227‚
555 1901 643 1955 24.]
673 1898 1021 1954 ἐπιφανεστάτου.
1080 1901 1338 1942 Nobilissimo
1361 1902 1574 1955 proprium

130 1951 209 1992 hoc
252 1961 338 1993 erat
377 1956 581 2008 epitheton
597 1987 609 2006 ‚
651 1958 928 1996 illustrissinws
946 1987 957 2005 ,
1012 1965 1058 1997 ut
1113 1957 1268 1997 Caesari
1320 1954 1574 2008 εὐτυχέστα-

130 2010 506 2060 1og‚filicissi1nus.
564 2012 661 2051 Vid.
690 2012 930 2090 Theophffi.
962 2027 1004 2066 p.
1024 2012 1091 2064 46.
1125 2012 1181 2052 A.
1209 2012 1250 2052 6.
1290 2019 1330 2052 et
1359 2012 1482 2051 Goar.
1520 2011 1574 2051 ad

129 2061 246 2101 illum
274 2063 423 2105 locum.

156 2183 167 2191 “
215 2128 310 2180 134.
335 2129 391 2170 A.
430 2145 492 2171 10.
526 2131 649 2187 [228,
704 2133 791 2189 ιι.]
832 2133 982 2183 δεξιοῦ.
1039 2135 1098 2173 Μ.
1132 2130 1297 2184 δεξιόνς
1336 2131 1444 2172 unde
1488 2131 1573 2171 effi-

131 2183 383 2278 ἓῗῄὲἱξξὲὤν.
439 2186 779 2264 Frequentissime
816 2192 946 2230 scriba
975 2191 1097 2230 huius
1128 2190 1277 2229 codicis
1297 2201 1318 2226 ο
1347 2195 1387 2227 et
1419 2201 1456 2227 ω
1479 2202 1573 2242 per-

237 2294 285 2333 Β.
300 2296 339 2335 3.
358 2294 484 2349 [228‚
519 2296 602 2351 ¹7²]
632 2297 692 2344 εἷς
718 2297 796 2351 τήν
816 2296 991 2352 α’γάπην.
1047 2301 1195 2340 Putem
1220 2299 1319 2339 haec
1347 2297 1471 2338 verba
1505 2296 1571 2337 hic

129 2347 297 2388 delenda
326 2364 421 2390 esse.
477 2352 710 2393 Recurrunt
730 2355 836 2393 enim
860 2358 1045 2408 protinus
1082 2356 1170 2395 loco
1201 2369 1301 2404 suo,
1323 2360 1363 2392 et
1388 2355 1430 2392 iu
1459 2351 1571 2406 Aga-

129 2417 180 2455 pe
211 2419 281 2443 seu
309 2406 446 2445 osculo
471 2407 606 2460 pacis,
649 2410 758 2462 quod
793 2414 1114 2450 communionem
1140 2409 1425 2463 praecedebat,
1457 2407 1571 2448 nulla

130 2465 215 2497 erat
239 2462 484 2500 communio.

221 2513 287 2576 =B.
318 2515 357 2577 ᾖ.
404 2517 483 2556 228
503 2546 514 2564 ,
549 2515 634 2571 18.]
662 2515 769 2566 μετὰ
796 2517 879 2557 τῶν
910 2518 1136 2558 δεσποτῶν.
1194 2520 1268 2558 Est
1310 2519 1417 2558 idem
1451 2526 1573 2571 atque

131 2579 233 2614 μετα
259 2581 355 2617 τους
397 2569 592 2622 ἐσπότας,
613 2581 703 2626 post
728 2573 919 2612 (Ionu'nos.
956 2574 1074 2612 Conf.
1098 2589 1139 2627 p.
1172 2577 1255 2614 130.
1292 2575 1339 2613 B.
1366 2574 1405 2618 5.

239 2633 292 2672 D.
310 2635 486 2690 7.[229,
514 2637 595 2691 ι2.]
623 2637 882 2690 συνέρχεται.
941 2642 999 2678 Μ.
1037 2638 1364 2693 συνεισέρχεται.

238 2697 344 2739 Ibid.
357 2701 478 2756 [229,
513 2704 595 2758 ι3.]
631 2701 653 2743 ὅ
683 2701 934 2767 βουλόμενος
957 2705 1168 2758 γενέσθαι.
1225 2706 1270 2746 ld
1298 2715 1383 2756 est,
1419 2703 1441 2747 ὃ
1471 2706 1571 2758 μέλ-
