1884 3132
207 191 283 234 An
323 190 625 234 consrm.
667 190 867 233 ponpa.
903 189 976 230 m:
1014 188 1194 231 cmm.
1233 189 1332 230 mn.
1358 191 1411 230 11.
1453 171 1559 244 691

126 295 311 335 emendes
337 296 438 336 illud
467 295 698 349 Antagorae
741 293 848 347 apud
885 292 1107 346 Diogenem
1148 294 1353 334 Lan-tium
1381 308 1423 348 p.
1448 292 1563 347 24o.:

126 347 317 404 καθαρὸς
339 346 480 402 βιοτᾶς
507 350 658 403 σοφίας
684 348 755 388 ἐπὶ
777 349 894 388 θεῖον
921 347 1087 397 ἐκόσμει
1117 345 1258 400 α’γαῖνα
1286 351 1382 400 (non
1401 349 1566 401 αἰῶνα),

123 419 230 460 pura
257 408 342 445 vita
367 406 572 446 exercebat
594 405 652 443 acl
674 404 854 442 divinum
881 404 1094 457 sapientiae
1121 413 1331 444 certamen.

237 461 294 499 D.
313 461 354 500 6.
389 459 506 515 [582,
533 461 611 513 17.]
653 456 880 509 Δαυγιί-ας.
939 458 1048 508 Quid
1088 458 1164 497 hoc
1208 461 1260 498 sit
1283 489 1294 510 ‚
1323 473 1406 499 non
1433 462 1562 514 capio.

128 513 198 553 An
226 514 463 567 διαυγίτας,
475 516 712 566 fenestras?
766 512 868 551 Illuc
896 520 1003 551 certe
1020 513 1169 566 respexi
1201 513 1240 552 in
1269 515 1460 554 versione.
1479 518 1567 554 Me-

125 568 203 608 lius
233 584 339 609 nunc
369 584 448 609 non
488 571 697 608 succurrit.
766 567 834 606 Ad
864 570 1067 620 sequentia
1094 568 1265 608 conferri
1293 577 1426 622 potest
1454 571 1565 609 Con-

127 626 291 663 stantini
316 625 367 664 de
392 624 653 663 Thematibns
682 623 791 662 locus
833 622 930 676 pai.
948 622 1025 673 A.‚
1055 623 1124 662 ubi
1153 624 1256 662 male
1286 625 1464 664 Banduri
1494 626 1565 665 de·

127 678 187 718 dit
215 677 323 730 οἶργᾶ
340 709 351 730 ,
380 679 522 719 melius
555 679 752 718 Meursius
793 673 984 728 ἀργυρᾶ,
1013 685 1154 716 neuter
1182 686 1288 718 recte
1317 682 1451 719 vertit.

235 735 289 773 D.
307 748 346 788 7.
376 734 491 788 [582‚
519 736 598 788 ιφ]
626 729 945 783 μεσοκούτελλα.
1006 732 1098 771 Νοη
1122 747 1145 772 a
1172 734 1310 783 μέσος,
1341 735 1410 774 sed
1437 750 1461 774 a
1488 734 1566 784 μέ-

126 801 198 835 σα,
227 788 304 828 hoc
332 797 391 828 est
419 788 553 839 μὲνσα
573 817 585 839 ,
634 787 893 840 repetendum
922 794 979 825 est
1007 787 1083 826 hoc
1112 788 1369 828 vocabulum.
1429 790 1567 829 Medio

125 857 226 882 aevo
253 843 362 883 haud
390 845 506 896 pauci
533 858 638 882 mesa
662 857 735 895 pro
766 857 897 881 mensa
926 841 1142 882 efferebant
1171 850 1210 882 et
1236 846 1350 883 mesis
1365 859 1439 898 pro
1453 859 1565 883 men-

124 899 191 936 sis.
252 898 351 938 Atto
378 899 599 952 Episcopus
628 898 754 951 (apud
775 898 839 935 Du
871 896 1068 950 Cangium
1106 912 1146 936 v.
1181 898 1418 950 Confertum)
1447 908 1566 940 vocat

121 955 400 1004 commessalia,
415 968 517 1007 quae
528 953 702 992 Isidorus
715 953 913 991 Mercator
922 954 1211 991 commensalia.
1228 954 1328 992 Pesa
1342 969 1414 1008 pro
1422 969 1562 1009 pensa,

121 1009 367 1062 pensatione,
396 1016 435 1048 et
456 1023 596 1062 pesare
621 1022 694 1062 pro
711 1021 890 1062 pensare,
906 1007 1144 1059 ponderare.
1174 1008 1312 1061 Itaque
1329 1010 1567 1050 omittebant

124 1062 280 1110 nssubi
311 1077 392 1102 non
423 1064 617 1111 debebat,
660 1070 699 1102 et
742 1069 882 1101 contra
926 1069 1084 1114 praeter
1113 1076 1197 1101 rem
1226 1071 1265 1102 et
1290 1066 1564 1104 necessitatem

124 1117 411 1166 infel-ciebant,
454 1126 499 1158 ut
531 1120 569 1157 in
615 1118 792 1171 proxime
819 1117 1078 1170 praecedente
1106 1131 1204 1156 voce
1230 1116 1460 1171 μινσούρια
1488 1133 1564 1172 pro

123 1173 318 1220 massoria,
348 1187 453 1227 quae
477 1175 531 1212 sic
564 1173 685 1223 dicta,
713 1172 823 1226 quod
848 1174 890 1211 in
919 1171 995 1211 illis
1023 1174 1166 1211 missus
1194 1172 1454 1213 inferrentur.
1496 1176 1565 1214 Io·

122 1241 247 1267 annes
274 1228 494 1281 Episcopus
522 1228 619 1266 Citri
666 1243 707 1281 p.
730 1228 824 1267 330.
879 1227 982 1267 Iuris
1010 1228 1319 1267 Graecoromani
1348 1243 1430 1267 non
1459 1229 1564 1268 male

125 1281 338 1330 observat,
368 1297 508 1322 vocem
544 1282 691 1331 μίνσον
719 1284 928 1331 ,mlh-sum,
961 1283 1182 1334 significare
1210 1279 1317 1321 κατὰ
1359 1280 1434 1335 τὴν
1456 1278 1564 1323 ’Ira-

125 1333 245 1388 λικὴν
272 1336 462 1387 γλῶσσαν
489 1334 534 1377 τὸ
563 1334 983 1388 πεπραγματευμένον
1013 1340 1101 1382 τοῖς
1129 1333 1346 1385 ὄψοτεοιοῖς
1375 1334 1558 1376 ἑδεστόν.

234 1391 289 1429 D.
310 1391 351 1430 8.
384 1391 497 1446 [582‚
526 1390 607 1444 18]
638 1388 877 1442 ἅνὰγλυφα.
935 1391 1050 1429 Verti
1080 1391 1281 1429 interdum
1309 1392 1442 1430 levata
1465 1406 1564 1446 ope-

121 1459 187 1484 ra.
245 1445 311 1484 Sic
338 1449 444 1484 enim
489 1445 638 1485 caelata
667 1446 706 1484 in
737 1445 882 1497 figuras
910 1452 1104 1483 exstantes
1132 1445 1386 1498 appellabant
1414 1446 1563 1485 Latini.

125 1501 299 1538 Monast.
312 1499 472 1553 Anglic.
499 1502 551 1539 T.
572 1501 644 1537 111.
664 1514 702 1552 p.
719 1501 740 1539 5
755 1513 814 1538 ιο.
834 1513 845 1538 :
875 1514 992 1538 unum
1013 1514 1085 1537 vas
1104 1509 1323 1552 argenteum
1338 1500 1398 1540 ad
1412 1515 1562 1555 aquam

122 1555 396 1594 benedic-&bnis
434 1569 522 1594 cum
561 1569 675 1609 opere
706 1555 834 1593 levato
871 1554 921 1592 de
951 1555 1186 1606 imaginibus
1212 1564 1250 1593 et
1289 1556 1392 1593 inter
1422 1556 1564 1610 laque-

120 1618 189 1647 ato
221 1609 272 1648 de
301 1610 455 1659 vineis,
487 1609 527 1648 id
555 1616 614 1648 est
651 1611 694 1647 in
741 1623 822 1662 quo
850 1609 1025 1661 pampini
1049 1609 1314 1648 discurrentes
1341 1609 1560 1663 distinguea

123 1671 213 1702 rent
239 1665 429 1717 imagines
455 1664 771 1717 protuberantes.
826 1663 1095 1716 Appellabant
1129 1678 1287 1717 quoque
1303 1666 1559 1718 interrasilia,

119 1718 218 1771 quia
246 1721 372 1771 spatia
410 1720 515 1758 inter
546 1720 737 1772 imagines
764 1732 851 1757 rasa
874 1748 885 1769 ‚
915 1718 1056 1757 abrasa
1085 1726 1236 1766 essent,
1267 1721 1450 1772 quamvis
1477 1734 1560 1759 non

123 1787 262 1826 negem
275 1803 286 1819 ‚
336 1775 553 1813 interrasile
578 1777 697 1812 etiam
726 1787 810 1812 esse
831 1775 1074 1827 perforatum
1113 1782 1152 1812 et
1168 1775 1360 1813 tralucens
1373 1804 1385 1822 ‚
1415 1781 1462 1812 ut
1488 1789 1560 1826 pa-

119 1835 180 1866 tet
207 1842 229 1866 e
256 1827 344 1867 loco
382 1830 554 1868 auctoris
582 1829 722 1867 incerti
753 1828 872 1880 (apud
918 1829 984 1866 Du
1015 1828 1209 1881 Cangium
1237 1843 1278 1868 v.
1304 1829 1557 1882 Interrasilzk)

120 1882 174 1920 de
200 1881 478 1922 Theoderico:
511 1885 705 1922 laminam
731 1897 891 1922 auream
910 1884 1018 1921 iussit
1035 1884 1295 1922 interrasilem
1307 1884 1415 1939 fhri
1427 1913 1438 1934 ‚
1457 1898 1556 1939 qua-

120 1945 213 1975 tuor
238 1937 387 1976 litteras
417 1938 494 1976 LE
498 1939 568 1977 GI
591 1938 662 1992 [sic
681 1937 756 1991 leg.
774 1967 786 1987 ‚
817 1951 899 1976 non
927 1939 1052 1990 Regis,
1081 1945 1127 1976 ut
1155 1937 1306 1991 editur]
1336 1939 1554 1977 habentem.

123 1991 333 2041 Missoria‚
362 1991 490 2032 lances
505 2001 544 2032 et
563 1993 739 2046 reliquus
757 2000 971 2045 apparatus
999 1993 1219 2032 convivalis
1245 2000 1426 2032 veterum
1455 1993 1559 2031 sole-

122 2044 194 2138 ΙΙοέῐ
205 2045 351 2139 1livam
375 2047 551 2102 sculptus
576 2061 695 2101 opere
721 2062 822 2087 esse.
888 2048 993 2087 Hinc
1033 2048 1090 2086 ait
1115 2048 1301 2087 Sidonius
1329 2046 1559 2101 Apollinar-

342 2167 486 2206 Geruli
513 2168 675 2223 [nempe
703 2167 965 2223 serculorum]
992 2177 1108 2224 caput
1128 2167 1320 2222 plicantes

342 2221 618 2277 Anagqyplu'co
646 2225 804 2263 metallo

345 2276 499 2329 Epulas
526 2279 762 2332 superbiores

342 2331 529 2369 Humeris
558 2342 708 2384 gestant
747 2334 901 2372 οηιιςῐιῖς.

121 2396 179 2435 V.
197 2410 299 2449 quae
315 2394 481 2434 Salmas.
508 2396 558 2434 ad
577 2397 628 2434 T.
653 2398 705 2435 ΙΙ.
722 2397 867 2450 Script.
895 2398 997 2437 Hist.
1029 2398 1190 2450 Aug.p.
1208 2395 1303 2448 401.
1330 2397 1382 2436 ad
1409 2397 1558 2437 boletar

121 2452 370 2490 Imlz‘eutz'cwn
410 2458 535 2489 notat.
603 2450 785 2504 Effigiem
829 2451 919 2490 talis
960 2452 1148 2491 boletaris
1193 2458 1262 2490 aut
1288 2451 1427 2490 saltem
1456 2453 1555 2492 disci

123 2504 324 2544 halieutici
341 2535 353 2556 ‚
382 2519 450 2544 seu
480 2507 717 2557 piscatorum
746 2507 869 2558 pisces
900 2505 1020 2544 hamo
1049 2505 1340 2544 extrahentium
1367 2508 1553 2559 imagini-

123 2558 199 2599 bus
226 2560 397 2599 distincti
426 2560 561 2598 videre
589 2567 647 2598 est
670 2560 775 2612 apud
813 2559 1009 2612 Ciampin.
1039 2561 1092 2598 T.
1115 2561 1169 2598 11.
1200 2561 1383 2602 Monum.
1414 2562 1550 2601 Veter.

124 2614 208 2652 tab.
239 2615 272 2652 1.
302 2615 448 2668 Scyphi
489 2613 701 2668 anaglyphi
741 2613 896 2666 elegans
927 2621 966 2652 et
993 2621 1087 2652 nota
1116 2621 1175 2653 est
1201 2613 1412 2667 descriptio
1440 2617 1554 2655 initio

122 2667 337 2716 Theocriti,
357 2683 477 2722 quam
493 2683 723 2722 comparare
741 2667 832 2706 licet
845 2682 934 2706 cum
963 2667 1042 2707 illis
1069 2668 1230 2708 chartae
1257 2671 1402 2709 veteris
1433 2672 1555 2724 (apud

126 2722 195 2760 Du
221 2722 414 2776 cangium
442 2738 483 2762 v.
514 2724 769 2772 Crucibolum)
787 2737 798 2760 ε
825 2725 1010 2777 scyphum
1030 2737 1155 2762 meum
1174 2723 1406 2764 deauratum
1427 2735 1466 2764 et
1477 2741 1556 2780 per

124 2784 242 2815 totam
266 2787 420 2830 partem
455 2780 691 2818 exteriorem
728 2778 956 2816 vinitoribus
993 2778 1054 2819 ad
1083 2778 1270 2818 dracones
1293 2782 1551 2834 pugnantibus
