1884 3132
220 150 296 192 An
340 145 640 191 consum.
677 145 876 187 Pomm.
916 146 988 189 DE
1028 144 1210 186 ceam.
1251 145 1415 184 man.
1466 122 1577 200 747

143 252 242 293 stice
257 252 455 306 explicant
481 258 521 291 et
547 251 589 290 in
618 265 665 290 eo
692 265 808 290 suum
829 264 997 289 acumen
1013 256 1270 300 consumunt3
1288 249 1370 288 vid.
1391 248 1582 287 Heinecc.

146 309 226 348 111.
255 323 295 362 p.
323 307 388 363 74,
428 314 469 346 et
509 308 707 360 integrum
742 306 890 344 librum
934 307 1018 344 eius
1060 306 1281 358 argumenti
1323 320 1346 343 a
1375 306 1510 342 Goaro
1538 302 1580 341 in

144 362 399 416 Euchologio
425 376 467 414 p.
492 375 587 400 2¹2.
615 361 781 400 editum.
836 361 890 399 Et
922 360 1018 399 hinc
1044 373 1206 414 quoque
1233 367 1372 398 natum
1403 357 1514 397 futile
1541 364 1582 396 et

143 418 363 458 ridiculum
401 416 478 456 hoe
513 423 658 469 caput,
700 417 742 455 in
771 429 852 468 quo
878 430 1033 455 summa
1060 417 1252 454 sermonis
1278 415 1582 469 peregiinitate,

145 473 389 512 obscuritate
423 477 463 510 et
498 471 756 521 confusione,
803 485 932 523 quae,
975 477 1086 509 tauta
1130 470 1329 524 profecto,
1376 471 1417 507 in
1455 468 1583 508 nostri

145 527 395 567 Constantini
423 540 605 566 sermone
631 539 714 564 non
742 533 906 579 regnat,
947 533 988 564 et
1015 527 1296 578 antiquitatum
1324 539 1434 564 mera
1460 523 1584 563 insci-

143 582 223 631 tia,
252 595 449 636 nugarum
479 580 581 620 bene
609 581 807 630 multum,
835 582 922 619 sani
951 595 1086 620 sensus
1114 594 1327 634 perparum
1345 588 1419 619 est.
1476 578 1580 618 Mihi

143 644 253 676 certe
282 639 322 677 in
352 636 650 689 interpretando
668 636 744 675 hoe
766 637 894 688 capite
913 650 1038 690 paene
1058 636 1207 690 ubique
1223 635 1582 675 coniecturandum

145 691 243 743 fuit,
289 693 387 746 quid
424 692 498 730 sibi
536 690 655 731 vellet
685 698 848 739 auctor,
895 706 1014 744 quem
1039 691 1345 730 Constantinum
1374 690 1579 743 Porphyr-

144 760 227 786 non
256 761 363 797 esse,
410 746 507 785 mihi
549 746 710 800 quidem
739 746 960 799 persuadeo
978 775 990 796 ,
1034 746 1102 786 sed
1130 746 1370 785 Graeculum
1401 745 1578 798 aliquem

143 802 386 841 monachum
413 816 436 840 a
464 802 592 855 capite
619 801 669 840 ad
698 801 872 848 calcem,
905 816 1119 854 nugacem,
1159 800 1473 855 nugivendulum
1489 833 1501 850 ‚
1530 799 1580 839 il-

142 855 378 896 litteratum.
409 856 532 896 Loros
548 871 592 896 ex
603 856 677 895 hac
687 857 867 895 doctrina
880 859 1043 910 mystica
1053 864 1091 895 et
1104 856 1319 910 symbolica
1335 871 1406 909 pro
1416 856 1579 911 symbo-

143 911 193 951 lis
203 911 428 966 sepulturae
441 918 480 950 et
498 913 798 950 resurrectionis
814 911 960 950 Christi
978 914 1192 964 accipiunt.
1224 913 1324 950 Lori
1338 913 1444 950 enim
1457 913 1578 950 vestis

142 980 266 1020 genus
293 974 378 1006 erat
418 969 471 1005 ita
500 966 740 1015 formatum,
771 973 815 1005 ut
840 968 958 1006 striae
986 981 1070 1006 sese
1089 967 1295 1006 decussare
1328 966 1577 1015 viderentur,

141 1021 480 1074 quemadmodum
514 1021 611 1060 olim
650 1029 828 1061 mortuos
857 1025 1032 1072 κειριαῖς
1061 1022 1333 1061 involvebant.
1389 1021 1507 1060 Clare
1535 1021 1576 1060 id

141 1076 221 1116 alio
262 1079 389 1116 nostri
429 1078 559 1142 operis
596 1077 684 1117 loco
713 1078 943 1116 enuntiatur
973 1092 1013 1131 p.
1044 1076 1140 1127 443.
1171 1079 1217 1116 Β.
1243 1077 1300 1116 5.:
1331 1078 1576 1130 λαμπροφο-

140 1132 262 1183 posim
289 1135 375 1179 τοῖς
406 1133 555 1184 λωροις
582 1131 641 1179 εἰς
668 1129 798 1171 τύπον
823 1132 908 1170 τῶν
934 1131 1141 1186 ἑνταφίων
1169 1130 1359 1183 Χριστοῦ
1386 1127 1577 1182 σπαργά-

141 1199 225 1240 vagu
250 1181 428 1234 ἑαυτοὺς
454 1186 752 1234 ἑνειλίττοντες.
809 1186 995 1239 Appellat
1023 1187 1143 1240 igitur
1170 1182 1388 1238 σπάργανα
1399 1187 1575 1237 ficscz‘as,

140 1254 244 1295 quae
276 1241 343 1280 alii
366 1238 551 1292 κειριὰς,
582 1241 860 1281 Artemidorus
888 1237 995 1293 ῥάκη
1022 1241 1262 1293 saltonem,
1293 1242 1371 1280 fine
1398 1256 1487 1295 cap.
1516 1240 1576 1293 ¹4·

127 1294 190 1334 Ἰ..
222 1297 288 1335 1.:
334 1292 373 1335 οἱ
420 1292 746 1349 ἀποθνήσκοντες
791 1295 1052 1346 ἑσχισμένοις
1097 1295 1346 1336 ἐνειλοῦιται
1382 1293 1572 1347 ῥάκεσιν.

141 1351 260 1389 Conf.
289 1365 392 1404 quae
430 1351 574 1390 Noster
608 1351 673 1390 hic
714 1350 790 1390 loci
827 1351 948 1404 paulo
986 1351 1150 1390 inferius
1189 1351 1240 1389 de
1267 1351 1450 1388 cruribus
1478 1350 1577 1404 λινῷ

140 1401 287 1460 ιῖμφίῳ
322 1404 625 1459 ἐσφηνομέναις
649 1408 720 1444 ait.
776 1406 904 1444 Simili
934 1407 1159 1459 nugacitate
1186 1407 1242 1444 ait
1269 1405 1487 1444 Durandus
1522 1407 1574 1444 L.

140 1460 216 1498 Ill.
257 1475 292 1498 c.
321 1475 358 1499 2.
387 1475 429 1499 n.
465 1461 528 1499 13.
554 1474 722 1513 cappam
752 1459 817 1500 vel
846 1460 1021 1513 pluviale
1047 1462 1196 1513 signum
1214 1461 1406 1513 gloriosae
1436 1475 1575 1513 corpo-

137 1529 226 1554 rum
262 1515 566 1554 immortalitatis
592 1529 692 1554 esse.
748 1516 841 1554 Non
869 1516 1086 1554 exscribam
1113 1517 1197 1554 eius
1216 1516 1390 1557 naenias.
1445 1514 1575 1554 Suffe-

138 1571 238 1609 cerit
275 1570 407 1609 cubile
434 1569 643 1609 indicasse.
701 1571 748 1609 In
778 1570 992 1609 donatione
1021 1570 1267 1609 Constantini
1306 1570 1474 1622 legitur:
1503 1566 1575 1609 τὸν

136 1622 438 1676 ὑπέρλαμπρον
472 1624 627 1676 λαῖρον,
666 1623 918 1677 σημαίνοντα
955 1621 1031 1676 τήν
1060 1623 1182 1676 ἁγίαν
1222 1621 1476 1673 α’νάστασιν,
1524 1624 1576 1679 τῇ

137 1674 235 1734 ἁγίᾳ
262 1680 424 1734 κεφαλῇ
452 1679 585 1718 αὐτοῦ
613 1677 741 1726 ῐὸῗαις
768 1678 914 1731 χερσίν
951 1675 1228 1731 ἐπεθήκαμεν.
1285 1679 1416 1732 lnepti
1454 1679 1574 1718 huius

136 1741 275 1786 gustus
301 1743 421 1788 atque
448 1735 584 1774 iudicii
610 1735 720 1774 aliud
747 1735 944 1788 specimen
972 1734 1094 1774 habet
1119 1735 1382 1789 Theophanes
1409 1751 1452 1789 p.
1475 1748 1570 1790 272.

136 1789 191 1828 D.
224 1790 312 1828 init.

248 1844 294 1883 C.
335 1844 376 1884 5.
424 1844 542 1899 [638,
566 1844 630 1899 2.]
674 1840 956 1897 λαμπρότητα.
1020 1844 1188 1884 Constat
1226 1860 1271 1884 ex
1310 1846 1569 1899 antiquitate,

137 1897 296 1937 nullum
326 1899 432 1938 diem
463 1915 486 1939 a
515 1901 750 1939 Christianis
779 1902 1001 1952 primorum
1038 1899 1288 1939 saeculorum
1319 1902 1468 1939 maiore
1508 1915 1573 1940 re-

136 1952 283 2004 ligione
328 1962 368 1994 et
394 1954 543 1994 laetitia
581 1955 825 1994 celebratum
853 1955 995 2001 fuisse,
1040 1970 1161 2008 quam
1200 1955 1304 1995 diem
1348 1956 1570 1995 Paschatis.

137 2006 243 2046 Hinc
273 2004 351 2060 τῆν
377 2008 676 2064 λαμπροφόρον
706 2025 795 2049 eum
825 2010 1082 2062 appellabant
1109 2013 1162 2061 (v.
1180 2011 1246 2050 Du
1266 2011 1399 2063 Gange
1415 2025 1456 2048 v.
1480 2011 1572 2049 Κυ-

136 2059 260 2114 ptam}
289 2078 332 2116 p.
362 2064 455 2118 769.
484 2065 624 2119 inin),
665 2079 733 2104 seu
761 2066 870 2119 quod
909 2065 1067 2103 candidi
1103 2073 1188 2103 tum
1215 2066 1472 2118 procederent
1496 2080 1571 2118 pro

135 2118 308 2156 maxima
334 2127 447 2171 parte
474 2130 599 2174 (saepe
627 2120 733 2159 enim
762 2121 785 2172 ἦ
816 2117 987 2170 λαμπρά
1016 2116 1149 2171 ἐσθής
1176 2121 1282 2159 idem
1311 2128 1370 2160 est
1397 2129 1516 2174 atque
1543 2118 1570 2173 ἦ

134 2169 287 2223 λευκὴ),
315 2187 382 2212 seu
410 2175 532 2228 quod,
563 2175 790 2216 labentibus
820 2176 1030 2227 praecipue
1058 2174 1243 2224 saeculis,
1275 2183 1425 2229 quanto
1444 2177 1570 2215 maxi-

134 2239 215 2264 mo·
232 2229 399 2280 quisque
427 2237 558 2282 posset
585 2229 693 2269 cultu
724 2238 764 2268 et
791 2230 1001 2283 splendore
1025 2230 1269 2282 procederet.

243 2283 291 2320 C.
320 2298 358 2336 7.
391 2283 503 2337 [δ’-58,
524 2284 589 2339 4.]
619 2284 663 2324 ἐν
701 2281 817 2340 τύπῳ
852 2285 1126 2335 χρηματίζειν
1169 2285 1252 2324 τῶν
1286 2282 1565 2325 Ἀποστόλων.

133 2335 195 2375 Ut
223 2336 288 2376 hic
303 2338 464 2377 Patricii
490 2340 587 2378 XII.
618 2339 832 2392 Apostolos
858 2340 1026 2378 totidem
1055 2347 1095 2379 et
1127 2341 1349 2393 Imperator
1367 2340 1569 2379 Christum

133 2390 331 2431 debebant
359 2393 532 2444 referre,
572 2396 627 2433 ita
654 2396 804 2433 Romae
832 2395 1013 2433 Pontifex
1043 2395 1245 2434 Christum
1272 2403 1311 2434 et
1339 2394 1567 2434 Cardinales

133 2446 348 2499 Apostolos
377 2448 605 2489 faciebant:
652 2464 730 2502 qua
767 2450 817 2488 de
846 2464 889 2488 re
920 2449 1073 2488 dicetur
1100 2451 1203 2489 infra
1230 2453 1272 2489 in
1302 2450 1567 2504 Cletorologio

131 2514 173 2552 p.
194 2500 287 2555 429.
308 2503 445 2542 D.ult.
475 2504 596 2543 Unde
614 2506 791 2543 manavit
811 2505 931 2543 etiam
951 2519 1090 2543 eorum
1111 2520 1317 2556 numerus,
1330 2508 1398 2559 qui
1418 2520 1464 2544 ex
1481 2505 1566 2559 lege

133 2554 251 2594 debet
276 2571 443 2597 numero
477 2562 724 2612 septuaginta
742 2560 867 2597 duum
878 2559 1161 2612 Apostolorum
1180 2562 1429 2614 respondere.
1453 2561 1565 2600 ltain

132 2607 353 2651 hierarchia
364 2614 622 2652 ecclesiastica
633 2615 894 2653 deterioribus
909 2614 1074 2654 saeculis
1087 2617 1265 2654 instituta
1276 2617 1447 2669 episcopi
1458 2630 1565 2669 prae-

132 2664 346 2705 tendebant
374 2669 521 2707 Christi
557 2683 763 2721 personam
801 2683 843 2708 se
870 2677 1165 2722 repraesentare
1181 2702 1191 2718 ,
1234 2686 1446 2710 assessores
1473 2685 1564 2710 suos

132 2719 381 2773 presbyteros
410 2723 709 2779 Apostolorum.
766 2725 940 2778 Ignatius
973 2727 1015 2764 in
1041 2726 1205 2779 epistola
1243 2726 1294 2765 ad
1316 2726 1561 2766 Trallianos:
