1826 3126
291 135 363 191 28
560 148 785 194 1o.1Ac
825 149 1021 191 Rfflsxu
1061 149 1440 194 COMMENTARH

283 252 473 310 processu
497 255 686 307 temporis
704 251 910 316 collicplati
937 252 1128 291 fuerunt
1119 267 1160 291 111
1179 268 1308 292 unum
1324 268 1468 307 corpus
1483 261 1567 294 tam
1584 253 1730 295 urbani

285 326 409 365 quam
426 318 643 350 castrenses
661 310 836 361 corporis
863 309 1071 359 custodes,
1107 316 1146 347 et
1174 309 1271 348 dicti
1299 309 1504 349 domestici
1530 318 1731 364 protecto-

285 382 366 406 res.
424 366 502 405 Sed
519 379 648 417 neque
667 364 744 402 hoc
761 378 916 416 semper
931 365 1092 403 mansit.
1149 364 1264 403 Abiit
1291 366 1399 403 enim
1427 366 1572 405 sensim
1590 367 1634 405 in
1659 366 1731 406 de-

283 421 538 461 suetudinem
555 433 702 459 nomen
720 420 1065 470 Domesticorum,
1101 427 1142 459 et
1157 420 1319 459 nomine
1344 420 1632 460 scholariorum
1647 436 1732 460 mu-

282 484 415 516 tatum
434 476 535 526 fuit3
572 476 628 514 sic
656 482 791 514 tamen
808 504 820 524 ,
860 482 906 512 ut
923 489 970 528 p1
971 490 1105 528 inceps
1123 490 1263 514 eorum
1278 490 1350 529 per
1368 476 1640 516 excellentiam
1657 477 1732 516 ad-

283 532 366 570 huc
400 531 640 571 domesticus
675 529 851 583 appellal
853 537 967 580 etur
1001 538 1193 584 tanquam
1227 533 1270 570 in
1299 533 1532 571 memoriam
1548 539 1732 572 veterum

283 588 609 627 Domesticorum
627 616 639 638 ,
675 587 746 639 qui
785 587 865 624 iam
900 599 983 624 non
1017 586 1185 640 amplius
1202 587 1447 636 Domestici,
1483 588 1552 626 sed
1584 589 1733 652 partim

286 655 487 682 οικειακοι
522 642 587 681 vel
621 640 861 693 βασιλικοι,
895 641 1043 680 urbani
1076 657 1218 695 nempe
1254 649 1326 681 aut
1357 642 1550 695 palatini,
1583 645 1732 696 partim

284 710 384 736 vero
413 697 892 747 Scholarii,cast1enses
919 697 1093 748 scilicet,
1129 697 1357 739 audiebant.
1404 697 1472 736 Ab
1497 697 1569 737 illo
1591 699 1731 738 dome-

281 754 383 792 stico
401 727 638 792 Scholaruni
656 783 667 803 ,
704 753 746 790 id
775 759 832 791 cst
849 753 1034 806 Principe
1061 768 1107 792 ac
1135 753 1315 806 praeside
1331 753 1568 793 Scholarum
1586 783 1599 804 ,
1636 754 1733 793 dicti

283 808 472 862 deinceps
501 808 665 848 fuerunt
681 809 923 858 Domestici,
955 816 1154 862 quotquot
1179 810 1221 847 in
1240 809 1397 860 schola,
1434 809 1604 860 scrinio,
1640 824 1733 848 mu-

284 877 383 903 nere
401 878 474 902 suo
501 872 631 903 essent
658 865 802 917 primi,
791 879 802 888 ·
838 871 885 902 ut
902 864 1153 903 Domesticus
1173 865 1494 915 Hicanatorum‚
1530 865 1734 904 Domesti-

284 933 357 958 cus
383 927 486 958 casti
487 933 629 970 orum,
666 920 916 958 Domesticus
933 920 1271 959 Cancellariorum
1289 927 1366 959 etc.
1423 921 1620 959 Omnium
1646 932 1733 959 ma-

282 976 416 1014 ximus
448 982 534 1013 erat
567 976 819 1013 Domesticus
850 975 923 1026 τῆς
938 972 1077 1029 Ἐῴας,
1119 976 1321 1026 Orientis,
1358 983 1398 1015 et
1415 975 1493 1014 hoc
1527 974 1733 1029 aliquanto

283 1031 422 1070 minor
453 1030 526 1082 τῆς
546 1026 720 1076 Δύσεως
783 1030 1019 1070 Οεείιίειιιις.
1078 1030 1200 1071 Illum
1225 1031 1460 1071 orientalem
1477 1030 1733 1084 intelligunt,

284 1087 321 1125 si
349 1085 579 1150 simpliciter
614 1086 890 1125 Domesticum
922 1086 1140 1140 appellant.
1198 1086 1329 1126 Audit
1353 1101 1516 1141 quoque
1542 1086 1734 1140 Megado-

285 1143 476 1181 mesticus
490 1171 502 1191 ,
532 1141 600 1180 sed
618 1149 709 1193 post
727 1142 851 1180 Isaaci
864 1142 1057 1181 Comneni
1073 1149 1254 1195 tempora
1270 1142 1448 1183 demum.
1467 1141 1554 1182 vid.
1571 1142 1732 1196 Scylitz.

283 1209 328 1250 p.
356 1196 453 1251 807.
482 1197 530 1236 B.
586 1196 850 1250 *[Domestici
883 1212 1023 1250 regum
1058 1199 1309 1236 Francorum
1350 1206 1529 1251 tempore
1561 1198 1733 1250 Gregor.

284 1253 445 1291 Turon.
465 1252 822 1305 Megadomesticus
841 1260 880 1292 et
908 1268 1076 1306 magnus
1093 1253 1340 1293 senescallus
1357 1254 1464 1293 idem
1488 1259 1597 1293 sunt.
1632 1253 1735 1292 Erat

285 1308 486 1346 secundus
504 1307 556 1346 ab
574 1308 831 1361 Impeiatore.
865 1309 1060 1348 Fauchct.
1078 1323 1120 1362 p.
1140 1307 1217 1359 483
1225 1307 1283 1362 .]*

399 1362 441 1414 4.
455 1363 502 1402 Β.
512 1363 554 1403 6.
573 1363 638 1417 [6,
649 1362 711 1418 5.]
733 1358 979 1416 ὁημάοχοις.
1020 1366 1159 1415 Quum
1177 1364 1257 1402 duo
1269 1364 1472 1418 praecipui
1486 1370 1614 1402 essent
1626 1363 1735 1416 apud

284 1417 529 1472 Byzantium
565 1419 716 1470 ὸῆμοι,
751 1427 934 1459 catervae
961 1434 1031 1458 seu
1061 1419 1281 1470 factiones,
1316 1426 1460 1458 veneta
1487 1426 1527 1458 et
1545 1420 1705 1472 prasina
1719 1447 1732 1469 ‚

283 1489 459 1528 quarum
486 1474 556 1513 illa
587 1474 750 1523 albam,
786 1475 886 1516 haec
913 1488 1069 1514 russam
1096 1475 1271 1514 habebat
1298 1474 1584 1528 appendicem,
1619 1481 1735 1513 erant

280 1544 447 1583 (quoque
465 1529 546 1568 duo
575 1504 781 1569 demarchi
795 1559 806 1580 ,
842 1545 911 1570 seu
940 1531 1173 1569 decuriones
1188 1559 1200 1581 ,
1235 1530 1301 1569 vel
1328 1531 1584 1583 magistratus
1609 1543 1734 1583 paene

283 1586 486 1638 supremi,
524 1585 674 1624 diversi
707 1593 843 1625 tamen
877 1600 901 1624 a
918 1587 1169 1625 Democratis
1200 1587 1298 1624 item
1333 1585 1518 1634 duobus,
1553 1591 1595 1623 et
1626 1585 1735 1624 ultra

284 1641 569 1680 Demarchos
558 1655 664 1693 ipsos
688 1641 971 1680 eminentibus.
1028 1642 1208 1681 Venetae
1225 1655 1368 1694 nempe
1386 1641 1566 1679 factionis
1582 1641 1733 1678 Demo-

283 1703 414 1734 crates
446 1703 532 1735 erat
565 1710 720 1761 semper
737 1727 749 1746 ,
781 1698 961 1750 quisquis
990 1698 1243 1736 Domesticus
1267 1695 1505 1736 Scholarum
1532 1702 1658 1744 esset,
1693 1702 1735 1734 et

316 1766 492 1802 lasm'le,
530 1753 708 1805 quisquis
741 1753 994 1792 Domesticus
1021 1753 1312 1792 Excubitorum
1344 1758 1468 1800 esset,
1512 1757 1559 1788 ut
1594 1749 1734 1790 multis

283 1765 436 1846 1ἰῖο5111
460 1806 557 1847 locis
595 1815 766 1847 constat.
823 1809 887 1846 De
921 1807 1051 1847 officio
1069 1807 1391 1846 Demarchorum
1423 1806 1579 1845 dicetur
1594 1804 1734 1859 paullo

285 1870 404 1916 post3
441 1877 551 1901 nunc
570 1863 814 1914 dicendum,
850 1865 1015 1916 quinam
1033 1863 1183 1902 fuerint
1214 1859 1253 1900 οἱ
1277 1861 1420 1913 δῆμοι.
1478 1861 1606 1900 Video
1625 1862 1734 1900 enim

286 1932 355 1957 eos
373 1933 395 1957 a
415 1919 570 1958 civibus
589 1919 807 1972 distingui,
844 1926 884 1958 et
912 1919 964 1958 ab
993 1918 1198 1972 inquilinis
1227 1924 1347 1970 atque
1375 1915 1614 1968 sellulariis,
1650 1923 1690 1955 et
1707 1930 1734 1955 a

284 1974 511 2026 militibus,
546 1982 594 2014 ut
623 1975 842 2013 admodum
875 1973 1092 2013 obscurum
1111 1975 1186 2023 sit,
1222 1972 1341 2025 quale
1361 1986 1486 2024 genus
1519 1972 1733 2012 hominum

285 2027 331 2066 hi
351 2005 524 2080 fuer’int,
561 2038 600 2069 et
627 2032 694 2069 cui
711 2030 818 2068 bono
837 2031 1038 2078 instituti,
1075 2043 1176 2082 quos
1206 2035 1267 2066 tot
1298 2027 1438 2067 turbas
1457 2027 1648 2076 edidisse,
1692 2034 1734 2067 et

286 2085 404 2123 toties
432 2100 588 2124 summo
615 2099 708 2124 cum
738 2086 859 2138 ipsius
890 2099 1016 2138 impei
1019 2100 1045 2124 11
1074 2085 1302 2124 discrimine
1319 2083 1594 2147 reprimendos
1613 2083 1733 2122 fuisse

285 2137 510 2203 loquuntur
547 2141 1010 2180 h1st011aeCedrenus
1047 2154 1088 2193 p.
1124 2140 1219 2194 765.
1250 2138 1304 2177 A.
1334 2153 1377 2192 9.
1433 2134 1531 2184 τούς
1562 2137 1733 2185 πολίτας

286 2209 359 2233 και
379 2191 453 2234 τὸν
479 2195 610 2261 δῆμον
642 2198 784 2260 iungit.
842 2197 1014 2235 Videtur
1047 2196 1090 2234 id
1123 2208 1284 2258 quoque
1316 2195 1438 2233 dictio
1466 2193 1662 2259 Scylitzae
1685 2207 1730 2259 p.

289 2249 386 2288 815.
417 2251 463 2289 Β.
499 2251 541 2290 6.
582 2245 691 2291 ἅπαν
720 2249 767 2292 τὸ
807 2246 1023 2315 δημοτικόν
1055 2264 1099 2290 τε
1130 2252 1206 2303 τῆς
1231 2244 1389 2296 mnsam
1418 2263 1490 2288 και
1518 2245 1564 2287 τὸ
1598 2246 1734 2288 κοινὸν

290 2305 469 2345 suadele.
527 2307 631 2345 Nam
661 2308 694 2346 si
726 2303 771 2346 τὸ
805 2303 944 2345 κοινὸν
963 2312 1022 2345 est
1053 2307 1283 2344 communio
1302 2306 1479 2354 civium,
1514 2304 1626 2356 quia
1644 2317 1731 2344 ma-

287 2361 456 2411 gistiatu
476 2362 674 2414 oppidano
702 2369 926 2417 reguntur,
962 2375 1121 2401 necesse
1139 2369 1198 2400 est
1231 2357 1277 2400 τὸ
1307 2354 1527 2413 δημοτικὸν
1552 2357 1626 2410 τῆς
1655 2356 1734 2398 πό-

287 2415 394 2460 λεως
409 2445 421 2464 ,
457 2418 566 2469 quod
585 2418 636 2456 ab
654 2432 701 2457 co
731 2433 819 2471 segi
821 2425 985 2471 egatur,
1023 2431 1046 2455 a
1065 2418 1300 2469 magistratu
1331 2414 1532 2469 oppidano
1559 2427 1642 2453 non
1659 2428 1730 2466 pe-

286 2470 471 2521 pendisse
492 2500 503 2521 ,
545 2473 717 2527 ideoque
749 2474 800 2512 ad
829 2473 1181 2523 communitatem,
1218 2480 1264 2511 ut
1296 2469 1564 2533 loquebantur
1596 2469 1731 2508 medio

289 2538 415 2575 aevo,
454 2540 537 2565 non
565 2530 816 2578 pertinuisse.
873 2529 1024 2582 Aperte
1050 2541 1211 2591 quoque
1239 2527 1386 2566 Noster
1418 2539 1460 2578 p.
1486 2524 1576 2563 152.
1608 2525 1664 2563 D.
1685 2524 1728 2563 3.

290 2580 500 2646 distinguit
537 2579 590 2620 τὰ
618 2583 726 2636 μέρη
764 2599 787 2623 a
819 2586 903 2630 τοῖς
926 2584 1002 2634 τῆς
1031 2577 1213 2631 πόλεως,
1249 2589 1288 2621 et
1320 2597 1360 2635 p.
1383 2579 1478 2620 556.
1517 2575 1676 2618 influe
1678 2575 1731 2618 ’τᾶ

288 2633 397 2686 μέση
433 2651 455 2674 a
481 2640 565 2682 τοῖς
592 2638 1097 2700 n071‘razg.Nicepho1us
1116 2637 1350 2676 Patriarcha
1366 2636 1552 2674 CPtanus
1568 2633 1729 2686 p.156.

282 2689 501 2754 (11511119111
531 2693 689 2732 ordines
718 2696 788 2733 sic.
799 2688 865 2734 A
859 2695 1010 2746 ιιθμον
1051 2687 1215 2745 ἄνδρων
1239 2691 1285 2731 ἐκ
1311 2691 1393 2731 τῶν
1423 2688 1733 2751 στρατιωτικῶν

290 2743 553 2798 καταλόγων,
600 2744 659 2788 ἔτι
687 2748 733 2787 ὑὲ
767 2763 834 2789 και
866 2748 942 2789 τοῦ
968 2746 1218 2802 γεωργικοῦ,
1251 2761 1321 2786 και
1350 2745 1434 2786 τῶν
1460 2742 1734 2797 βαναυσικῶν
