1832 3126
149 161 157 168 ι
216 201 293 246 An
331 194 630 246 CONSTANT.
669 199 868 242 PORPH.
911 199 984 242 m:
1021 199 1203 242 cmm.
1244 195 1342 242 Lm.
1381 202 1417 240 1.
1463 200 1533 255 91

209 303 265 344 A.
291 318 354 344 ιι.
377 303 469 358 [12‚
488 302 579 357 20.]
614 301 810 353 βλατίων.
866 302 955 340 Vox
983 302 1129 341 blattae
1155 308 1240 340 tam
1269 302 1430 342 diverso
1449 315 1541 341 sen-

98 373 148 401 su
184 361 404 413 accipitur,
438 366 484 398 ut
515 358 566 397 de
597 359 722 412 ipsius
753 357 1040 410 significatione
1077 364 1233 396 certum
1269 358 1367 411 quid
1393 358 1542 397 sanciri

100 422 272 469 nequeat
290 444 302 459 ,
336 414 406 453 sed
435 413 581 453 debeat
604 427 650 452 ex
681 412 924 452 connexione
947 413 1137 465 cuiusque
1168 411 1273 463 loci,
1309 413 1378 451 ubi
1407 427 1544 452 occur-

98 471 169 521 rit,
204 471 422 519 aestimari,
452 470 666 508 serz‘ac'mne
681 495 694 518 ,
728 481 780 506 an
804 481 1023 522 purpuram
1048 467 1255 520 designare
1281 468 1394 507 velit.
1427 469 1480 507 E.
1500 482 1540 507 c.

97 526 143 564 in
182 538 282 565 voce
318 524 583 574 ser-icoblatta‚
634 529 748 561 notat
779 523 1020 571 tincturam,
1071 521 1264 572 colorem,
1307 537 1389 577 quo
1414 524 1550 562 tincta

97 587 209 619 sunt.
265 580 376 630 Quin
410 579 550 617 statuit
579 577 796 616 Salmasius
824 577 875 615 ad
915 577 1004 616 Scr.
1046 577 1150 616 Hist.
1186 579 1296 632 Aug.
1334 579 1464 617 T.11.
1495 593 1541 632 p.

100 633 196 686 546.
231 630 406 684 βλαπίν
446 633 552 672 idem
587 647 670 672 esse
708 640 828 686 atque
873 631 1107 685 simpliciter
1143 629 1333 682 ἱμάτιον,
1380 643 1540 673 vestem.

101 688 220 728 Cous.
265 687 371 727 idem
407 688 507 727 ibid.
533 702 623 742 pag.
656 687 752 737 540.
809 688 877 725 Du
907 687 1044 741 Gange
1071 687 1122 726 ad
1152 687 1337 726 Alexiad.
1368 702 1412 741 p.
1442 688 1538 743 275.

99 750 141 783 et
168 750 340 797 utroque
367 741 586 783 Glossario.
646 743 723 782 Hic
751 743 915 797 quidem
936 741 1014 781 loci
1040 749 1150 796 patet
1176 740 1351 792 βλαπία
1377 757 1460 782 esse
1478 758 1542 782 se-

34 808 38 812 '
98 800 203 838 ticos
227 811 396 851 pannos-
438 798 613 850 Quando
639 805 772 838 autem
798 792 1032 847 δίβλάττιν,
1072 792 1308 850 τριβλάττιν
1336 800 1512 837 occurrit
1526 829 1539 847 ,

99 852 254 892 clarum
272 859 348 904 est,
367 853 583 892 secundam
601 861 671 892 aut
687 855 847 892 tertiam
864 855 1081 891 tincturam
1091 867 1334 906 purpuream
1354 853 1539 908 intelligi.

207 907 262 948 A.
285 922 349 948 η.
370 907 461 962 [12,
479 907 570 963 πμ]
606 907 871 958 ἄπλωμάτων
896 922 941 947 τε
970 905 1044 946 καί
1070 907 1250 947 πέπλων.
1306 909 1350 948 Si
1374 923 1454 962 qua
1480 916 1543 948 est

97 962 322 1003 differentia
352 963 499 1002 horum
524 963 834 1013 vocabulorum,
878 964 921 1002 in
944 976 1118 1016 quorum
1145 978 1222 1002 usu
1250 964 1327 1003 sibi
1353 964 1540 1003 nonnihil

99 1019 310 1072 scriptores
337 1020 600 1071 permittunt,
643 1026 738 1058 sunt
770 1015 822 1059 τοὶ
861 1015 1093 1068 ἅπλώματα
1127 1019 1326 1073 stragulae
1342 1048 1355 1069 ‚
1396 1020 1540 1073 panni,

98 1074 171 1127 qui
197 1072 384 1113 altarium
415 1076 562 1114 mensis
590 1088 627 1114 e.
647 1088 684 1114 c.
708 1082 779 1114 aut
800 1076 858 1113 rei
886 1072 1030 1127 planae
1051 1087 1202 1127 pronae
1224 1076 1369 1114 iacenti
1399 1077 1539 1114 inster-

96 1135 277 1179 nuntur,
304 1126 453 1168 πέπλοι
482 1137 616 1168 autem
641 1130 830 1169 deorsum
851 1129 1091 1183 dependent.

209 1184 257 1223 B.
274 1198 316 1223 a.
337 1182 428 1237 [13‚
447 1183 510 1239 3.]
543 1180 627 1223 ἀπὸ
655 1185 738 1224 ταῖν
758 1183 910 1238 δήμων.
966 1185 1136 1223 Gemino
1163 1183 1284 1224 modo
1307 1191 1439 1238 potest
1467 1185 1537 1225 hic

95 1236 210 1278 locus
243 1238 430 1292 explicari
444 1268 456 1289 ,
490 1241 575 1278 sive
602 1254 630 1278 a
650 1241 898 1292 factionibus·
923 1240 1016 1279 inde
1030 1269 1042 1290 ‚
1090 1240 1155 1279 vel
1187 1250 1291 1279 retro
1307 1242 1538 1293 sactiones.-

93 1295 179 1333 sive
200 1307 228 1333 a
250 1294 438 1347 gradibus
463 1295 570 1334 inde.
629 1295 770 1347 Δῆμοι
798 1295 1036 1334 dicebantur
1067 1296 1214 1349 gmdus
1241 1298 1427 1334 cin-enses
1445 1325 1457 1348 ,
1492 1297 1536 1334 in

94 1348 242 1402 quibus
279 1360 416 1403 greges
443 1350 603 1389 stabant
629 1357 670 1389 et
696 1351 958 1404 spectabant3
1013 1365 1059 1390 ex
1091 1365 1139 1390 eo
1171 1351 1255 1390 fieri
1286 1352 1420 1404 potuit
1435 1381 1448 1402 ,
1487 1357 1537 1390 ut

99 1411 238 1442 omnes
264 1404 410 1458 gradus
442 1403 569 1457 δῆμοι
596 1406 892 1459 appellarentur
908 1436 920 1457 ‚
953 1408 1186 1459 praesertim
1209 1407 1250 1445 in
1281 1407 1427 1460 quibus
1444 1420 1536 1460 gre-

185 1458 415 1498 factionales
437 1467 611 1510 starent,
646 1462 800 1501 etiamsi
828 1469 938 1500 extra
966 1462 1142 1500 Circum.

207 1513 255 1552 Β.
271 1515 316 1554 ,3.
343 1513 434 1568 [13‚
471 1514 534 1569 4.]
568 1513 735 1557 ἐθνικοί.
791 1517 895 1555 Satis
930 1517 1032 1556 bene
1073 1518 1258 1569 congruit
1290 1516 1533 1569 Luitprandi

97 1565 240 1607 relatio
253 1597 265 1619 ‚
297 1570 367 1621 qui
385 1583 431 1617 se
447 1570 489 1607 in
508 1572 759 1623 processione
771 1571 987 1624 Nicephori
1011 1572 1240 1611 collocatum
1265 1572 1404 1610 scribit
1418 1573 1535 1610 imcta

87 1623 243 1677 psaltas
272 1637 337 1662 seu
360 1633 535 1663 cantores
566 1626 608 1664 in
639 1627 889 1665 eminentiore
922 1627 1022 1664 loco.

205 1678 253 1717 Β.
271 1677 313 1729 4.
345 1677 436 1732 [13,
467 1678 531 1733 4.]
562 1677 821 1732 συστήματα.
879 1681 1072 1734 Collegia,
1121 1681 1279 1720 ordines
1314 1681 1444 1730 urbi55
1486 1686 1534 1721 ut

93 1730 261 1787 collegia
287 1741 556 1773 mercatorum
582 1742 622 1774 et
648 1736 852 1789 opificum.
909 1737 972 1775 De
998 1737 1212 1790 Symponis
1239 1736 1305 1775 vel
1327 1739 1532 1776 assessori-

92 1786 170 1827 bus
198 1788 492 1842 praefectorum
515 1790 650 1839 urbis,
681 1792 751 1844 qui
773 1792 834 1830 ius
856 1791 1081 1830 dicentibus
1110 1791 1336 1830 assidebant
1367 1798 1407 1830 et
1433 1805 1532 1831 con-
1598 1793 1601 1797 '

91 1842 182 1883 silio
205 1843 395 1895 aderant,
429 1845 516 1885 vid.
534 1846 705 1885 Guther.
725 1861 769 1900 p.
794 1847 889 1886 330.
947 1847 994 1885 In
1019 1848 1277 1899 inscriptione
1296 1846 1404 1885 tituli
1422 1861 1445 1885 e
1469 1861 1532 1886 σοι

92 1897 181 1938 dice
208 1899 419 1939 Iustinian.
442 1900 548 1954 apud
563 1901 735 1941 eundem
755 1916 847 1955 pag.
862 1916 957 1957 270.
987 1901 1236 1955 appellantur
1254 1902 1534 1941 adnzinzzetran—

93 1961 151 1992 tes
174 1954 243 1993 vel
263 1967 490 2005 assessor-es,
528 1957 576 1995 id
589 1965 646 1995 est
665 1958 897 1997 consiliarii.
954 1957 990 1996 E
1016 1957 1274 2010 scriptoribus
1298 1964 1386 2010 post
1401 1956 1530 1995 Theo·

90 2007 268 2061 phanem
291 2023 386 2063 pag.
414 2010 509 2065 ²94·
541 2012 574 2050 B
598 2012 681 2051 fere
701 2012 861 2065 colligas
875 2042 888 2062 ‚
922 2012 1146 2066 Symponos
1171 2008 1367 2051 Praefecti
1400 2011 1528 2050 Urbis

38 2064 40 2066 ’
92 2062 146 2102 ab
178 2063 420 2117 Imperatore
453 2067 542 2119 ipso
573 2067 730 2107 additos
758 2067 907 2120 fuisse;
946 2068 1148 2108 interdum
1175 2074 1311 2106 tamen
1339 2066 1528 2121 praefecti

91 2118 170 2171 ipsi
192 2119 268 2158 sibi
298 2133 363 2158 eos
382 2120 582 2174 legebant.

202 2174 251 2213 B.
274 2175 337 2214 1³3.
384 2176 445 2223 15,
470 2184 532 2215 1'1.
587 2171 618 2215 ὅ·
632 2173 906 2229 ἒκσκούβιτος.
961 2179 1022 2218 Ita
1045 2186 1104 2218 est
1123 2179 1166 2217 in
1185 2177 1442 2222 membranis.

201 2229 251 2268 C.
280 2230 322 2269 3.
385 2231 448 2282 13,
470 2231 534 2282 14.
593 2232 667 2284 τῆς
703 2233 873 2284 χαλκῆς.
927 2234 1168 2273 Aedificium
1202 2233 1243 2272 id
1277 2240 1362 2273 erat
1393 2231 1524 2271 aeneis·

89 2282 234 2337 tegulis
257 2291 408 2324 tectum
423 2315 435 2334 ‚
464 2299 536 2339 per
563 2287 673 2341 quod
699 2290 742 2327 in
767 2298 957 2342 magnum
977 2289 1174 2342 palatium
1188 2285 1319 2327 aditus
1344 2287 1522 2341 patebat.

90 2337 147 2377 V.
168 2339 235 2378 Du
264 2339 397 2394 Gange
426 2341 524 2380 CPli
559 2343 786 2383 Christiana
817 2359 860 2397 p.
894 2345 984 2384 113.
1006 2359 1095 2398 sqq.
1154 2343 1338 2383 observo
1363 2349 1523 2382 tantum

89 2389 158 2432 hic
171 2422 185 2443 ‚
216 2407 369 2434 morem
400 2403 498 2436 tunc
523 2400 714 2451 temporis
739 2399 861 2439 fuisse
885 2401 1041 2438 maiora·
1072 2411 1252 2452 quaeque
1282 2405 1322 2438 et
1346 2397 1522 2452 splendi-

89 2446 205 2487 diora
228 2450 406 2490 aedificia
432 2452 577 2506 tegulis
596 2455 726 2493 aeneis
754 2455 988 2508 operiendi,
1020 2455 1133 2493 cuius
1157 2455 1275 2492 etiam
1292 2466 1523 2493 monumen-

90 2508 134 2540 ta
163 2503 294 2543 adhuc
330 2505 450 2546 hodie
489 2513 716 2560 supersunt.
773 2509 1005 2549 Anastasius
1042 2510 1085 2548 in
1106 2508 1334 2548 Vitaliano:
1381 2508 1522 2548 Eccle-

89 2558 190 2597 siam
220 2559 274 2599 B.
305 2560 466 2600 Mariae
494 2563 554 2601 ad
572 2563 794 2616 Martyres,
831 2578 931 2620 quae
955 2563 1007 2602 de
1034 2565 1179 2617 tegulis
1197 2565 1328 2604 aeneis·
1352 2571 1439 2603 erat
1463 2576 1522 2601 oo-

89 2621 248 2666 operta‚
284 2614 556 2675 discoopenu‘e.
610 2618 666 2657 V.
693 2619 742 2658 ad
766 2635 809 2673 p.
841 2618 909 2671 42.
940 2618 995 2658 A.
1024 2617 1062 2658 5.

201 2668 247 2708 C.
269 2669 311 2709 8.
359 2672 423 2722 13,
447 2686 509 2726 19.
569 2673 643 2712 xm*
667 2670 848 2713 ἔνδοθτν.
905 2674 964 2712 Μ.
989 2672 1063 2712 κατ’
1090 2671 1143 2712 τὰ
1175 2669 1355 2715 ἔνδοθεν.

202 2725 250 2763 C.
270 2739 311 2779 9.
360 2727 421 2773 13,
441 2671 534 2783 aa]
566 2725 719 2779 θόλον,
758 2728 938 2768 ἵσταται.
994 2729 1250 2769 Membranae
1277 2724 1428 2778 θόλον,
1459 2727 1522 2766 δε-

95 2774 163 2830 ξιᾷ
187 2778 265 2827 μὲν
285 2779 461 2823 ἵσταται.
516 2783 658 2824 Paullo
682 2792 771 2837 post
803 2782 963 2822 eaedem
992 2779 1149 2834 α’γάγει.
