1884 3132
276 124 391 192 410
559 143 632 186 10.
674 143 783 186 1Αο.
824 145 1020 186 Rssisxn
1063 143 1444 189 COMMENTARH

277 249 402 287 λατον
429 242 677 299 φιλοπάτιον
719 248 958 302 appellatur.
1037 249 1235 303 Campum
1261 258 1302 289 et
1337 249 1594 292 Hebdomum
1619 253 1729 294 idem

283 317 369 341 esse
389 331 402 352 ,
437 302 616 342 tribunal
646 304 847 344 Hebdomi
886 312 925 344 et
953 305 1094 358 Campi
1141 319 1302 359 quoque
1328 307 1435 346 idem
1463 321 1574 358 esse,
1602 315 1643 348 et
1667 309 1727 350 ibi

284 358 534 397 renuntiatos
560 357 684 398 fuisse
714 361 979 413 Imperatores
997 390 1009 411 ,
1039 363 1095 399 ait
1122 361 1190 398 Du
1221 361 1353 415 Cange
1382 361 1479 402 CPli
1510 362 1656 407 Christ.
1682 379 1727 417 p.

290 411 381 464 140.
414 413 462 451 L.
494 414 572 453 III.
627 415 799 455 Diversa
829 423 964 455 tamen
994 429 1102 464 esse,
1133 415 1203 454 sed
1229 416 1389 468 vicina,
1418 425 1565 471 patete
1592 425 1730 458 nostro

282 468 362 507 hoc
394 469 522 522 capite
537 499 549 519 ‚
576 477 616 509 et
644 469 848 524 Menolog.
877 470 995 510 Basil.
1026 471 1078 510 Τ.
1111 471 1144 510 1.
1176 485 1216 524 p.
1247 471 1336 526 67„
1368 472 1439 512 ubi
1467 472 1513 512 ὲν
1539 471 1597 526 τῷ
1622 468 1732 523 κάμ-

279 537 344 578 πῳ
383 522 558 576 πλησίον
600 525 676 565 τοῦ
714 522 923 576 ἑβδόμου,
972 534 1012 565 et
1041 525 1163 579 paulo
1206 533 1298 580 post
1331 523 1415 566 ιῖπὸ
1441 526 1518 567 τοῦ
1543 521 1729 579 ἑβδόμου

283 579 346 625 εἰς
372 577 440 619 τὸν
467 575 630 630 κάμπον
656 577 761 633 πρὸς
788 578 835 620 τὸ
865 580 1164 635 τριβουνάλιον.
1220 581 1410 622 solebant
1427 597 1571 636 nempe
1597 583 1731 622 solen-

283 647 356 673 nes
384 636 425 674 in
445 634 639 689 Campum
668 638 937 690 processiones
966 638 1109 676 facere.
1153 636 1416 692 *marianus
1442 652 1522 677 una
1550 652 1642 678 cum
1657 653 1731 692 pa-

281 690 460 729 triarcha
491 694 766 743 processiones
793 692 977 732 solennes
1006 694 1045 731 in
1075 693 1273 746 Campum
1302 693 1411 732 facit.
1470 693 1655 746 Theoph.
1684 708 1726 746 p.

281 745 352 799 94.
396 746 649 795 Βασιλίσκος
677 747 722 787 ἐν
748 747 806 802 τῷ
833 744 982 804 κάμπῳ
1011 745 1271 800 ἀνηγορεύθη
1298 744 1513 799 βασιλεῦς,
1542 748 1727 802 Theoph.

286 815 331 854 p.
359 801 447 852 104.
510 803 574 842 De
615 817 757 856 campo
785 805 932 842 Martio
968 817 1107 857 regum
1144 804 1395 843 Francorum
1421 817 1463 843 v.
1490 802 1653 858 Abrege
1679 804 1731 844 de

283 857 472 912 Mezeray
501 858 553 897 T.
575 858 629 896 ΙΙ.
662 873 702 911 p.
721 857 811 898 128.
843 859 1015 898 Reinesii
1043 858 1190 898 Variae
1215 865 1255 898 et
1281 858 1456 899 defensio
1483 858 1728 911 Variarum,

286 911 469 952 Giornal.
502 912 565 952 dei
593 914 785 953 Letterati
815 914 870 952 11.
906 913 994 965 ¹04·
1016 914 1185 953 Rivinus
1210 914 1260 953 de
1289 914 1500 962 Maiumis,
1534 914 1602 952 Du
1621 914 1730 953 Can-

284 981 334 1019 ge
360 967 412 1005 ad
445 967 630 1008 Ioinville
660 969 828 1008 Dissert.
858 969 930 1008 lV.
959 983 997 1021 p.
1032 967 1175 1023 152.]*
1238 969 1301 1007 De
1328 983 1438 1008 more
1464 969 1733 1021 Imperatores

285 1022 328 1060 in
358 1036 499 1076 campo
517 1053 530 1072 ,
560 1038 642 1062 non
672 1024 823 1063 Romae
860 1030 931 1062 aut
958 1024 1137 1078 Byzantii
1175 1030 1333 1063 tantum
1349 1053 1360 1074 ‚
1387 1023 1458 1063 sed
1485 1025 1606 1063 etiam
1633 1023 1731 1064 alibi

282 1079 540 1118 renuntiandi
560 1093 598 1123 v,
626 1078 762 1118 Vales.
796 1078 847 1117 ad
877 1078 1015 1117 Amm.
1055 1078 1232 1119 Marcell.
1264 1093 1304 1132 p.
1334 1079 1425 1118 262.

396 1133 445 1172 C.
464 1134 507 1174 6.
535 1133 581 1188 [4
591 1149 654 1184 10,
679 1133 763 1188 100]
794 1130 1041 1180 Ἀνατόλιος.
1097 1133 1207 1185 Quid
1234 1134 1298 1173 hic
1330 1132 1557 1187 patriarcha
1575 1141 1645 1174 aut
1665 1148 1734 1172 ar-

283 1187 559 1243 chiepiscopus
588 1190 774 1229 CPtanus
805 1188 911 1243 apud
958 1190 1292 1229 renuntiationem
1321 1189 1466 1228 Leonis
1494 1191 1633 1242 egerit,
1662 1203 1734 1228 co·-

285 1243 359 1281 dex
390 1251 525 1284 noster
563 1259 644 1284 non
682 1245 844 1284 indicat.
911 1245 1027 1283 Certe
1055 1243 1174 1284 claris
1211 1244 1346 1283 verbis
1374 1259 1456 1283 non
1485 1244 1582 1283 dicit
1602 1275 1614 1293 ,
1638 1258 1732 1284 eum

286 1313 478 1338 coronam
505 1314 613 1339 novo
642 1300 801 1339 Caesari
831 1300 1075 1354 imposuisse.
1103 1300 1173 1338 Ait
1200 1307 1335 1338 tamen
1350 1299 1601 1352 Nicephorus
1618 1300 1725 1339 nist.

288 1353 446 1393 Eccles.
477 1355 571 1394 XV.
601 1354 663 1395 15.
703 1355 754 1394 de
782 1356 916 1395 Leone
951 1355 1059 1394 hoc:
1101 1349 1232 1409 ψήφῳ
1261 1354 1374 1406 κοινῆ
1400 1354 1474 1407 τῆς
1500 1351 1732 1406 συγκλήτου

282 1405 485 1460 βασιλεῦς
510 1407 733 1460 Ῥωμαίων
759 1405 1069 1463 ἀναγορεύεται,
1097 1409 1174 1447 τοῦ
1205 1395 1467 1461 πατριᾶρχου
1482 1407 1730 1449 Ἀνατολίου

284 1460 332 1503 τὸ
352 1460 554 1517 -ὸὶιέδημα
582 1464 867 1515 περιτιθέντος
893 1463 1021 1520 αὐτῷ.
1049 1464 1147 1504 Vid.
1178 1478 1280 1518 quae
1307 1464 1359 1503 ad
1387 1479 1430 1518 p.
1451 1465 1550 1519 259.
1571 1463 1624 1504 A.
1662 1476 1727 1503 ιι.

285 1525 328 1558 et
358 1519 453 1569 241.
481 1521 527 1558 B.
561 1519 600 1560 5.
633 1520 780 1559 dicam.

395 1574 444 1613 C.
472 1573 513 1614 8.
544 1574 662 1629 [410⁷
687 1589 700 1614 1
716 1574 764 1629 ι.]
794 1571 992 1628 λαβάρων
1017 1572 1090 1613 καί
1115 1573 1265 1626 σι’γνων
1292 1571 1358 1613 ἐπ’
1383 1569 1568 1627 ἐδάφους
1591 1571 1732 1623 κειμέ-

287 1642 382 1668 νων.
448 1629 610 1669 Labara
649 1645 734 1670 esse
762 1630 906 1670 vexilla
944 1630 1141 1683 quadrata
1178 1643 1295 1668 cruce
1334 1630 1511 1681 signata,
1550 1635 1591 1668 et
1617 1630 1733 1682 signa

289 1682 434 1724 vexilla
463 1685 718 1738 Imperatoris
746 1693 972 1739 protomam
1001 1686 1202 1739 gerentia,
1241 1698 1303 1723 res
1330 1691 1425 1723 nota
1454 1690 1514 1722 est
1553 1690 1593 1722 et
1631 1683 1729 1725 alibi

289 1753 313 1778 a
348 1740 464 1779 nobis
491 1748 644 1780 notata.
697 1741 818 1795 Signa
844 1748 978 1779 autem
1014 1740 1239 1779 invertendi
1275 1746 1345 1778 aut
1380 1738 1506 1777 humo
1533 1738 1735 1779 sternendi

288 1805 379 1833 mos
415 1802 486 1834 aut
508 1795 681 1835 aluctum
710 1796 979 1850 significabat,
1009 1803 1079 1834 aut
1106 1796 1433 1841 submissionem,
1463 1800 1534 1832 aut
1559 1794 1733 1847 denique

288 1849 588 1890 insultationem
632 1858 672 1890 et
698 1851 1016 1890 humiliationem
1045 1851 1153 1898 eius,
1200 1851 1313 1888 cuius
1345 1851 1457 1902 signa
1486 1849 1738 1888 inverteren-

287 1911 372 1944 tur.
426 1905 610 1946 Primum
635 1906 702 1945 hic
731 1905 808 1947 loci
847 1906 1017 1946 obtinet.
1072 1905 1313 1944 Steruebant
1347 1906 1454 1943 enim
1489 1903 1635 1943 milites
1681 1905 1738 1944 si-

288 1971 394 2013 gna,
435 1963 530 2014 quia
558 1963 779 2014 Imperator
795 1992 806 2010 ‚
829 1962 943 2000 cuius
982 1961 1024 2000 in
1055 1960 1249 1999 honorem
1295 1967 1424 1998 erecta
1452 1965 1735 2012 gestarentur,

291 2029 372 2054 non
402 2017 562 2064 aderat,
591 2018 799 2055 Marciano
817 2018 920 2055 vivis
949 2023 1103 2056 exemto
1119 2046 1129 2064 ‚
1162 2022 1201 2054 et
1226 2016 1360 2054 Leone
1379 2015 1560 2053 nondum
1587 2028 1738 2056 renun-

291 2071 405 2109 tiato.
484 2071 569 2111 Ubi
605 2072 710 2110 facta
751 2072 1019 2121 renuntiatio,
1074 2085 1214 2110 rursus
1253 2069 1517 2111 elevabantur
1535 2099 1547 2122 ,
1589 2069 1739 2109 indicio

289 2126 455 2178 gaudii3
485 2140 527 2166 v.
573 2127 801 2167 Casaubon.
844 2126 895 2166 ad
939 2126 1143 2179 Spartiani
1186 2125 1380 2165 Severum
1410 2126 1463 2164 T.
1495 2126 1530 2164 I.
1574 2139 1616 2178 p.
1644 2123 1740 2165 601.

285 2180 423 2220 vales.
473 2180 526 2220 ad
571 2182 712 2221 Amm.
760 2180 941 2220 Marcell.
966 2197 1007 2235 p.
1042 2179 1134 2235 507.
1176 2186 1216 2219 et
1244 2179 1340 2219 512.
1410 2180 1526 2219 Alias
1572 2192 1740 2232 quoque

290 2236 446 2288 quoties
469 2251 599 2276 novus
630 2238 853 2291 Imperator
879 2243 950 2275 aut
977 2237 1124 2276 Caesar
1154 2243 1472 2288 nuncuparetur,
1503 2233 1739 2274 sterneban-

288 2297 357 2329 tur
390 2293 503 2345 signa
531 2300 571 2332 et
598 2291 761 2340 hastae,
793 2291 946 2331 etiamsi
977 2293 1110 2331 senior
1139 2292 1364 2344 Imperator
1391 2291 1544 2329 adesset
1564 2318 1576 2340 ‚
1605 2295 1646 2327 et
1672 2302 1741 2327 co-

287 2348 498 2386 ronatione
513 2355 672 2400 peracta
694 2348 857 2388 demum
875 2347 1151 2400 resurgebant,
1175 2355 1221 2385 ut
1235 2346 1402 2385 discitur
1420 2360 1442 2384 e
1454 2347 1590 2384 Leone
1601 2343 1741 2407 Gramz

289 2408 388 2439 mat.
413 2416 454 2455 p.
471 2401 567 2453 466.
587 2402 678 2442 ult.:
712 2402 795 2441 τῶν
810 2399 1030 2454 σκήπτρων
1057 2397 1283 2451 πεσόντων,
1302 2398 1360 2448 ὥς
1377 2398 1488 2449 ἔθος,
1509 2395 1682 2448 ἔστεψεν
1716 2410 1742 2435 ο·

290 2452 476 2509 Μιχαὴλ
489 2453 562 2496 τὸν
570 2456 807 2498 Βασίλειον.
840 2457 998 2497 Pariter
1009 2456 1311 2496 invertebantur
1326 2455 1488 2498 illarum
1508 2452 1740 2492 cohortium

295 2507 551 2561 legionumve
576 2513 701 2566 signa,
721 2526 824 2566 quae
845 2526 935 2551 cum
954 2512 1118 2551 infamia
1137 2516 1506 2550 exauctorarentur.
1542 2508 1603 2546 lta
1621 2508 1744 2547 refert

287 2562 522 2613 Spartianus
552 2568 749 2606 Severum
778 2569 1081 2621 Imperatorem,
1124 2580 1251 2621 quum
1270 2566 1444 2604 Romam
1471 2564 1646 2601 venisset
1661 2591 1672 2612 ‚
1703 2569 1745 2602 et

287 2621 558 2668 praetorianos
574 2651 586 2672 ‚
605 2624 674 2676 qui
694 2623 768 2661 sibi
789 2623 986 2663 adversati
1006 2622 1183 2671 fuerant,
1195 2625 1499 2666 exauctorasset‚
1527 2619 1748 2670 perrexisse

288 2671 331 2709 in
360 2673 553 2724 palatium
579 2678 774 2730 praelatis
811 2678 930 2732 signis
944 2708 955 2724 ‚
1009 2691 1107 2732 quae
1130 2675 1394 2730 praetorianis
1420 2673 1646 2721 ademerat,
1680 2686 1744 2710 su-

280 2727 417 2785 pinis,
459 2743 538 2774 ηοη
575 2734 726 2784 erectis3
758 2747 798 2774 v.
830 2734 917 2776 Ser.
946 2732 1053 2777 Hist.
1083 2731 1187 2784 Aug.
1222 2729 1273 2770 T·
1305 2729 1339 2769 Ι·
1371 2743 1414 2786 Ρ,
1445 2729 1545 2774 601«
1575 2728 1745 2777 .Nffl'fflt
