1884 3132
320 106 433 164 558
601 125 1067 170 10.1AC.REISK11
1114 89 1493 171 commim’mm

317 226 370 267 ad
398 225 607 267 Constant.
654 226 783 281 p8.4
809 235 849 268 et
889 228 1169 268 Montfaucon.
1209 229 1260 269 Τ.
1280 228 1360 269 111.
1391 227 1568 283 Antiqu.
1606 227 1767 293 Explic.

316 297 360 336 p.
350 281 458 334 .134.
521 283 627 323 Vide
654 241 762 322 itifia
797 297 839 336 p.
885 284 977 326 555.
1009 283 1065 322 A.
1107 298 1172 323 10.
1240 282 1490 335 α’νέρχονται
1525 282 1655 337 μέχρι
1690 283 1766 336 τῆς

318 336 460 390 φίνας,
489 330 616 390 ἤγουν
646 338 725 377 τοῦ
761 339 826 378 Π.
879 340 1010 378 Finae
1031 352 1177 378 nomen
1206 337 1276 377 illa
1303 339 1480 391 poiticus
1507 352 1589 377 non
1617 352 1665 379 eo
1691 339 1767 379 ob-

316 394 466 441 tinuit,
499 393 609 446 quod
635 394 815 446 porticus
857 401 982 433 esset.
1025 408 1120 432 nam
1161 397 1262 448 φῖνα
1290 395 1489 446 porticum
1515 407 1589 447 per
1613 407 1656 434 se
1682 408 1766 434 non

316 454 451 487 notat:
482 447 551 488 sed
581 449 693 502 quod
720 448 763 487 in
783 448 862 488 fine
890 450 986 488 circi
1013 455 1130 501 esset,
1158 448 1230 488 ubi
1249 448 1433 488 finiretur
1458 462 1612 488 cursus.
1645 449 1768 502 Quod

317 510 453 542 autem
480 502 561 543 fina
585 503 681 543 haec
710 505 885 557 porticus
912 511 1037 553 esset,
1067 503 1109 542 id
1137 503 1319 543 accidens
1344 510 1455 554 erat,
1489 517 1622 558 neque
1645 518 1693 544 ex
1719 518 1768 544 eo

318 557 421 597 effici
447 565 594 612 potest,
624 559 747 598 finam
776 561 972 627 porticum
1003 565 1163 599 notare.

428 615 474 654 B.
494 614 536 654 6.
569 612 685 669 [471‚
722 614 808 668 13.]
851 612 1063 668 ἆγούροις.
1142 616 1462 668 Interpretantur
1489 625 1673 667 αγουρον
1701 615 1767 654 iu-

317 682 463 710 venem
508 670 685 723 glandi,
713 669 878 708 lobusto
906 677 946 709 et
972 677 1140 712 venusto
1166 683 1358 723 corpore:
1386 684 1430 709 v.
1456 670 1525 708 Du
1553 668 1687 723 Gange
1719 669 1766 711 h.

320 738 364 764 v.
399 733 440 764 et
467 723 507 764 Γ
505 737 825 777 αοσονοοτασιον
852 731 892 764 et
923 726 1051 764 Gar-so
1103 733 1144 765 et
1163 725 1214 764 ad
1243 725 1424 767 Alexiad.
1450 738 1492 777 p.
1509 724 1605 765 538.
1662 725 1767 764 Veni

319 779 536 834 aliquando
563 780 606 818 in
637 794 725 818 eam
746 779 988 844 opinionem,
1011 781 1252 820 descendere
1280 779 1385 819 hanc
1401 792 1542 819 vocem
1561 779 1615 818 ab
1641 792 1768 819 ακον-

319 848 394 887 ρος
415 865 428 886 ,
455 836 606 873 iuvems
647 835 957 883 imberh1s‚cui
985 835 1118 875 barba
1155 835 1340 876 nondum
1380 834 1535 877 cecidit.
1591 834 1720 888 Saepe
1741 847 1768 886 y

320 897 362 928 et
389 905 413 929 κ
455 890 870 954 pei-mutantu1.1ta
897 886 1145 943 παραγάδην
1181 890 1305 930 habet
1330 890 1399 928 Du
1427 889 1563 944 Gange
1589 889 1657 929 Gl.
1689 890 1764 929 Gr.

317 959 394 998 pro
422 942 680 998 παρακάτιον
700 973 714 998 ‚
762 954 866 999 rete,
906 946 1015 1001 quod
1051 946 1218 985 lembum
1241 945 1415 1001 sequitur
1446 958 1476 984 a
1509 945 1766 1000 piscatoribus

315 1008 496 1040 tractam.

428 1053 796 1110 B.8.[471‚14.]
837 1051 1070 1105 εὖσέβειαν.
1137 1055 1358 1103 Pietatem,
1401 1053 1444 1094 id
1490 1061 1549 1094 est
1597 1056 1766 1096 munifi-

317 1115 505 1153 centiam·
560 1112 627 1151 Ab
664 1109 870 1166 ευσεβεύκ,
898 1112 1059 1163 pietate,
1089 1109 1222 1150 adhuc
1248 1117 1427 1164 superest
1451 1110 1495 1148 in
1523 1109 1660 1150 Italica
1685 1111 1766 1151 lin-

318 1181 399 1220 gua
445 1170 626 1222 pietanze
645 1196 658 1218 ‚
702 1167 834 1221 portio
883 1167 1156 1205 esculentorum
1178 1196 1190 1214 ,
1231 1181 1331 1221 quae
1362 1166 1572 1205 monachis
1597 1167 1764 1222 aliisque

312 1236 494 1276 per-sones
523 1223 627 1261 altra
646 1235 795 1277 panem
824 1221 883 1260 ad
909 1222 1054 1260 victum
1080 1221 1411 1260 datur.Ve1ba
1435 1226 1528 1259 sunt
1553 1221 1766 1262 Muratorii

321 1277 424 1316 Ant.
455 1277 546 1317 Ital.
591 1278 643 1316 T.
663 1278 715 1315 ΙΙ.
746 1291 790 1330 p.
817 1274 935 1316 1265.
988 1275 1288 1315 [inmanitatem
1327 1274 1580 1338 appellabant
1605 1290 1766 1331 quoque

318 1331 455 1371 Latini
489 1332 609 1371 medii
650 1332 737 1371 aevi
766 1338 806 1370 et
826 1333 1037 1386 pietatem,
1066 1346 1108 1371 v.
1149 1331 1218 1369 Du
1245 1330 1378 1383 Gange
1416 1330 1479 1369 his
1516 1329 1558 1368 in
1585 1332 1764 1372 vocibus.

317 1386 534 1438 Solatzum,
592 1388 733 1426 solatza
791 1386 1057 1425 tribuebantur
1092 1392 1151 1425 est
1186 1387 1228 1424 in
1271 1386 1362 1424 cod.
1389 1384 1566 1435 Theod‚,
1603 1387 1681 1426 hoc
1707 1394 1767 1427 est

319 1443 511 1496 principis
538 1441 850 1481 munificentiam
878 1440 1134 1491 effundebat3
1166 1456 1207 1480 v.
1239 1440 1412 1480 Guther.
1442 1454 1484 1535 pn
1507 1438 1534 1491 4
1630 1449 1671 1482 et
1696 1443 1766 1482 Du

319 1497 457 1564 Gange
479 1497 546 1537 Gl.
591 1497 683 1536 Lat.
709 1497 752 1535 h.
787 1511 828 1539 v.
885 1497 1009 1535 Goar.
1030 1496 1082 1535 ad
1118 1496 1259 1535 Codin.
1286 1510 1328 1550 p.
1489 1453 1618 1547 .9492.
1661 1497 1768 1536 inter

320 1550 541 1604 εὐσέβειαν
576 1559 616 1592 et
654 1549 899 1615 φιλοτιμίαν
945 1553 1001 1590 ita
1030 1551 1262 1605 distinguit,
1286 1510 1349 1590 put
1350 1497 1443 1591 7ill-a
1457 1510 1523 1591 nsit
1548 1550 1766 1592 liberalitas

319 1606 365 1645 in
394 1608 599 1656 ecclesias,
640 1606 741 1647 baec
783 1606 826 1645 in
853 1620 1036 1659 proceres
1080 1614 1119 1645 et
1144 1606 1289 1646 milites
1317 1614 1490 1661 erogata.
1547 1606 1627 1646 Sed
1653 1607 1767 1647 locus

322 1670 459 1702 noster
488 1663 592 1702 hanc
634 1662 928 1702 distinctionem
971 1661 1156 1701 destruit.

406 1718 517 1757 C.3.
547 1715 773 1772 [471‚17.]
803 1715 1058 1770 πυρέκβοὶον
1084 1711 1190 1767 μετὰ
1222 1715 1353 1764 ἴσκας.
1415 1715 1461 1754 In
1489 1716 1645 1756 Latinis
1670 1731 1766 1770 per-

322 1773 477 1812 mutavi
518 1772 664 1812 harum
702 1785 847 1812 vocum
890 1772 1191 1825 significationes
1237 1778 1278 1810 et
1318 1784 1391 1825 per
1437 1784 1613 1811 errorem
1640 1771 1767 1811 tribui

316 1826 570 1881 pyrecbolo‚
614 1828 723 1882 quod
750 1826 884 1866 hiscae
923 1834 1022 1877 erat,
1061 1833 1101 1865 et
1138 1826 1310 1866 vicissim
1348 1825 1472 1875 huic,
1502 1827 1612 1880 quod
1641 1826 1764 1867 illius.

319 1882 396 1922 Est
422 1897 567 1936 nempe
604 1898 680 1937 pyl
682 1882 864 1922 ecbolum
901 1881 1091 1920 terebella
1131 1881 1260 1935 lignea
1281 1911 1293 1931 ,
1333 1894 1413 1934 qua
1455 1896 1573 1936 super
1598 1882 1766 1935 hym-‚cam

322 1938 471 1991 agitata
498 1938 653 1978 fortitel
682 1938 780 1976 haec
819 1938 952 1989 ignem
979 1938 1166 1989 concipit.
1241 1936 1375 1990 Hysca
1401 1950 1498 1976 vero
1533 1937 1599 1977 vel
1625 1936 1764 1988 hisca,

324 2007 402 2056 pro
430 2008 512 2048 quo
538 1994 672 2032 Latini
701 1993 865 2046 propius
894 1991 946 2030 ad
976 1992 1172 2044 uliginem
1198 2004 1286 2029 esca
1313 1991 1523 2041 dicebant,
1553 1999 1613 2031 est
1638 1992 1765 2031 fomes

322 2048 451 2101 ignis,
499 2047 652 2102 lignum
679 2047 936 2101 spongiosum
997 2053 1066 2084 aut
1094 2047 1277 2085 materies
1311 2045 1379 2084 illa
1407 2047 1537 2100 lignea
1564 2047 1762 2110 fungosa,

321 2117 426 2156 quae
454 2105 495 2142 in
523 2104 692 2142 nucibus
721 2116 758 2141 e.
785 2115 821 2140 c.
845 2103 950 2140 inter
978 2101 1165 2140 corticem
1195 2108 1234 2139 et
1260 2100 1478 2140 medullam
1505 2115 1622 2155 saepe
1650 2101 1763 2140 inve-

321 2158 453 2208 nitur,
483 2165 554 2196 aut
578 2157 708 2211 qualis
742 2162 803 2195 est
831 2155 900 2196 illa
926 2157 1109 2195 materies
1150 2155 1317 2209 fungosa
1332 2183 1346 2207 ‚
1378 2170 1482 2210 quae
1520 2155 1763 2196 nostratibus

321 2212 584 2263 Sclzwamm,
620 2214 750 2251 Feuet·
768 2233 788 2241 -
833 2212 930 2251 odet
958 2212 1324 2250 Pulverschwamm
1361 2211 1610 2265 appellatur.
1638 2224 1680 2250 v.
1711 2210 1762 2250 de

323 2266 401 2307 hac
436 2282 477 2307 v.
500 2266 620 2306 Paul.
661 2265 861 2319 Leopard.
899 2266 1113 2306 Emendat.
1146 2266 1257 2306 VIII.
1286 2280 1328 2320 7.
1375 2274 1415 2305 et
1457 2267 1525 2305 Du
1543 2266 1677 2317 Gange
1693 2263 1762 2304 Gl.

324 2323 398 2362 Gr.
429 2322 473 2362 h.
503 2336 545 2362 v.
604 2322 697 2361 Non
745 2327 803 2360 est
829 2335 905 2360 vox
934 2321 1106 2360 barbma
1128 2349 1140 2370 ,
1170 2320 1280 2374 quod
1308 2320 1494 2360 Glaeculi
1518 2319 1762 2374 perhibent,

321 2377 392 2416 sed
420 2378 522 2417 bene
547 2377 723 2416 Graecae
749 2377 911 2439 originis
929 2405 941 2426 ‚
988 2375 1170 2440 quamvis
1194 2375 1390 2415 mutilata.
1446 2376 1610 2414 Veteres
1636 2375 1762 2413 Grae-

323 2433 360 2470 ci
388 2428 551 2484 ἑσχαρα
580 2432 789 2478 dicebant,
821 2431 916 2470 item
943 2427 1133 2483 στορεύς.
1192 2430 1298 2469 Illud
1324 2429 1506 2484 perhibet
1533 2429 1762 2482 Theophra·
1774 2474 1779 2482 Ι

323 2493 407 2525 stus
437 2488 541 2526 Hist.
566 2487 723 2537 Plane,
751 2485 829 2524 hoc
841 2484 1075 2525 Scholiastes
1103 2484 1468 2550 ApolloniiRhodii
1496 2483 1547 2522 ad
1575 2484 1624 2522 L.
1656 2485 1691 2522 1.
1715 2498 1758 2523 v.

327 2541 366 2578 5.
405 2541 519 2592 1184.
511 2571 540 2592 .‚
569 2542 639 2581 ubi
669 2542 725 2580 sic
752 2543 834 2580 ait:
869 2536 921 2580 τὰ
952 2535 1056 2588 ξύλα
1083 2539 1331 2592 παρέτριβον
1365 2551 1435 2577 και
1461 2537 1525 2577 ἐπ’
1551 2536 1665 2592 αὐτῷ’
1690 2539 1761 2587 (sic

323 2592 401 2646 leg.
411 2625 421 2644 ‚
443 2606 608 2660 postca,
645 2610 691 2635 eo
715 2596 858 2646 sacto,
892 2609 970 2650 per
989 2596 1081 2642 lzoc,
1113 2602 1183 2633 aut
1211 2593 1282 2633 ἀπ’
1314 2590 1484 2656 αὐτῶν,
1512 2607 1567 2632 ex
1587 2594 1668 2631 dlis
1688 2595 1761 2632 eli-

323 2649 486 2697 ciebant)
515 2646 562 2689 τὸ
593 2650 676 2702 πῦρ
716 2647 907 2713 ἔβαλλον.
949 2645 1109 2713 πυρήϊα
1146 2662 1226 2715 ,γαρ
1254 2642 1390 2686 ταῦτα
1397 2660 1524 2711 7φησι
1551 2643 1603 2685 τά
1633 2661 1760 2713 προσ-

323 2698 548 2755 τριβόμενα
579 2703 771 2756 αλλήλοις
814 2700 918 2757 πρὸς
944 2699 991 2744 τὸ
1024 2703 1104 2758 πῦρ
1134 2700 1352 2756 ἐγγεννᾶν,
1383 2691 1442 2741 ὧν
1470 2699 1516 2742 τὸ
1545 2701 1624 2753 μέν
1650 2697 1762 2744 ἐστιν
