1884 3132
231 149 305 193 An
343 151 638 194 CONSTANT.
677 152 874 195 ponpa.
918 156 988 195 DE
1026 155 1208 197 cmm.
1249 157 1348 197 Lm.
1390 159 1422 198 1.
1471 137 1582 213 393

158 253 406 294 devictorum
434 262 567 294 autem
597 263 636 295 et
673 258 714 295 in
753 257 935 296 militiam
978 271 1090 298 suam
1126 258 1353 298 abditorum
1383 259 1585 300 Hirakita-

157 334 248 360 rum
273 311 458 373 uzu-³35⁸„
486 335 554 360 seu
568 321 862 361 Chaldaeorum
890 337 1004 377 rogas
1032 325 1083 363 ad
1111 325 1271 378 triginta
1292 340 1477 366 nummos
1506 328 1584 366 mi-

158 376 306 414 nuisse.
334 375 481 414 Procul
510 376 633 414 dubio
661 377 825 415 modum
845 392 1033 430 rogarum
1052 379 1283 419 militarium
1303 382 1456 421 Arabes
1476 382 1583 421 Cha-

157 429 250 468 lifae
276 429 440 470 illorum
471 437 695 483 temporum
724 446 747 470 a
777 433 935 471 GraeciS
952 443 1188 487 acceperunt
1209 466 1219 483 ‚
1266 444 1304 475 et
1331 439 1474 476 imitati
1519 451 1586 476 eos

155 485 199 524 in
227 483 303 523 hac
343 499 388 524 re
425 485 601 524 fuerunt.
655 487 860 536 Quantum
888 495 1019 526 autem
1058 491 1331 530 comitatenses
1372 493 1584 544 quotannis

157 541 410 592 acceperint,
439 553 520 579 non
545 543 712 594 reperio.
769 542 975 581 Iustiniani
1009 551 1159 596 aetate,
1207 561 1331 598 quum
1372 549 1584 600 imperium

157 593 289 633 adhuc
317 593 494 647 amplum
522 602 562 633 et
586 603 725 647 potens
753 604 877 646 esset,
917 601 1135 638 necessario
1178 601 1306 639 maior
1342 609 1425 640 erat
1462 617 1582 656 roga,

157 662 280 702 quam
309 651 451 688 secutis
481 649 646 689 saeculis
687 652 728 689 in
756 651 874 690 rebus
923 653 1167 692 Graecorum
1214 656 1480 710 undequaque
1504 660 1584 695 mi-

155 708 243 742 sere
268 705 416 744 accisis.
472 704 536 743 Ad
565 712 724 744 centum
752 708 838 744 auri
867 710 1112 748 centenarios
1129 711 1341 762 patricium
1363 727 1487 750 unum
1517 726 1583 751 ae-

154 765 238 798 tate
265 772 336 797 sua
363 773 435 812 per
462 773 613 798 annum
643 761 947 800 corrotundasse
973 763 1096 802 tradit
1135 765 1355 819 Procopius
1383 767 1579 806 Anecdot.

154 826 194 866 p.
221 826 310 867 ¹⁰9·
332 811 372 864 4.
392 821 431 852 et
454 828 467 852 1
482 812 544 866 14.
563 817 644 868 37„
674 817 782 869 quod
811 824 943 855 tamen
972 833 1095 871 paene
1123 819 1242 858 fidem
1270 821 1455 872 excedat,
1476 830 1583 861 certe

154 867 189 907 si
216 867 268 906 ad
292 868 520 921 pauperiem
549 870 670 909 medii
698 873 782 911 aevi
804 873 1000 925 respicias.
1056 875 1162 913 Hinc
1190 875 1258 914 fiat
1285 878 1510 916 coniectura
1531 878 1582 916 de

153 931 264 977 roga,
295 937 415 976 quam
442 931 539 962 tunc
567 933 768 978 magnates
794 934 1032 980 acceperunt
1049 958 1062 979 ,
1094 944 1175 968 non
1203 930 1405 984 neglecto,
1434 933 1475 971 in
1514 932 1582 971 illa

151 978 319 1016 immani
346 992 501 1018 summa
528 987 687 1020 centum
718 984 1037 1021 centenariorum
1073 985 1224 1024 reditus
1261 987 1390 1026 omnis
1427 989 1582 1040 generis

154 1045 179 1071 e
206 1032 365 1082 fundis,
395 1047 418 1072 e
443 1034 649 1086 sportulis,
678 1050 700 1075 e
726 1051 822 1090 roga
838 1067 850 1084 ‚
881 1045 920 1076 et
940 1039 1200 1091 patriciorum
1217 1041 1391 1094 quidem,
1425 1050 1463 1081 et
1478 1043 1582 1082 forte

149 1100 204 1126 ne
223 1101 362 1126 eorum
383 1089 543 1141 quidem
566 1091 760 1141 omnium,
781 1092 848 1131 sed
863 1095 1166 1147 praecipuorum
1181 1097 1458 1136 tantummodo
1478 1112 1580 1151 quo-

149 1141 323 1180 rundam
339 1145 546 1183 contineri.
588 1146 642 1184 At
661 1147 799 1199 quanti
828 1147 903 1186 fuit
931 1152 1178 1189 centenarius
1210 1152 1295 1189 auri
1325 1152 1374 1190 ad
1402 1161 1579 1192 nostram

150 1202 389 1236 monetam?
445 1199 575 1239 Locus
611 1200 678 1239 hic
710 1215 789 1240 non
815 1203 965 1254 patitur
1004 1204 1046 1242 id
1085 1220 1108 1244 a
1149 1220 1212 1244 me
1242 1206 1411 1246 definiri.
1467 1208 1578 1247 Alibi

148 1251 226 1290 erit
253 1255 532 1306 opportunius,
561 1257 594 1294 si
622 1270 800 1309 unquam
828 1258 1053 1298 consultum
1080 1260 1229 1300 duxero
1259 1261 1354 1301 huic
1381 1263 1579 1317 inquisiti-

149 1306 218 1345 oni
244 1320 309 1346 me
338 1310 598 1349 committere.

231 1361 327 1400 252.
358 1362 411 1400 A.
443 1363 484 1402 3.
503 1365 626 1418 [398‚
646 1364 710 1420 9.]
759 1365 975 1420 δευτέρων.
1038 1371 1148 1410 Sitne
1173 1372 1249 1411 hoc
1279 1386 1303 1411 a
1330 1373 1580 1412 nominativo

150 1409 362 1467 δεύτεροι,
393 1431 443 1455 an
465 1431 488 1456 a
512 1416 700 1472 δεύτερα,
730 1435 811 1460 non
825 1423 1004 1463 dixerim.
1030 1425 1146 1464 Latet
1158 1428 1258 1466 ratio
1273 1428 1576 1480 appellationis;

146 1469 359 1522 vestigium
387 1473 471 1510 eius
498 1473 653 1513 nullum
682 1477 723 1513 in
758 1485 894 1516 nostro
921 1480 1070 1518 codice.
1103 1482 1196 1531 Quo
1224 1490 1405 1532 constat,
1423 1490 1579 1521 mutata

147 1530 239 1576 post
252 1525 517 1565 lastinianum
534 1528 668 1580 palatii
701 1537 914 1579 structura,
945 1549 1091 1573 nomen
1117 1535 1193 1574 hoc
1210 1550 1370 1589 quoque
1400 1537 1583 1576 desiisse-⁷

257 1579 305 1617 B.
333 1593 368 1618 1.
392 1580 507 1634 [598‚
533 1582 615 1636 ¹7⁶]
646 1583 729 1623 τῶν
757 1583 982 1638 ἐπισήμων.
1015 1589 1184 1628 Reddidi
1213 1592 1447 1643 insigm'um5
1475 1591 1578 1631 forte

145 1634 294 1672 rectius
318 1635 622 1675 clarissinmmm
637 1653 654 1687 ,·
683 1639 733 1678 de
762 1641 906 1692 quibus
934 1657 974 1681 v.
997 1644 1166 1683 Guther.
1422 1659 1427 1662 ·

255 1688 302 1727 Β.
326 1690 366 1728 3.
390 1690 501 1744 [398‚
531 1691 611 1746 19.]
642 1692 856 1734 διασώσει.
916 1698 1115 1738 Traducat
1136 1714 1220 1738 eum
1250 1714 1322 1752 per
1347 1701 1578 1753 provincias

146 1742 245 1782 iuris
273 1743 474 1796 Romani3
504 1745 724 1796 διασώζειν
756 1758 814 1789 &st
843 1753 1052 1791 conducere
1066 1784 1076 1801 ,
1109 1755 1261 1793 salvum
1280 1765 1318 1794 et
1348 1757 1577 1795 incolumem

144 1797 318 1850 aliquem
330 1800 464 1854 aliquo
482 1802 718 1855 perducere5
745 1805 829 1844 vid.
849 1807 916 1844 Du
938 1807 1067 1862 Cange
1086 1809 1152 1847 Gl.
1170 1810 1240 1847 Gr.
1261 1816 1299 1847 et
1319 1810 1369 1848 ad
1389 1810 1573 1850 Alexiad.

143 1865 187 1904 p.
204 1851 298 1891 352.
313 1883 323 1899 ‚
345 1855 582 1907 Luitprand.
604 1859 740 1911 Legat.
760 1875 853 1914 pag.
873 1860 968 1915 487.
982 1858 1188 1917 διασώστῃ
1201 1894 1211 1910 ,
1246 1865 1318 1903 hoc
1340 1874 1396 1903 est
1425 1865 1579 1904 ductori

144 1919 256 1954 meo3
285 1907 356 1947 uhi
383 1923 542 1964 quoque
570 1915 750 1965 queritur
764 1946 774 1961 ‚
805 1916 881 1953 sibi
907 1926 945 1954 et
970 1919 1048 1955 suis
1078 1919 1190 1956 datos
1223 1933 1338 1973 equos
1353 1950 1364 1966 ‚
1411 1922 1576 1959 sarcz'm's

144 1973 223 1998 non
251 1962 366 2010 item5
390 1963 536 2013 σώζειν
564 1981 637 2018 pro
664 1970 888 2019 traducere,
909 1978 947 2010 et·
975 1967 1188 2020 σώζεσθαι
1214 1987 1287 2024 pro
1319 1976 1575 2027 transnn‘gra-

143 2028 188 2052 re
203 2043 214 2061 ,
244 2019 431 2067 transire,
456 2024 680 2072 pervenire,
710 2025 772 2063 vel
793 2033 832 2064 et
851 2027 1007 2064 tendere
1021 2035 1173 2066 veteres
1193 2042 1354 2081 quoque
1372 2029 1571 2068 dicebant.

143 2069 351 2122 Appianus
379 2072 427 2109 L.
452 2074 486 2111 Ι.
507 2075 625 2114 civil.
645 2092 682 2130 p.
704 2078 796 2129 403.
819 2081 873 2118 D.
894 2081 934 2129 4.
957 2096 968 2118 :
1000 2081 1114 2120 πέντε
1143 2083 1324 2132 σπειρῶν
1354 2081 1398 2121 ἑν
1423 2086 1479 2137 τῷ
1506 2081 1574 2135 ἔρ-
1587 2094 1699 2128 Ed.L.
1718 2094 1781 2140 ¹24

143 2137 202 2177 γῳ
233 2125 504 2174 σεσωσμένων
534 2131 591 2182 [id
624 2140 682 2170 est
709 2132 968 2184 ἐσσυμένων,
999 2136 1278 2189 transgresses]
1309 2136 1352 2183 ἐς
1378 2134 1448 2176 τὸν
1478 2138 1576 2177 Ine}-

141 2178 298 2217 τελλον.
340 2181 535 2222 Maximus
561 2185 708 2237 Tyrius
734 2202 852 2228 serm.
873 2188 908 2226 5.
924 2204 966 2242 p.
984 2190 1046 2231 50.
1065 2191 1128 2230 ed.
1149 2191 1287 2229 Heius.
1309 2207 1319 2230 :
1353 2189 1378 2244 ἢ
1397 2192 1474 2230 τοῦ
1492 2191 1574 2232 σώ-

139 2244 271 2282 ματος
313 2235 439 2285 χρεία
486 2238 721 2292 πολυμερὴς
765 2257 811 2281 τε
858 2237 966 2283 οὖσα
1014 2243 1087 2284 καὶ
1131 2243 1333 2295 πολυδεὴς
1352 2276 1363 2296 ,
1394 2243 1573 2295 σώζεται

141 2285 343 2341 [pervenit
370 2289 433 2327 vel
459 2291 598 2346 tendit]
629 2295 678 2348 τῇ
705 2297 914 2350 συντελείᾳ
941 2300 1022 2338 τῶν
1050 2299 1192 2352 μερῶν
1223 2298 1327 2351 πρὸς
1355 2298 1430 2352 τὴν
1463 2299 1573 2355 ὑπη-

141 2338 286 2403 ρεσίαν
316 2344 390 2382 τοῦ
417 2338 530 2385 ὅλου.
586 2349 674 2400 Ipse
701 2351 780 2390 iam
800 2353 1014 2405 Sophocles
1042 2352 1176 2405 σωτὴρ
1209 2354 1306 2392 dixit
1335 2369 1409 2408 pro
1428 2358 1572 2397 comite

141 2397 292 2436 ltineris
317 2427 329 2447 ,
368 2401 437 2451 qui
466 2404 781 2454 peregrinantem
815 2407 970 2446 salvum
1001 2416 1040 2447 et
1077 2410 1262 2460 sospitem
1291 2423 1336 2448 eo
1353 2439 1364 2460 ,
1394 2425 1474 2462 quo
1501 2413 1570 2451 de-

139 2451 300 2490 stinatio
331 2452 427 2501 fert,
458 2457 644 2495 traducit.
707 2460 836 2498 Versu
854 2461 995 2501 ultimo
1014 2463 1260 2502 Philoctetae
1279 2479 1421 2518 nempe
1441 2467 1476 2506 N
1479 2481 1569 2521 ym-

142 2503 242 2556 phas
269 2500 415 2546 νόστου
446 2511 650 2562 σωτείρας
680 2514 864 2566 appellat.

224 2559 317 2598 232.
339 2561 385 2599 Β.
399 2577 435 2616 7.
456 2563 570 2618 [399,
594 2565 651 2619 5.]
673 2572 965 2620 προτρέποντα.
992 2571 1249 2611 Arc-essentia.
1282 2573 1434 2614 Eodem
1452 2591 1569 2617 sensu

141 2610 262 2652 habet
288 2614 365 2653 hoc
392 2619 558 2658 verbum
591 2621 856 2674 Theophanes
885 2639 975 2678 pag.
1017 2625 1104 2676 145.
1140 2627 1186 2664 Β.
1221 2627 1262 2667 5.
1284 2635 1324 2668 et
1350 2629 1438 2679 146.
1456 2633 1502 2671 C.
1524 2647 1568 2686 9.

142 2664 217 2704 Est
242 2672 401 2721 proprie
410 2686 593 2725 prorsum
620 2686 770 2716 vertere
787 2709 797 2724 ‚
828 2693 850 2717 e
869 2678 955 2718 ioco
976 2709 987 2731 ,
1018 2694 1136 2734 quem
1156 2684 1245 2734 quis
1264 2693 1455 2738 occupat,
1477 2701 1569 2727 eum

147 2721 349 2763 extrahere
392 2734 432 2766 et
459 2728 624 2769 ulterius
653 2745 907 2785 promovere.
