1884 3132
203 93 278 137 An
305 91 603 137 CONSTANT.
651 90 852 136 Pomm.
891 95 964 134 DE
1002 91 1186 134 cmm.
1228 87 1329 135 Lm.
1365 95 1399 135 1.
1446 74 1554 148 295

126 199 379 245 Pentecostes
396 198 546 252 collega
571 198 701 237 dictus
722 206 762 239 et
777 204 989 237 coronatus
1007 198 1095 237 suit.
1127 198 1321 251 Congruit
1348 198 1469 251 igitur
1482 198 1558 237 hoc

123 254 485 294 inconstantinam
518 254 739 303 iuniorem,
766 254 937 293 Romani
965 253 1117 298 filium,
1150 260 1195 291 ut
1225 255 1294 306 qni
1341 267 1422 292 una
1466 268 1558 292 cum

127 307 249 347 fratre
266 308 437 359 Basilio,
468 310 596 362 potuit
627 309 665 346 in
692 309 829 361 patris,
868 308 964 346 XV.
995 308 1128 346 Martii
1150 307 1343 357 defuncti,
1373 322 1556 360 regnum,
1569 318 1633 355 Ed.
1649 319 1686 352 L.
1702 319 1747 364 93

126 362 306 416 adeoque
333 371 426 403 ante
442 362 646 402 Paschatis
670 363 812 402 festum
830 363 1057 401 successisse
1085 363 1180 409 dici,
1209 365 1392 416 quamvis
1417 364 1558 403 fiatres

127 416 187 456 illi
208 419 461 458 minorennes
481 419 556 458 sub
585 418 743 457 duobus
761 418 991 467 tutoiibus,
1023 417 1242 480 Nicephoro
1271 418 1408 456 Phoca
1436 425 1474 457 et
1495 420 1559 458 Io-

127 485 232 512 anne
262 474 479 521 Tzimisce,
520 473 589 511 diu
621 474 791 511 vixerint
826 471 976 525 absque
1001 474 1181 524 imperio.
1240 473 1344 523 Sed,
1374 480 1419 511 nt
1446 474 1555 521 dixi,

127 527 259 567 debile
286 527 363 567 hoc
395 535 675 591 argumentum
721 535 793 566 est.
854 527 946 565 Non
994 528 1101 565 enim
1146 534 1322 575 constat,
1356 536 1559 567 auctmem

126 588 361 646 temporum
394 584 488 622 anni
516 584 658 622 seriem
695 583 735 620 in
764 582 994 621 recensione
1030 581 1268 620 hila1i01·um
1288 582 1560 623 sactionalium

129 643 170 675 et
199 638 435 676 circensium
461 638 574 690 sequi
602 637 797 686 voluisse3
827 638 1057 689 piaesertim
1092 651 1218 690 quum
1251 652 1343 676 eum
1370 639 1452 690 ipse
1472 646 1560 678 tur-

127 690 222 742 bet,
250 699 338 744 post
381 707 548 731 aureum
572 693 747 731 circense
775 706 943 730 narrans
976 692 1026 730 de
1062 693 1291 744 exceptione
1320 692 1488 731 hiberna
1520 695 1560 735 in

77 747 81 751 ’
127 759 219 784 area
243 747 473 786 Triconchii
493 747 617 795 sacta,
650 754 689 786 et
729 748 834 785 inter
861 746 1132 785 Lachanicum
1151 777 1162 796 ,
1193 747 1302 799 quod
1333 748 1405 785 Xl.
1435 749 1559 799 Maii,

124 800 251 840 Urbis
278 802 409 855 regiae
428 802 566 849 natali,
598 802 733 848 fiebat,
775 809 814 840 et
842 803 917 854 ipsi
951 802 1177 841 immediate
1204 804 1440 840 continuum
1469 804 1562 842 Ma-

126 854 332 894 cellarium
359 871 429 896 seu
452 855 649 910 Lupercal
688 858 933 909 intergeiens
969 857 1098 895 Votoi
1101 872 1167 896 um
1189 857 1319 895 ludici
1321 872 1389 895 um
1408 887 1420 907 ‚
1451 859 1561 911 quod

127 910 169 948 in
206 925 381 951 mensem
411 912 642 950 Ianuarium
666 912 820 950 incidit.
880 912 1035 950 Deinde
1069 919 1197 976 potest
1217 911 1293 950 hoc
1314 920 1435 965 caput
1458 928 1560 966 quo-

126 979 206 1018 que
234 966 286 1005 ad
323 967 608 1019 Imperatorem
639 967 812 1020 aliquem
853 967 1070 1019 respicere,
1112 969 1181 1020 qui
1211 974 1303 1005 ante
1332 967 1563 1007 Constanti-

125 1033 225 1058 num
251 1022 395 1060 Leonis
428 1023 556 1072 vnxit,
586 1029 626 1060 et
670 1030 763 1060 ante
804 1022 973 1072 festum,
1016 1021 1078 1061 vel
1118 1023 1202 1075 ipso
1234 1021 1333 1060 festo
1355 1022 1562 1063 Paschatis

125 1083 339 1115 coronatus
364 1083 403 1116 et
431 1077 690 1130 inauguratus
717 1078 882 1143 imperio
911 1077 1000 1115 suit.

211 1130 300 1170 163.
326 1132 379 1170 D.
417 1146 452 1171 1.
483 1131 597 1186 [Ψ-ὃ,
626 1146 672 1170 31
683 1129 802 1198 .]ὦς.
859 1131 1033 1170 Membr.
1061 1147 1112 1170 ω.

233 1186 287 1223 D.
319 1186 359 1225 3.
393 1185 506 1250 [379‚
538 1185 595 1239 3.]
623 1183 699 1239 τὴν
727 1184 1075 1237 αὕτοκρατοράιι.
1133 1187 1335 1241 Rogamus
1359 1187 1476 1227 liceat
1494 1203 1561 1227 no-

125 1239 188 1279 his
218 1240 423 1280 natalem*
413 1242 568 1295 imperii
589 1242 674 1289 tui,
711 1256 818 1287 eum,
849 1256 931 1294 quo
964 1242 1175 1294 impeiium
1198 1243 1351 1292 adiisti,
1382 1243 1562 1282 hilariter

123 1308 324 1359 peragere.
357 1296 475 1335 Conf.
508 1311 549 1349 p.
586 1296 675 1335 165.
699 1297 753 1335 A.
781 1271 875 1334 uin:
906 1298 979 1347 τῆς
1006 1297 1082 1347 σῆς
1110 1295 1438 1348 αὕτοκρατοράις
1466 1293 1561 1348 {09-

125 1345 241 1396 τάζει
264 1346 340 1401 τήν
365 1349 558 1403 ἡμέραν,
587 1358 627 1389 et
655 1365 696 1404 p.
722 1351 811 1390 163.
840 1351 888 1389 C.
917 1366 975 1405 9.,
1010 1351 1078 1389 ubi
1101 1359 1206 1390 recte
1235 1353 1447 1404 interpies.
1504 1353 1556 1390 V.

126 1402 352 1443 casaubon.
384 1405 436 1442 ad
469 1405 556 1443 Scr.
588 1406 696 1444 Hist.
734 1407 844 1457 Aug.
874 1406 926 1443 Τ.
971 1407 1004 1443 l.
1036 1421 1078 1458 p.
1099 1405 1167 1455 44.
1159 1435 1188 1455 .‚
1229 1407 1295 1444 nbi
1317 1407 1367 1445 de
1393 1408 1562 1445 divolsis

125 1457 326 1552 :Siatalibus
353 1461 449 1512 agit.
505 1460 568 1497 De
594 1459 866 1513 rogationibus
896 1459 1116 1498 factionum
1147 1461 1228 1499 vid.
1258 1461 1323 1499 ad.
1349 1476 1392 1514 p.
1422 1461 1490 1500 63.
1512 1462 1558 1499 Β.

199 1519 240 1551 et
273 1527 286 1552 1
322 1527 361 1552 o.
392 1514 439 1552 C.
483 1513 523 1552 5.

214 1529 317 1608 ¹63?
336 1568 386 1609 A.
406 1582 439 1606 1.
472 1565 663 1622 [²79’8·]
694 1567 928 1620 φακλαρέα.
982 1568 1177 1616 Samnio,
1207 1570 1348 1608 choma
1374 1583 1460 1607 cum
1478 1570 1561 1620 fa-

126 1623 244 1661 cibus.
303 1623 412 1676 Ergo
447 1625 527 1662 iam
549 1630 636 1660 tum
668 1624 858 1674 temporis
880 1637 1042 1676 quoque
1069 1623 1297 1663 saltationes
1328 1638 1419 1662 cum
1448 1624 1560 1662 sacu-

125 1676 175 1716 lis
202 1683 272 1716 aut
302 1679 424 1716 cereis
463 1679 504 1716 in
525 1692 601 1716 usu
632 1684 767 1725 erant,
796 1684 842 1715 ut
861 1677 979 1716 hodie
1005 1679 1159 1716 suntin
1180 1678 1280 1717 aulis
1315 1680 1558 1731 principum.

126 1733 189 1771 De
219 1732 578 1771 illuminationibus
603 1739 643 1770 et
671 1706 829 1784 ignibus
863 1733 1136 1771 artificialibus
1163 1740 1342 1771 veterum
1368 1734 1559 1772 annotavi

126 1787 323 1840 quaedam
346 1788 397 1826 ad
415 1803 458 1841 p.
483 1787 578 1826 351.
596 1787 698 1850 ‚ubj
720 1787 770 1824 de
807 1786 959 1826 hilariis
986 1788 1302 1854 triumphalibus
1315 1788 1391 1840 egi.

234 1841 290 1880 A.
320 1857 362 1896 9.
394 1842 510 1896 [279,
548 1840 628 1894 15.]
658 1837 787 1892 ‹13902‘157
771 1840 894 1880 ἵεται.
949 1842 994 1880 Id
1027 1849 1084 1880 est
1110 1838 1319 1881 mmm—11¹:
1303 1856 1408 1889 {rat
1426 1850 1560 1892 εἰμε-

127 1897 426 1948 γαλαυχεῖται,
454 1897 533 1936 hoc
564 1896 675 1935 velut
702 1903 888 1934 ornatum
918 1897 1119 1948 quendam
1141 1903 1257 1935 suu'm
1284 1904 1482 1946 ostentat,
1512 1910 1564 1935 eo

127 1965 213 1990 sese
234 1958 349 2003 parat
375 1958 414 1990 et
438 1952 634 1990 fastuatur
667 1958 787 2014 atque
826 1950 1035 2014 gloriatur,
1068 1950 1092 2003 ἦ
1122 1948 1258 2001 ταξις,
1274 1952 1397 1998 ordo,
1430 1954 1559 2003 (sena-

126 2007 253 2045 torius
270 2008 442 2058 nempe,)
466 2006 575 2059 quod
603 2014 647 2044 tu
672 2006 724 2045 sis
747 2007 831 2044 eius
848 2001 1089 2058 ταξιάρχης,
1108 2007 1347 2055 ordinarius,
1376 2008 1559 2071 princeps

126 2061 292 2100 ordinis.
353 2062 414 2099 lta
431 2062 578 2100 Zosim.
603 2062 676 2099 IV.
712 2058 782 2099 38.
814 2061 854 2098 in
880 2061 959 2099 fine
979 2060 1051 2099 ἐπι
1076 2061 1420 2124 κατωρθωμένοις
1448 2057 1558 2111 n9a'-

124 2129 278 2167 γμασιν
300 2112 433 2167 ωραῖζ
415 2114 560 2154 εσθαι
587 2116 700 2162 dixit,
729 2115 777 2153 ob
805 2130 866 2153 res
889 2116 982 2154 bene
1002 2125 1126 2168 gestas
1150 2131 1231 2154 sese
1250 2116 1356 2155 velut
1388 2111 1556 2165 ὡραῖον,

124 2185 361 2224 speciosum,
395 2179 600 2208 ostentare.
665 2170 758 2209 Siclz
793 2171 973 2235 ρᾶνᾱεη,
1002 2172 1082 2209 siclt
1116 2172 1196 2209 viel
1227 2170 1356 2209 damit
1384 2171 1554 2217 wz‘ssen,

126 2235 200 2264 nos
221 2225 405 2263 dicimus.
436 2224 548 2262 Idem
564 2225 636 2263 IV.
649 2239 684 2263 c.
698 2226 785 2274 43.τ
818 2222 1099 2275 ὠραϊζομένου
1124 2225 1183 2279 τῷ
1206 2222 1357 2276 πλήθει
1385 2222 1458 2262 καί
1481 2237 1556 2274 με·

126 2279 243 2333 γε’θει
268 2279 350 2318 τῶν
382 2277 578 2331 δωρεῶν,
622 2293 708 2317 cum
748 2279 824 2316 sibi
843 2280 1019 2334 plcweret
1059 2281 1106 2318 ob
1131 2281 1284 2346 copiam
1319 2279 1557 2331 magnitndz-

127 2348 290 2401 nemque
309 2347 525 2372 numer-um.
584 2333 798 2397 Nicetasp.
826 2347 892 2387 29.
919 2334 984 2372 C:
1007 2338 1097 2379 ταῖς
1125 2332 1293 2383 α’ρεταῖς
1308 2336 1555 2384 προσανεῖχε

128 2386 203 2428 καὶ
232 2388 445 2440 ωραιζετο,
470 2388 672 2426 vzrtutibus
691 2390 836 2426 intenta
856 2389 1052 2426 mundum
1079 2388 1129 2426 ab
1161 2389 1209 2426 tis
1239 2389 1317 2426 sibi
1334 2389 1555 2442 quaerebat.

123 2441 183 2483 ‘H
205 2443 319 2490 τάξις
346 2443 529 2481 ordinem
565 2442 918 2493 honestissimum,
949 2443 990 2481 id
1020 2450 1077 2481 est
1098 2444 1368 2491 senatorium,
1393 2445 1436 2482 in
1469 2458 1558 2496 spe-

131 2499 191 2536 cie
214 2506 350 2548 notat,
382 2499 600 2536 imitatione
629 2499 878 2535 Latinorum.
937 2497 1123 2536 Occurrit
1151 2497 1228 2536 hoc
1256 2511 1371 2536 sensu
1394 2498 1434 2538 in
1452 2498 1553 2537 Cod-

133 2551 334 2593 Theodos.
375 2566 456 2591 non
487 2551 623 2591 semel.
656 2552 770 2592 conf.
810 2552 878 2589 Du
918 2552 1052 2603 Cange
1087 2566 1129 2590 v.
1174 2552 1284 2591 Ordo
1330 2559 1370 2591 et
1418 2550 1552 2600 Τάξις.

133 2606 280 2646 Forma
304 2608 552 2646 Constantini
593 2608 650 2645 M.
678 2609 720 2645 in
752 2621 838 2644 m'u
841 2620 950 2645 more
979 2609 1156 2646 Asiatico
1199 2608 1304 2645 inter
1335 2608 1556 2671 inseiiptio-

136 2673 206 2702 nes
240 2675 264 2700 a
298 2661 497 2701 Richardo
528 2663 702 2701 Pocokio
744 2661 868 2700 editas
901 2675 941 2714 p.
971 2675 1012 2715 9.
1037 2677 1077 2700 n.
1116 2662 1153 2702 5.
1168 2677 1319 2715 ‚quam
1347 2663 1439 2702 inde
1457 2663 1558 2702 inte-
