1884 3132
278 150 353 192 An
390 149 727 192 APPENDmEM
770 151 866 191 Lm.
907 152 941 190 1.
985 151 1057 191 DE
1099 148 1357 193 cssmmon.
1442 132 1556 200 483

124 250 333 304 ὑπουργία
372 252 625 304 famulitium
659 251 848 290 culinare.
915 251 1082 304 Proprie
1116 258 1174 290 est
1203 253 1418 292 ser-viatim.
1476 253 1555 295 Sed

126 314 172 347 ut
191 307 340 346 Franci
372 308 519 346 set-vice
544 306 682 344 dicunt
702 319 775 359 pro
811 305 1050 359 supellectile
1077 305 1271 345 triclinari
1285 337 1296 353 ‚
1330 309 1434 361 qua‘e
1463 308 1552 350 cibo

129 363 324 415 potuique
363 361 598 414 apponendo
632 367 672 399 et
708 361 900 399 sumendo
938 362 1082 410 servit,
1124 361 1177 399 ita
1209 376 1367 416 quoque
1390 363 1553 405 Graecis

125 417 240 455 novis
265 415 475 467 ὑπουργία
515 422 554 454 et
582 416 734 454 Latinis
769 417 884 454 novis
914 417 1169 453 ministerium
1207 419 1359 469 pariter
1389 426 1448 457 est
1482 434 1551 458 su-

125 470 252 523 pellex
284 469 510 510 triclinaris.
570 469 742 519 Quando
783 483 877 523 ergo
911 469 1058 508 dicitur
1091 470 1329 511 domesucus
1370 487 1404 512 s.
1436 489 1552 526 prae-

117 525 253 573 fectus
287 525 525 574 ministerii,
563 523 805 576 significatur
837 523 926 573 ille,
967 526 1079 563 cuius
1112 539 1230 564 curae
1255 534 1294 565 et
1327 527 1418 566 fidei
1440 543 1550 568 com-

124 581 245 619 missa
262 587 321 620 est
345 579 518 632 supellex
541 579 751 617 triclinaris
788 585 827 618 et
850 578 1019 631 proinde
1048 593 1206 632 quoque
1221 610 1233 630 ‚
1263 583 1332 634 qui
1356 596 1443 621 eam
1474 586 1550 624 mi-

125 635 327 685 nistrant,
352 635 528 673 inferunt
545 663 555 682 ‚
588 632 779 683 efferunt,
812 633 920 672 cibos
944 641 1139 688 potusque
1169 644 1334 687 parant,
1373 647 1548 680 servant.

126 689 235 728 Hinc
259 687 479 740 ὖπουργεῖν
503 695 542 726 et
560 683 779 740 ὑπηρετεῖν
796 695 855 727 est
875 691 1021 727 servire
1044 689 1102 727 ad
1124 703 1321 739 mensam,
1344 695 1551 746 porrigere

257 772 271 792 ,
302 743 436 782 tollere
463 757 627 790 rursus,-
663 750 703 782 et
737 740 1035 795 ὑπηρετεῖσθαι
1065 746 1327 784 ηιιίιιὶςιναιιιηι
1352 761 1379 785 a
1399 749 1549 799 fizmu-

122 798 175 837 lis
199 799 323 837 cibum
347 807 557 863 potumque
582 799 756 852 accepere·
771 826 783 847 ,
806 805 851 836 ut
880 812 944 851 ap.
964 798 1199 852 Theoph.p.
1219 799 1287 851 42.
1306 801 1352 839 C.
1380 815 1460 842 11.:
1484 800 1548 843 ἴδε

122 851 185 900 εἷς
210 850 372 891 ποταπὰ
402 866 527 902 σκευη
554 849 819 904 ὖπηρετεῖται
848 848 871 890 ὅ
900 848 992 898 υἱὸς
1018 852 1212 906 ΙΙΙαρίας.
1270 856 1332 895 Ita
1355 858 1461 895 enim
1491 859 1548 898 ibi

121 905 347 959 legendum.
402 904 612 958 Νοτάριος
651 905 723 958 τῆς
760 901 989 959 ὑπουργίας
1038 916 1096 947 est
1135 911 1307 949 notarius
1345 913 1553 953 ministerii

110 962 332 1001 .m‘cli12aris
356 977 421 1015 ap.
444 963 571 1001 Leon.
591 960 812 1000 Grammat.
834 976 875 1014 p.
893 961 989 1016 496.
1011 962 1059 1001 C.
1074 993 1086 1013 ‚
1108 963 1177 1002 ubi
1219 963 1295 1004 loci
1323 979 1547 1020 πεφαρμα-

108 1016 283 1067 -γμένων
331 1017 620 1056 restituendum
665 1023 722 1055 est
759 1031 833 1069 pro
870 1018 1169 1068 πεπραγμένων
1207 1033 1229 1057 e
1273 1020 1418 1073 Script.
1454 1031 1546 1075 post

121 1070 307 1124 Theoph.
331 1086 373 1124 p.
398 1071 493 1121 245.
527 1071 573 1109 C.
631 1071 752 1124 Apud
785 1071 973 1110 Nostrum
1010 1086 1051 1124 p.
1083 1071 1178 1112 261.
1213 1073 1266 1112 A.
1294 1089 1335 1128 9.
1371 1073 1397 1127 ἤ
1422 1077 1546 1129 χρεία

119 1125 193 1177 τῆς
220 1126 438 1178 βασιλικῆς
469 1123 716 1178 ὑπηρεσίας,
752 1126 966 1178 indigentia
998 1129 1099 1179 regii
1121 1129 1351 1178 ministerii,
1386 1138 1446 1169 est
1475 1133 1542 1183 id,

121 1180 230 1232 quod
258 1181 474 1233 requiritur
505 1181 555 1218 ad
590 1180 841 1220 serviendum
858 1210 869 1231 ,
893 1182 905 1219 i
939 1195 976 1219 e.
996 1182 1107 1221 cibos
1132 1185 1414 1236 apponendum
1441 1189 1542 1240 regi,

121 1241 191 1274 aut
226 1234 292 1285 id,
324 1236 432 1288 quod
466 1236 680 1288 requiritur
710 1243 849 1284 eo‚ut
885 1250 951 1274 rex
976 1237 1084 1275 cibos
1111 1239 1258 1277 serviat
1292 1254 1324 1278 s.
1369 1250 1542 1293 apponat

120 1288 234 1339 aliis;
262 1291 384 1328 verbo
419 1305 490 1339 ea,
524 1290 668 1343 quibus
711 1304 811 1343 opus
836 1297 874 1329 et
902 1305 994 1329 usus
1025 1299 1083 1330 est
1119 1292 1161 1330 in
1198 1296 1382 1333 convivio
1421 1298 1543 1349 regio.

119 1342 319 1396 Antiquus
348 1344 415 1383 ille
449 1359 543 1383 usus
576 1353 632 1384 est
663 1346 771 1384 vocis
805 1346 1080 1395 minister-itan,
1116 1361 1234 1399 quem
1265 1349 1359 1387 dixi.
1420 1351 1541 1390 Lam—

120 1398 274 1451 pridius
304 1401 346 1436 in
374 1398 488 1438 Alex.
521 1399 666 1438 Severo
691 1414 701 1437 :
745 1400 991 1438 ducentarum
1028 1403 1182 1452 argenti
1216 1403 1406 1442 libr-arum
1435 1419 1542 1458 pon-

119 1452 192 1491 dus
208 1454 458 1491 nu'nisterium
489 1455 568 1491 eius
600 1468 796 1508 nunquam
832 1455 1017 1502 emmim
1055 1469 1094 1492 v.
1129 1455 1293 1496 Salmas.
1325 1459 1374 1496 T.
1396 1460 1429 1496 I.
1453 1460 1540 1498 Ser.

119 1506 226 1546 Hist.
247 1507 352 1560 Aug.
378 1522 417 1560 p.
435 1506 531 1560 984.
550 1536 562 1557 ,
594 1509 662 1546 Du
699 1509 831 1561 Gange
862 1523 904 1547 v.
937 1509 1198 1547 stlim'sterium
1229 1519 1267 1550 et
1306 1512 1537 1564 Σερβιρειν.

117 1561 347 1601 Mna-trare
377 1562 528 1600 Latinis
566 1570 625 1601 est
655 1562 787 1601 cibum
818 1563 1020 1615 praebere.
1077 1564 1227 1604 Paulus
1254 1566 1540 1619 Longobardus

117 1615 193 1655 VI.
230 1617 330 1658 55.:
372 1617 534 1656 Carolus
574 1618 635 1655 M.
663 1618 950 1656 advenientibus
981 1618 1039 1656 ad
1067 1633 1106 1656 se
1142 1620 1276 1671 legatis
1306 1630 1537 1662 exterarum

113 1672 286 1723 gentiztm
315 1695 367 1700 -
400 1681 442 1710 ut
485 1673 609 1710 minus
640 1672 786 1710 Italiae
814 1673 1108 1721 insidiarentur,
1139 1688 1334 1729 nunquam
1362 1679 1537 1730 pretiosa

116 1727 213 1764 vina
232 1727 301 1764 vel
327 1735 562 1764 caeter-aman
587 1741 716 1765 rerum
747 1727 908 1766 delicias
936 1728 1190 1767 ministrabat.
1246 1730 1329 1769 Non
1364 1731 1538 1771 multum

101 1779 273 1819 *abludit
304 1782 535 1834 significatio
573 1783 689 1831 vocis}
707 1778 959 1833 δημιουργὸς
988 1782 1161 1821 strictior
1176 1813 1188 1833 ,
1216 1799 1318 1837 quae
1341 1787 1534 1838 significa-

100 1834 187 1873 >bat
219 1849 310 1873 eum
350 1835 415 1874 vel
443 1850 554 1885 eam,
595 1838 666 1890 qui
689 1836 752 1875 vel
775 1850 873 1890 quae
890 1836 1091 1890 placentas
1107 1839 1281 1888 faceret.
1344 1837 1453 1890 Τοὺς
1480 1838 1535 1879 τὰ

118 1888 318 1939 πέμματα
348 1887 420 1928 καί
452 1886 550 1936 τούς
587 1892 842 1936 πλακοῦντας
870 1892 1092 1939 ποιοῦντας
1118 1888 1154 1930 οἱ
1183 1890 1383 1945 πρότερον
1410 1892 1534 1944 δημι-

119 1941 296 1993 ουργοὺς
322 1941 508 1992 ἐκάλουν,
546 1947 601 1983 ait
635 1945 863 1984 Athenaeus
889 1960 927 1997 p.
959 1959 1069 1998 172„
1101 1947 1221 1999 idque
1246 1949 1389 2001 probat
1421 1950 1534 1987 testi-

117 1999 255 2036 monio
274 1999 504 2050 Menandri,
533 2002 596 2038 cui
620 2000 669 2039 de
693 2014 765 2039 suo
785 2000 882 2039 haee
905 2000 1063 2039 subiicit
1082 2015 1094 2039 ε
1125 1997 1190 2040 ὅτι
1218 2001 1264 2041 δὲ
1284 1999 1533 2054 ἐκεχώριστο

116 2047 168 2091 τὰ
197 2051 270 2103 τῆς
297 2047 550 2105 ὑπουργίας,
582 2050 806 2104 πεμμάτων
830 2054 908 2105 μὲν
937 2055 1196 2106 προνοουσῶν
1222 2057 1303 2095 τῶν
1332 2056 1534 2108 δημιουρ-

114 2104 200 2157 γῶν
215 2136 228 2155 ,
259 2100 541 2159 ὄψαρτυτικῆς
569 2107 615 2147 δὲ
641 2108 722 2148 τῶν
747 2109 1107 2161 μαγείρωνειιυᾱθ
1129 2118 1260 2163 patet,
1290 2110 1532 2150 vocabulum

114 2157 323 2211 ὑπουργία
355 2162 434 2199 iam
475 2162 670 2202 Athenaei
705 2178 802 2203 aevo
839 2164 1074 2217 significasse
1101 2179 1219 2204 omne
1248 2165 1423 2204 studium
1453 2171 1530 2205 etc.

116 2214 168 2253 ad
190 2214 360 2253 triclinia
379 2222 418 2253 et
434 2215 656 2256 eduliorum
682 2219 964 2258 confectionem
986 2226 1177 2270 spectans.

224 2270 267 2308 B.
288 2269 327 2308 5.
351 2268 466 2322 [448,
494 2284 506 2308 ι
521 2270 578 2324 ι.]
609 2273 862 2324 σαγμαρίων.
920 2272 1026 2326 *[De
1062 2288 1162 2326 equo
1186 2275 1379 2327 sagmario
1402 2275 1529 2314 multa

116 2322 329 2362 Goldastus
358 2324 407 2362 ad
432 2324 640 2377 Eginhart.
664 2327 812 2378 p.218.
868 2328 1059 2379 Sagmarii
1115 2329 1207 2380 equi
1242 2328 1306 2367 vel
1343 2332 1530 2369 saumarii

115 2384 210 2416 sunt
230 2380 393 2417 sarcinis
422 2380 588 2417 onerati.
618 2380 790 2419 Ditmar.
814 2397 853 2434 p.
875 2380 984 2434 59.]*
1039 2381 1242 2435 Sagmaria
1280 2381 1356 2421 hoc
1382 2385 1421 2422 in
1446 2385 1530 2424 Ta-

115 2433 216 2470 ctico
245 2433 476 2485 plerumque
503 2448 574 2485 pro
604 2434 720 2472 mulis
748 2438 937 2474 onerariis
972 2443 1210 2487 sumuntur3
1249 2437 1334 2475 vid.
1357 2437 1524 2478 Salmas.

117 2485 165 2524 ad
191 2487 276 2525 Scr.
299 2489 350 2526 H.
373 2488 480 2540 Aug.
503 2489 552 2526 T.
576 2489 631 2525 ll.
653 2503 693 2540 p.
716 2488 807 2543 457.
826 2505 867 2528 n.
890 2492 929 2529 3.

225 2542 271 2580 B.
295 2556 332 2595 9.
365 2542 489 2595 [44ὃ,
531 2541 614 2595 ι4.]
649 2542 960 2594 κονδριζόμενα.
1016 2545 1156 2583 Posset
1190 2543 1267 2582 hoc
1295 2545 1463 2585 verbum
1501 2562 1526 2588 a

117 2592 368 2646 σκονὸριζειν
393 2598 542 2648 repeti,
574 2604 612 2634 et
647 2597 722 2635 hoc
757 2612 779 2635 a
816 2597 1105 2645 σκονδυλίζειν.
1163 2598 1267 2637 Nam
1297 2613 1413 2653 saepe
1446 2603 1525 2641 ini-

118 2646 211 2686 tiale
247 2663 390 2688 vocum
431 2665 457 2690 σ
491 2652 713 2696 omittitur,
756 2659 800 2689 ut
836 2652 886 2690 ad
920 2667 958 2705 p.
977 2652 1071 2692 265.
1091 2653 1143 2690 D.
1167 2654 1207 2691 5.
1231 2653 1525 2696 demonstrabo.

118 2700 242 2754 Saepe
280 2718 437 2757 quoque
470 2708 494 2744 λ
537 2707 577 2743 in
615 2720 638 2758 ρ
683 2707 822 2744 transit
873 2715 912 2745 et
950 2707 1098 2746 vocalis
1139 2710 1340 2747 exteritur.
1406 2710 1524 2750 Notat
