1884 3132
293 150 403 206 516
580 168 799 212 1o.1Ac
837 171 1032 212 RsslsKu
1063 171 1461 214 COMMENTARn·

287 274 476 313 dicebant
503 274 634 314 medio
670 289 771 314 aevo
814 274 1109 328 pmfimdere,
1140 284 1179 317 et
1205 276 1416 329 fundator
1455 291 1532 331 pro
1576 279 1734 331 fusore,-

284 325 390 383 χύτῃ
409 359 419 376 ,
448 330 646 383 liquatoie
672 329 941 370 metallorum.

400 386 452 423 D.
478 400 539 424 11.
580 385 694 440 [465,
722 384 802 438 12.]
844 381 1142 437 χαμόκουμβα.
1210 387 1314 425 Sunt
1348 386 1442 426 lecti
1475 393 1546 426 aut
1579 388 1622 426 in
1651 389 1737 441 ipsa

285 439 412 479 humo
450 440 617 493 depositi
664 455 831 493 eamque
861 441 1089 480 immediate
1123 443 1422 496 contingentes,
1464 449 1534 480 aut
1564 457 1639 495 ope
1657 443 1738 483 ful-

290 510 451 534 crolum
483 496 685 535 tantillum
715 497 968 535 solummodo
1007 511 1029 534 a
1064 497 1148 535 solo
1173 497 1329 536 elevati.
1369 498 1422 535 V.
1443 497 1509 535 Du
1533 497 1668 551 Gange
1689 512 1735 538 v.

286 551 564 590 Clzamcmziae.
624 552 731 605 Exgo
758 567 829 605 pio
867 552 998 590 veihis
1025 552 1191 591 Latinae
1214 555 1317 591 lutei
1318 553 1549 605 pretationls
1575 555 1618 591 in
1675 554 1737 592 ui-

285 606 352 644 bus
405 608 513 644 humi
539 607 748 647 decubetur
782 606 919 645 malim
944 607 1133 646 substitui
1170 609 1240 662 qui
1282 609 1542 647 adhibeantur
1573 606 1643 662 (ve
1682 609 1739 647 in-

282 662 533 715 sternantur)
556 663 665 701 lectis
695 664 912 701 liumllzbus

370 717 463 780 ²59:
484 717 536 755 A.
569 733 602 756 1.
631 717 747 769 [463,
773 717 857 771 15]
892 712 1130 766 διβὶάττια.
1189 717 1251 755 D‹
1254 717 1326 756 len
1355 717 1478 757 velim
1514 719 1554 756 in
1583 718 1738 758 Latinis

283 785 349 809 seu
375 774 517 810 serzssca
587 773 783 822 Quamvis
830 774 936 811 enim
974 767 1130 824 βλάττη
1171 787 1287 825 saepe
1327 774 1497 812 sericum
1543 780 1656 812 notet
1698 781 1740 813 et

284 827 465 865 coactilia
504 842 664 880 quoque
695 828 892 881 quaedam
929 828 1054 866 serico
1075 828 1223 874 viliori,
1261 830 1356 866 item
1382 828 1580 880 bombyce
1609 828 1735 880 fiant,

283 888 423 934 putem
452 883 715 922 nihilominus
743 883 810 921 hic
840 883 918 922 loci
948 896 1173 921 selmonem
1203 890 1362 921 tantum
1391 883 1441 922 de
1471 883 1605 922 colme
1633 883 1740 922 blat-

281 943 347 975 teo
395 952 463 976 seu
510 952 712 991 pulpureo
741 952 859 986 esse,
890 938 940 977 de
968 952 1050 990 quo
1077 938 1179 977 forte
1208 937 1305 976 alias
1335 938 1575 988 videbimus,
1605 937 1735 992 qualis

284 992 437 1042 sueiit,
469 993 501 1031 si
532 1007 713 1047 unquam
741 969 892 1046 aliquid
922 994 1022 1031 celti
1050 994 1091 1031 in
1122 994 1190 1032 illa
1219 1000 1428 1032 auctorum
1457 1001 1640 1032 veterum
1673 995 1737 1032 in-

283 1049 507 1087 constantia
550 1048 625 1087 hoc
672 1049 723 1087 de
769 1049 902 1088 colore
944 1049 1133 1087 constitui
1175 1055 1318 1101 potest.
1377 1049 1499 1098 Quod
1531 1055 1667 1087 autem
1695 1051 1738 1087 in

283 1102 437 1141 Latinis
483 1103 620 1142 addidi
659 1105 860 1143 involucro
887 1105 1007 1143 serico
1036 1104 1092 1142 bis
1129 1105 1249 1142 tincto
1275 1103 1414 1142 induta
1431 1133 1443 1156 ,
1472 1104 1513 1142 id
1560 1103 1684 1143 habui
1716 1118 1739 1143 e

280 1170 324 1209 p.
349 1171 442 1212 νο.
464 1157 540 1197 ult.

381 1195 771 1267 A.1.[465‚15.]
811 1209 957 1252 ntem).
1022 1210 1193 1262 Vereor,
1223 1219 1269 1251 ut
1296 1219 1335 1251 et
1362 1212 1427 1252 hic
1458 1221 1563 1253 recte
1593 1214 1737 1253 fuerim

282 1267 581 1321 interpietatus.
641 1269 796 1307 Verum
826 1276 865 1307 et
895 1269 1017 1322 ipsius
1046 1269 1272 1330 argumenti
1300 1267 1539 1316 difficultas,
1573 1276 1612 1308 et
1640 1269 1736 1308 bar-

281 1321 404 1360 baius
433 1338 632 1363 novoium
662 1324 911 1362 Glaecolum
938 1336 1069 1361 se1mo
1093 1324 1231 1361 omnia
1257 1322 1369 1363 velut
1390 1323 1538 1363 suffusa
1566 1323 1735 1387 caligine

281 1377 450 1416 turbans
508 1378 622 1417 facile
672 1378 771 1416 mihi
800 1379 959 1418 veniam
997 1377 1243 1431 impetiabit.
1303 1378 1465 1417 Conieci
1494 1392 1620 1418 πτενα
1650 1393 1733 1418 esse

280 1433 461 1471 culcztrus
488 1434 636 1488 ρίιιιηι.ς
665 1435 843 1485 refertas·
906 1434 1010 1472 Nam
1055 1433 1235 1472 culcitras
1285 1434 1458 1473 scribere
1487 1433 1624 1483 volui,
1653 1448 1738 1474 non

280 1489 490 1540 stragulas.
562 1489 669 1527 Usos
716 1496 825 1527 certe
870 1488 991 1527 fuisse
1041 1495 1196 1527 veteres
1222 1488 1431 1541 plumaciis
1461 1503 1531 1529 seu
1560 1463 1738 1528 culcitris

280 1557 469 1581 anserum
494 1543 642 1596 plumis
671 1543 840 1591 refeltis‚
872 1543 1216 1596 abundeplobant
1228 1543 1363 1582 Vales.
1393 1543 1444 1583 ad
1463 1543 1600 1583 Amm.
1626 1545 1738 1583 Mar-

279 1597 370 1636 cell.
403 1613 446 1650 p.
492 1599 582 1638 125.
623 1606 663 1637 et
708 1599 774 1636 Du
805 1599 939 1652 Gange
966 1614 1006 1638 v.
1051 1597 1298 1637 Plumacium
1327 1607 1366 1638 et
1393 1594 1736 1651 Χηνοπλούματα

282 1653 372 1705 (sub
400 1668 440 1692 v.
471 1654 690 1707 Πλοῦμος)
715 1684 725 1702 ,
757 1629 914 1707 quibust³
929 1654 1022 1693 addi
1060 1661 1182 1707 queat
1209 1653 1310 1692 illud
1338 1654 1499 1707 Corippi
1526 1653 1576 1693 L.
1599 1654 1680 1693 11..

1073 1720 1277 1775 sedemque
1302 1729 1515 1774 paternam

480 1775 746 1814 Constructam
765 1775 929 1829 plumis,
943 1775 1193 1830 pulchrisque
1217 1776 1406 1829 tapetibus
1425 1775 1570 1825 altam3

279 1845 390 1891 patet
416 1841 511 1879 item
557 1855 601 1878 ex
628 1839 697 1879 illo
716 1841 836 1879 Vitae
854 1841 894 1885 S,
909 1839 1156 1879 Winwaloei
1186 1839 1358 1878 Abbatis
1374 1840 1462 1878 loco
1491 1854 1534 1878 n.
1552 1838 1611 1882 15.
1630 1854 1641 1879 :
1655 1854 1735 1895 pro

279 1894 397 1932 laneo
424 1905 493 1933 aut
523 1897 625 1934 lineo
657 1896 881 1934 indumento
924 1897 1100 1949 caprinis
1124 1910 1211 1933 usus
1237 1905 1294 1933 est
1307 1896 1501 1950 pellibus,
1534 1909 1612 1949 pro
1638 1895 1736 1949 plu-

278 1950 353 1986 mis
377 1959 446 1988 aut
460 1951 700 1989 lectisterniis
719 1952 891 1989 arboreis
914 1951 1090 1989 utebatur
1111 1951 1327 1989 corticibus.
1416 1950 1572 2001 Quodsi
1598 1957 1735 1988 tamen

218 2025 222 2028 ⁴
278 2006 472 2055 recogito,
497 2020 621 2044 novos
639 2007 812 2044 Graecos
826 2019 901 2072 pro
926 2001 1055 2055 ψιλὰ,
1089 2001 1232 2055 λεπτὰ,
1261 2014 1407 2055 tenum,
1436 2006 1568 2044 dicere
1597 2001 1738 2057 φθενὰ

278 2060 333 2109 (v.
354 2059 422 2097 Du
437 2060 571 2113 Gange
597 2060 637 2099 h.
660 2075 702 2099 v.
751 2075 774 2099 a
791 2056 984 2124 (pffl'mastv
1014 2074 1257 2107 mucescere,
1289 2061 1481 2113 tenuari),
1507 2059 1616 2099 subit
1643 2059 1732 2098 ani·-

276 2127 391 2151 mum
430 2116 629 2179 suspicio,
676 2112 803 2154 nvem}
851 2114 915 2153 hic
944 2129 1025 2153 non
1054 2114 1231 2167 plumeas
1270 2115 1491 2165 culcitias,
1521 2114 1592 2154 sed
1620 2113 1730 2152 idem

279 2175 402 2220 atque
430 2167 572 2221 φθενοὶ
621 2177 760 2208 notaie
800 2178 840 2208 et
887 2171 1033 2222 opponi
1062 2170 1314 2222 praecedenti
1343 2171 1431 2209 voci
1459 2167 1612 2220 παχέα.
1668 2168 1732 2206 Ita

277 2230 324 2260 ut
351 2237 489 2262 sensus
506 2225 582 2263 loci
602 2227 729 2263 nostii
759 2225 825 2263 hic
853 2226 928 2263 sit:
953 2226 1134 2263 coacti'lza
1156 2225 1212 2262 bis
1237 2227 1356 2263 tincta
1385 2239 1517 2263 crassa
1542 2231 1580 2262 et
1602 2231 1733 2261 tenuia

271 2291 350 2330 pro
368 2279 474 2316 lectis
491 2281 710 2318 humilibus.
729 2279 879 2318 Amant
894 2287 1028 2318 autem
1050 2280 1144 2318 novi
1165 2281 1306 2318 G1aeci
1327 2296 1355 2318 π
1378 2287 1417 2319 et
1435 2293 1465 2333 φ
1485 2284 1726 2344 permutare,

277 2339 325 2369 ut
355 2345 520 2397 φτυαοι
551 2342 590 2372 et
623 2332 851 2386 πτυάοιον,
884 2339 1074 2387 φταῖσμα
1105 2348 1178 2387 pro
1207 2338 1419 2385 πταῖσμα,
1451 2330 1637 2396 φταίγειν
1652 2345 1728 2384 pro

277 2383 463 2434 πταίειν,
496 2385 645 2440 φτύειν
674 2403 747 2441 plo
776 2402 946 2436 πτυειν,
980 2388 1190 2442 φλεμμόνι
1219 2403 1292 2442 pro
1320 2385 1593 2439 πλευμόνων,
1631 2399 1733 2425 στα-

277 2436 347 2485 nic
373 2455 447 2492 pio
468 2442 639 2495 σταφίς.
686 2462 692 2468 ·

390 2495 443 2533 A.
469 2495 508 2546 4.
544 2496 656 2551 [465,
699 2496 784 2551 17]
830 2496 1076 2548 λινοβένετα.
1147 2498 1248 2537 Sunt
1290 2499 1397 2536 linea
1419 2495 1550 2533 veneti
1568 2494 1727 2535 coloris.

278 2547 344 2585 Ad
376 2548 484 2588 hunc
514 2553 636 2604 igitui
663 2553 828 2590 modum
864 2553 985 2591 velim
1015 2553 1156 2591 Latina
1185 2550 1408 2591 reforma1i.

394 2603 543 2644 A.12.
586 2606 705 2659 [466,
739 2605 801 2660 4]
832 2603 1006 2659 λουτρὸν
1057 2603 1291 2658 Τουρκικὸν.
1364 2603 1514 2642 Videor
1545 2604 1646 2643 mihi
1676 2619 1723 2644 ex

276 2654 354 2695 hoc
383 2658 519 2697 Nostri
546 2660 633 2699 loco
663 2669 701 2699 et
730 2661 808 2700 alio
837 2661 1097 2700 Abumasalis
1127 2660 1326 2714 colligere,
1354 2657 1542 2697 balneum
1571 2659 1626 2698 sic
1659 2659 1725 2697 di-

276 2717 386 2750 ctum
412 2713 629 2754 Turcicum
658 2723 729 2754 aut
749 2744 761 2767 ,
804 2716 913 2769 quod
953 2716 1156 2772 Scythae,
1187 2716 1229 2754 id
1253 2722 1312 2754 est
1351 2714 1488 2752 Tatari
1535 2728 1608 2753 suo
1636 2728 1720 2753 ser-
