1884 3132
288 113 400 188 698
575 132 650 174 10.
693 130 797 175 1AC.
836 134 1032 175 maisKu
1073 132 1482 178 commNTAmr
1534 134 1544 138 ⁷

375 231 470 283 542.
491 231 537 272 Β.
561 232 604 273 8.
637 232 756 289 [599.‚
775 235 832 289 9.]
875 233 1053 285 δέσμιοι.
1123 236 1282 290 Captivi
1309 237 1498 276 Saraceni
1524 238 1739 278 servaban-

290 296 358 327 tur
387 289 484 328 olim
512 290 554 328 in
597 293 826 342 praetorio,
870 297 916 329 ut
944 290 1063 331 hodie
1091 293 1133 331 in
1161 300 1313 346 septem
1340 295 1395 332 sic
1420 292 1536 332 dictis
1561 293 1743 334 turribus

288 342 413 394 CPli,
442 351 513 383 aut
541 351 587 382 ut
616 346 657 383 in
686 345 847 383 urbium
877 346 1039 385 Africae
1081 346 1234 387 balneis
1265 348 1384 386 hodie
1414 348 1627 388 Christiani
1655 363 1740 388 ser-

294 407 445 438 vantur
471 407 511 439 et
532 400 572 438 in
601 399 755 439 balneis
785 401 949 439 Genuae
976 409 1096 455 atque
1113 403 1278 442 Livorni
1307 404 1464 442 Turcae
1491 405 1611 457 eapti.
1631 403 1742 443 Mul-

290 460 333 493 to
365 453 582 494 humanius
612 455 671 494 illi
718 456 864 508 captivi
902 456 1089 496 Saraceni
1130 472 1152 497 a
1180 460 1343 498 Graecis
1379 460 1510 511 lmpp.
1537 459 1743 498 habeban-

295 517 364 548 tur
389 539 401 560 ‚
431 525 553 564 quam
583 511 729 564 captivi
763 511 979 551 Christiani
1008 512 1128 552 hodie
1158 513 1358 552 habentur
1385 529 1409 553 a
1435 515 1593 554 Turcis.
1650 514 1745 553 Non

294 572 452 604 tantum
482 567 589 605 enim
617 566 782 620 singulis
810 567 951 606 diebus
979 568 1189 609 dominicis
1215 568 1491 608 liberabantur
1507 568 1676 608 vinculis
1706 577 1747 608 et

294 623 430 675 operis
447 651 459 673 ,
492 636 535 661 v.
566 623 633 661 Du
663 623 796 676 Cange
825 637 865 662 v.
897 623 1138 663 Humanitas
1160 654 1171 675 ‚
1201 625 1269 664 sed
1299 627 1419 664 etiam
1446 632 1530 665 tota
1554 624 1746 678 septima-

295 691 347 715 na
379 676 557 730 paschali
587 677 703 717 liberi
731 688 844 717 erant
868 709 878 726 ,
910 693 951 718 v.
981 679 1169 718 Durand.
1198 695 1240 733 p.
1263 679 1353 732 545.
1374 696 1412 720 c.
1441 694 1531 735 ¹¹7·
1549 710 1561 732 ,
1588 687 1628 719 et
1653 693 1743 733 spe-

295 731 459 772 ctabant
486 732 604 772 ludos
634 734 837 772 Circenses
865 749 943 773 non
974 736 1107 773 minus
1135 750 1254 788 quaxn
1286 736 1361 789 ipsi
1391 737 1497 775 cives
1517 765 1529 786 ‚
1567 750 1608 775 v.
1639 735 1745 774 infra

294 803 337 841 p.
360 788 467 842 559„
497 796 538 828 et
565 788 767 828 interdum
797 788 1093 829 adhibebantur
1120 791 1239 830 sacris
1268 791 1396 844 epulis
1423 798 1463 830 et
1490 790 1746 830 resectionem

296 845 338 882 in
367 845 542 883 nummis
582 852 621 883 et
659 844 836 883 vestibus
875 846 1122 899 accipiebant
1143 876 1153 894 ‚
1201 853 1245 884 ut
1283 862 1306 885 e
1337 847 1458 886 variis
1498 846 1599 885 locis
1617 847 1744 885 nostri

293 899 439 938 codicis
468 906 648 950 constat3
679 914 719 939 v.
748 900 799 939 ad
826 915 867 953 p.
887 901 979 941 555.
1006 900 1051 939 C.
1083 900 1122 940 8.
1151 901 1335 940 dicenda.

408 955 456 994 C.
475 954 516 994 8.
546 954 664 1009 [593‚
691 954 745 1009 1.]
775 955 993 1008 Δελεμίκη.
1063 955 1109 994 Id
1139 964 1197 995 est
1234 955 1496 1006 Λελεμικώυ.
1553 957 1618 995 Sic
1648 959 1747 997 novi

296 1009 438 1048 Graeci
465 1010 516 1048 ad
542 1011 778 1050 Latinorum
796 1010 1021 1063 exemplum
1049 1012 1267 1063 genitivum
1297 1011 1485 1050 formant.
1509 1011 1594 1050 Ubi
1611 1012 1744 1052 Latini

294 1064 353 1102 II
376 1064 521 1118 duplex
541 1095 553 1114 ‚
583 1066 652 1104 sed
681 1065 858 1104 solutum
888 1066 973 1105 lota
1002 1065 1155 1104 habent
1173 1096 1186 1117 ,
1216 1067 1325 1119 quod
1359 1068 1400 1105 in
1429 1081 1556 1105 unum
1585 1075 1743 1106 contra-

297 1126 408 1158 ctum
438 1122 590 1159 maiore
617 1120 749 1159 littera
777 1120 905 1160 solent
953 1122 1193 1174 exprimere,
1224 1122 1280 1160 ibi
1310 1121 1453 1160 Graeci
1482 1130 1637 1175 ponunt
1665 1122 1742 1161 du-

297 1173 386 1227 plex
415 1175 495 1214 iota
512 1205 523 1227 ‚
555 1176 624 1214 sed
652 1178 693 1214 in
723 1176 856 1215 medio
883 1183 1110 1215 transversa
1137 1177 1251 1215 trabe
1277 1177 1507 1228 copulatum
1534 1177 1594 1216 H.
1618 1178 1745 1218 Δελε-

296 1229 400 1283 μίκη
439 1238 499 1270 est
526 1245 619 1284 ergo
658 1231 763 1270 idem
802 1239 922 1284 atquc
952 1231 1164 1271 DelemicI
1195 1246 1264 1270 seu
1304 1231 1527 1271 Delemicii.
1589 1233 1654 1272 Sic
1681 1236 1751 1272 in-

296 1284 359 1324 fra
383 1300 425 1340 p.
450 1287 544 1340 379.
570 1288 616 1325 C.
633 1286 674 1326 6.
703 1294 762 1325 est
789 1285 1047 1339 Συμράτίκη,
1076 1286 1327 1338 SymbaticL
1347 1293 1387 1325 et
1401 1302 1439 1340 p.
1460 1288 1553 1342 579.
1572 1288 1626 1327 D.
1649 1302 1748 1341 pen-

298 1340 375 1380 ult.
420 1338 443 1379 0‘
474 1340 550 1380 τοῦ
572 1339 820 1394 Παγκράτη,
852 1342 1077 1381 Theodorus
1103 1342 1153 1381 de
1180 1351 1291 1396 gente
1303 1341 1520 1382 Pane-rats.
1578 1344 1627 1382 P.
1648 1343 1744 1384 585.

299 1397 349 1436 B.
371 1396 447 1435 ult.
479 1403 567 1436 est:
599 1394 624 1448 ἦ
657 1394 845 1449 παραλία
876 1397 951 1436 τοῦ
976 1395 1197 1451 Θρᾳκὴση,
1223 1411 1296 1436 ora
1308 1399 1508 1436 maritima
1526 1399 1740 1450 TliracesI‚

299 1466 376 1506 pro
397 1450 650 1507 Θρᾳκησίου,
674 1466 816 1506 nempe
827 1451 1023 1502 θέματος.
1051 1453 1100 1492 V.
1117 1452 1181 1492 ad.
1209 1468 1248 1506 p.
1268 1453 1364 1507 371.
1394 1453 1441 1491 C.
1459 1452 1534 1492 ult.
1567 1453 1747 1494 dicenda.

303 1507 510 1546 Cedrenus
538 1522 577 1561 p.
598 1521 692 1562 702.
726 1507 773 1546 B.
796 1522 832 1562 7.
872 1507 1151 1561 Χρυσοβὲργη
1180 1507 1316 1559 habet,
1349 1507 1649 1562 ChrysovergI,
1671 1523 1750 1563 pro

303 1562 640 1616 Χρυσοβεργιόυ,
672 1563 756 1602 Leo
769 1563 1065 1602 Grammaticus
1090 1577 1132 1616 p.
1151 1561 1242 1614 458.
1260 1563 1305 1602 C.
1337 1561 1513 1615 Ἀρμένη
1560 1578 1633 1616 pro
1649 1562 1749 1616 ’AQ-

300 1617 464 1670 μενιόυ.
519 1618 639 1657 Anna
667 1618 864 1658 Comnen.
895 1620 938 1657 in
966 1617 1151 1657 Alexiad.
1189 1632 1229 1671 p.
1251 1619 1345 1658 230.
1367 1618 1409 1656 Β.
1440 1617 1591 1657 habet:
1621 1615 1748 1665 τόποις

301 1669 398 1712 τινὰ
423 1672 678 1724 καλούμενον
702 1672 779 1712 τοῦ
806 1669 1002 1725 Λεβούνη
1023 1704 1033 1721 ,
1063 1687 1182 1727 quem
1210 1688 1252 1726 p.
1275 1674 1368 1712 232.
1385 1672 1437 1711 A.
1458 1672 1499 1712 8.
1542 1673 1618 1712 τοῦ
1658 1675 1749 1714 Λε-

302 1726 476 1780 βουνιόυ
507 1735 637 1767 vocat.
696 1728 851 1767 Nicetas
897 1743 938 1782 p.
965 1728 1055 1767 125.
1085 1730 1138 1767 D.
1169 1729 1232 1767 ed.
1266 1729 1371 1767 Ven.
1429 1724 1474 1766 τὸ
1523 1728 1598 1767 τοῦ
1627 1730 1751 1768 Παν-

303 1784 435 1836 τεχνῆ
466 1781 686 1836 Θεοδώρου
731 1783 972 1835 περικαλλὲς
1018 1781 1167 1836 οἴκημα
1209 1778 1394 1835 ἐπάρχου
1433 1775 1549 1829 ὄντος
1575 1785 1647 1836 τῆς
1675 1780 1751 1822 πό-

303 1840 409 1886 λεως
437 1847 655 1888 memorat,
689 1839 729 1877 id
755 1846 814 1878 est
842 1839 1134 1890 Παντεχνίου,
1179 1838 1288 1892 quod
1317 1838 1372 1876 ibi
1401 1838 1752 1890 nomentfamiliae

307 1900 381 1938 est.
449 1894 554 1934 Hinc
594 1893 839 1947 intelligatur
877 1901 916 1933 et
962 1894 1195 1933 emendetur
1233 1908 1431 1941 marmor,
1475 1894 1584 1947 quod
1624 1894 1752 1934 Arin-

306 1949 426 2003 ghius
453 1950 504 1990 T.
524 1951 558 1989 1.
599 1950 648 1989 L.
680 1950 753 1988 111.
777 1965 813 1988 c.
837 1963 903 1988 22.
926 1979 936 1996 ‚
983 1957 1022 1988 et
1051 1950 1255 1988 Corsinius
1295 1949 1481 2002 Append.
1527 1949 1581 1988 ad
1622 1950 1752 1989 Notas

307 2006 557 2045 Graecorum
585 2020 628 2059 p.
658 2006 724 2060 59.
766 2004 945 2044 habent:
992 2002 1115 2056 Βάρη
1143 2003 1300 2056 βαλέρη
1331 2011 1389 2043 est
1419 2004 1466 2043 V
1460 2004 1533 2042 ar]
1574 2004 1621 2044 V
1615 2005 1732 2044 alerI
1735 2019 1751 2054 ς

305 2074 390 2100 non
418 2068 526 2100 recte
554 2062 685 2114 prima
711 2074 786 2100 vox
813 2061 933 2114 gravi
958 2060 1153 2099 redditur.
1218 2060 1373 2098 Ibidem
1420 2059 1497 2113 leg.
1530 2055 1751 2110 Ἀντωνιέ,

307 2116 352 2155 id
379 2123 436 2155 est
460 2114 694 2166 Ἀντωνίαι,
727 2123 767 2155 et
794 2115 945 2155 τέκνων
972 2115 1124 2166 μητῆρι
1146 2117 1233 2168 (pro
1255 2113 1411 2167 μητρί),
1439 2129 1460 2153 e
1501 2129 1580 2170 qica
1610 2115 1752 2153 liberos

307 2172 486 2226 suscepit.
548 2171 675 2210 Φιλία
712 2185 794 2210 non
825 2177 883 2209 est
909 2183 985 2208 vox
1015 2170 1166 2208 Graeca
1209 2170 1427 2208 amicitiam
1473 2177 1640 2217 notans,
1681 2168 1751 2208 sed

310 2226 453 2265 Latina
487 2241 561 2265 vox
586 2226 705 2281 filia,
737 2226 900 2265 Graecis
932 2225 1071 2263 litteris
1101 2227 1261 2277 scripta.
1319 2225 1532 2264 Praeterea
1561 2224 1638 2278 leg.
1658 2220 1752 2275 βίον

311 2280 465 2333 α’λυπῆ.
525 2282 603 2320 Sed
630 2282 711 2321 hoc
735 2282 778 2319 in
805 2281 991 2319 transitu.
1060 2280 1147 2318 Non
1176 2280 1317 2318 dubito
1346 2279 1448 2318 bene
1490 2282 1683 2318 Graecam
1712 2285 1752 2317 et

311 2338 479 2375 vetustis
509 2351 670 2390 quoque
700 2337 864 2374 Graecis
890 2337 1076 2374 usitatam
1098 2336 1260 2388 genitivi
1293 2336 1612 2373 terminationem
1640 2332 1753 2371 illam

313 2391 462 2442 fuisse,
505 2393 747 2445 Latinosque
795 2390 905 2429 illam
951 2405 974 2429 a
1003 2391 1165 2429 Graecis
1206 2391 1415 2444 accepisse.
1481 2389 1569 2427 Non
1610 2387 1752 2426 dubito

312 2447 486 2484 Graecos
513 2449 568 2485 sic
596 2447 694 2486 olim
724 2447 938 2485 formasse:
966 2444 1149 2497 Ἐρέτρης
1181 2460 1215 2484 e.
1233 2460 1269 2484 c.
1300 2459 1374 2498 pro
1397 2441 1612 2495 Ἐρέτριος,
1636 2437 1752 2494 Ἐρέ-

309 2514 383 2551 τρη
406 2515 479 2553 pro
505 2497 728 2554 Ἐρετρίου,
754 2499 946 2553 Ἐρέτρην
958 2514 1032 2554 pro
1057 2499 1273 2552 Ἐρέτριαν.
1330 2500 1434 2538 Sane
1461 2496 1616 2547 ταῦρον
1638 2494 1751 2549 Ἐρέ-

309 2568 410 2605 τρην
437 2563 562 2594 exstat
584 2557 691 2609 apud
720 2557 893 2609 Diogen.
916 2558 1050 2594 Laert.
1079 2570 1116 2607 p.
1141 2556 1246 2606 153„
1278 2554 1346 2592 ubi
1366 2560 1535 2591 metrum
1551 2550 1753 2602 Ἐρέτριον

313 2622 394 2646 non
424 2611 614 2650 admittit.
677 2612 1020 2650 Termiuationem
1056 2623 1105 2661 ης
1150 2611 1190 2648 in
1216 2608 1461 2648 nominativo
1501 2605 1612 2645 aliud
1654 2607 1755 2646 nihi}

313 2676 433 2714 quam
463 2678 522 2710 ιος
565 2673 818 2705 contractum
865 2680 949 2704 esse
971 2695 982 2715 ‚
1013 2664 1108 2703 alibi
1138 2665 1383 2703 demonstro.
1443 2661 1536 2699 Pari
1565 2660 1685 2700 modo
1707 2675 1757 2714 ην

311 2724 514 2757 contracte
560 2734 632 2772 pro
663 2733 727 2761 ιον
774 2721 963 2764 dicebant
1011 2719 1244 2771 interdum,
1290 2723 1466 2770 exigente
1492 2718 1723 2756 necessitate
1742 2750 1757 2773 ‚
