1884 3132
281 158 389 234 788
548 157 625 218 ιο.
661 176 765 219 1Ac.
814 178 1007 219 RfflsKu
1047 147 1435 220 COMMENTAmi

276 279 418 328 fuisse,
452 278 519 331 qui
547 279 720 317 tentoria
747 279 942 332 erigerent
970 286 1009 318 et
1042 278 1294 318 destruerent
1311 308 1323 329 ,
1363 290 1507 332 aquam
1534 284 1716 332 gererent

276 341 316 372 et
349 333 426 372 alia
455 334 674 372 ministeria
702 333 894 373 facerent.
953 335 1106 373 Verum
1135 341 1216 373 tam
1245 335 1415 387 paucine
1440 339 1501 373 tot
1541 333 1716 372 homini-

275 387 381 436 hus,
415 387 510 439 584.
541 403 709 427 numero
729 419 739 438 ,
771 388 1052 428 sufficiebant?
1108 390 1186 428 Vix
1214 397 1366 442 putem.

387 442 442 482 A.
465 443 539 482 ult.
574 443 688 497 [665,
710 442 773 497 2.]
820 440 959 496 ξυλὴν.
1034 445 1080 484 Id
1121 451 1178 484 est
1216 443 1363 492 ’ξυλιάν
1386 474 1396 491 ,
1442 445 1713 496 lignaturam,

275 499 485 538 materiam
515 498 612 552 ligni
640 498 884 537 caedendam
927 513 1000 552 pro
1039 499 1255 539 indictione
1294 513 1362 538 seu
1409 513 1518 537 anno
1563 498 1715 537 futuro.

278 554 436 593 Nautae
467 555 537 592 otii
570 561 749 607 tempore
798 553 862 592 vel
903 555 1064 607 quando
1093 569 1174 593 non
1203 555 1242 593 in
1274 553 1521 606 expeditione
1557 554 1716 591 nautica

276 616 425 655 essent,
473 608 522 647 ad
551 623 674 660 opera
701 607 861 661 publica
899 609 1208 654 adhibebantur,
1239 616 1284 647 ut
1312 609 1362 647 ad
1387 607 1716 661 comportandam

278 664 466 702 aedificiis
494 663 666 716 publicis
691 663 889 703 struendis
918 666 1122 704 materiem
1140 665 1235 717 (vid.
1256 666 1337 703 Leo
1356 665 1535 702 Gramm.
1558 677 1597 716 p.
1617 661 1714 716 472.

275 719 328 757 A.
358 719 396 758 6.
425 733 464 771 p.
494 718 590 768 481.
622 719 670 757 B.
700 717 741 769 4.
779 718 948 758 Cedren.
984 734 1025 773 p.
1055 719 1147 760 585.
1190 719 1244 758 A.
1276 718 1370 772 599.
1410 719 1454 757 Β.
1494 718 1614 768 fine),
1661 719 1717 755 ita

276 773 341 812 hic
372 773 450 812 loci
480 773 531 812 ad
560 773 759 812 caedenda
790 773 896 826 ligna
929 776 969 812 in
998 775 1107 813 silvis
1138 789 1211 828 pro
1239 789 1312 814 usu
1351 781 1422 813 aut
1462 772 1599 826 palatii
1647 779 1718 811 aut

277 827 379 867 forte
407 834 529 867 totius
559 828 668 868 urbis
699 829 899 868 CPtanae.
1712 868 1717 872 ,

386 884 432 922 Β.
456 883 495 925 5.
529 883 641 937 [665,
676 883 730 935 5.]
773 877 1037 939 ἐνἈφρίκῃ.
1105 884 1238 924 Africa
1285 884 1350 923 hic
1391 891 1449 923 est
1495 897 1575 921 non
1625 895 1717 935 pars

277 946 476 977 terrarum
505 939 613 977 orbis
642 938 691 977 de
719 946 891 990 quatuor
921 954 998 978 una
1015 970 1024 986 ,
1070 940 1139 978 sed
1172 949 1240 978 aut
1269 940 1473 992 provincia
1501 938 1635 977 stricte
1663 937 1718 975 sic

277 994 382 1032 dicta
402 1024 412 1042 ,
445 1001 514 1032 aut
542 994 660 1032 liuius
686 994 915 1046 provinciae
943 995 1121 1047 capitalis
1150 996 1419 1047 cognominis,
1464 993 1574 1032 sedes
1603 993 1717 1044 regia

277 1046 610 1087 Fathemidarum
629 1077 639 1094 ‚
672 1056 887 1100 antequam
917 1049 958 1086 in
988 1050 1211 1102 Aegyptum
1240 1050 1584 1098 transmigrarent,
1621 1047 1719 1086 alias

277 1103 327 1142 de
361 1103 567 1142 conditore
596 1110 635 1141 et
662 1105 788 1155 gentis
818 1104 931 1142 istius
959 1112 998 1143 et
1027 1104 1166 1154 urbis,
1195 1104 1377 1153 Mahadi,
1405 1103 1593 1141 Mahadia
1611 1101 1719 1141 dicta

279 1159 333 1208 (v.
367 1157 630 1197 D'Herbelot.
662 1157 766 1196 Bibl.
799 1159 959 1197 orient.
987 1174 1029 1198 v.
1063 1160 1248 1198 Melzedia
1277 1174 1319 1211 p.
1350 1159 1458 1212 573.)
1523 1158 1719 1196 Domina-

275 1213 397 1252 batur
421 1220 555 1251 autem
581 1227 627 1251 eo
654 1220 860 1266 tempore,
889 1213 942 1256 A.
963 1214 1012 1253 C.
1042 1215 1158 1268 949.,
1198 1214 1358 1252 Africae
1387 1212 1620 1262 Almansur,
1648 1225 1721 1250 ne-

277 1282 350 1321 pos
380 1267 486 1306 illius
515 1267 774 1317 Almahadii,
825 1283 944 1321 quem
983 1271 1103 1308 modo
1141 1270 1466 1316 nominavimus,
1514 1268 1631 1320 primi
1671 1266 1723 1305 de

279 1330 399 1375 gente
427 1322 758 1362 Fathemidarum
787 1325 828 1362 in
858 1323 995 1362 Africa
1024 1333 1063 1363 et
1089 1325 1332 1375 Mauritania
1361 1323 1562 1377 dynastae.
1627 1322 1721 1360 Non

276 1378 379 1416 bene
408 1377 672 1416 conveniebat
710 1378 774 1417 his
802 1378 1066 1425 Fathemidis,
1122 1378 1283 1418 Africae
1325 1385 1364 1417 et
1405 1376 1562 1416 Siciliae
1602 1383 1722 1429 atque

277 1432 485 1478 Sardiniae
513 1432 703 1484 dominis,
733 1448 826 1471 cum
855 1434 1092 1481 Ommiadis,
1124 1437 1191 1486 qui
1222 1448 1449 1487 supremum
1478 1439 1574 1470 tunc
1602 1436 1722 1483 impe-

277 1489 382 1526 rium
412 1489 454 1526 in
483 1488 682 1540 Hispanos
713 1488 867 1527 Arabes
897 1503 1116 1542 eorumque
1157 1489 1304 1527 multos
1340 1489 1519 1526 diversos
1561 1486 1720 1540 regulos

276 1557 413 1581 omnes
459 1543 708 1581 exercebant.
783 1543 880 1583 Illae
918 1544 1137 1583 simultates
1190 1552 1371 1597 tempore
1420 1551 1508 1596 post
1543 1542 1617 1581 sub
1645 1540 1719 1580 Al-

277 1601 436 1636 mo'e'zzo
454 1627 465 1645 ,
496 1599 610 1636 istius
639 1597 872 1637 Almansuri
902 1599 984 1638 filio
1003 1629 1015 1648 ,
1062 1601 1103 1638 in
1133 1607 1314 1652 apertum
1343 1597 1493 1637 bellum
1534 1610 1718 1649 erumpe-

277 1653 389 1692 bant.
422 1652 593 1691 Videtur
610 1653 744 1705 itaque
760 1653 1086 1706 legationisillius
1115 1656 1154 1693 in
1175 1654 1353 1692 Africam
1365 1667 1505 1706 scopus
1521 1652 1656 1702 fuisse,
1674 1657 1721 1690 ut

278 1708 512 1754 Almansm,
541 1707 728 1746 dominus
749 1711 870 1748 maris
887 1710 1166 1748 mediterranei
1193 1711 1298 1747 inter
1319 1707 1494 1746 Siciliam
1525 1714 1564 1746 et
1593 1707 1721 1744 Grae-

277 1764 381 1801 ciam
410 1763 635 1810 interiecti,
673 1763 893 1803 Saracenos
922 1765 1230 1810 Cretense-Qut
1258 1778 1281 1802 a
1308 1764 1513 1802 Saracenis
1535 1762 1721 1814 Hispanis

277 1817 568 1870 dependentes,
632 1831 849 1871 eorumque
900 1819 998 1858 olim
1043 1818 1267 1868 ἀποίκους,
1319 1824 1478 1857 vexaret
1523 1823 1721 1871 quantum

276 1879 435 1926 posset3
465 1871 548 1911 vid.
575 1870 627 1910 ad
653 1887 692 1924 p.
710 1873 802 1913 550.
832 1874 877 1912 B.
908 1889 940 1914 1.
969 1875 1089 1914 dieta.

389 1928 433 1967 B.
451 1941 541 1980 pen.
571 1925 687 1980 [66:3,
728 1929 806 1980 11.]
843 1926 1035 1982 φύλαξιν.
1104 1927 1355 1981 Stephanus,
1409 1927 1512 1966 filius
1550 1926 1723 1966 Romani

277 1981 497 2034 Lecapeni,
526 1980 621 2020 olim
648 1982 897 2036 Imperator,
926 1985 1088 2023 tandem
1113 1997 1219 2023 anno
1246 1983 1343 2037 945.
1377 1983 1535 2021 ineunte
1562 1995 1584 2019 a
1614 1981 1723 2019 Con-

280 2040 451 2075 stantino
496 2036 664 2089 imperio
703 2045 842 2077 exutus
883 2045 922 2077 et
965 2040 1008 2077 in
1035 2040 1330 2078 Proconnesum
1371 2038 1500 2091 primo
1519 2067 1531 2088 ‚
1577 2035 1723 2074 deinde

278 2090 471 2130 Rhodum
498 2091 732 2142 translatus,
765 2093 926 2132 exilium
954 2101 993 2132 et
1020 2095 1219 2146 privatam
1248 2095 1373 2131 vitam
1402 2107 1470 2144 per
1503 2105 1566 2146 ¹9·
1596 2103 1722 2129 annos

279 2145 483 2185 toleravit.
513 2145 610 2184 Vid.
642 2146 815 2186 Cedren.
843 2163 883 2202 p.
910 2147 1007 2200 634.
1040 2154 1080 2187 et
1107 2147 1348 2201 Luitprand.
1377 2148 1531 2187 Histor.
1561 2146 1611 2185 L.
1639 2144 1716 2184 VI-

280 2215 326 2239 ca
357 2228 370 2241 .
404 2214 465 2239 10.
506 2214 565 2240 ιι.

328 2215 354 2254 p
390 2255 435 2295 C.
455 2254 497 2306 4.
531 2253 643 2309 [665‚
673 2254 751 2308 15.]
794 2254 868 2308 τῆς
905 2255 1170 2307 Ἀντιοχείας.
1235 2256 1494 2296 Antiochiam
1532 2253 1723 2293 tenebant

280 2311 424 2349 Graeci
456 2308 507 2348 ab
538 2309 590 2348 A.
623 2309 667 2352 C.
694 2310 787 2363 903.
820 2313 931 2360 (teste
962 2312 1064 2364 Hagi
1086 2311 1275 2366 Chalisat)
1306 2312 1356 2351 ad
1390 2312 1442 2351 A.
1470 2324 1604 2365 ¹⁰7⁰·⁷
1639 2320 1721 2360 quo

279 2364 426 2404 Turcis
456 2364 572 2404 cessit
599 2371 689 2417 post
728 2364 862 2404 infelix
889 2366 1058 2405 Romani
1087 2368 1277 2421 Diogenis
1314 2381 1406 2406 cum
1437 2365 1517 2418 Alp
1548 2362 1721 2403 Arslano

281 2419 493 2472 praelium.
552 2418 678 2472 Atqui
707 2425 841 2458 tamen
871 2422 1032 2460 invenio
1059 2423 1167 2475 apud
1192 2422 1459 2471 Abulfedam,
1488 2432 1592 2458 anno
1621 2416 1719 2455 Chr.

281 2474 377 2524 965.
404 2488 493 2513 eam
520 2474 726 2513 Saracenis
754 2474 1018 2516 Tarsensibus
1045 2478 1235 2530 paruisse.
1289 2477 1411 2516 Anno
1453 2482 1585 2514 tamen
1622 2470 1718 2524 969.

282 2528 484 2567 Romanos
515 2543 603 2568 eam
632 2543 884 2582 recuperasse
914 2531 1020 2570 idem
1048 2533 1119 2571 ait.

367 2582 462 2621 585.
492 2583 538 2621 B.
560 2583 600 2623 8.
633 2583 750 2637 [667.
778 2584 833 2638 ts}
881 2580 991 2637 ζήτει
1020 2585 1079 2632 εἰς
1106 2583 1206 2632 τούς
1234 2580 1448 2638 ἄρχοντας.
1516 2581 1581 2619 Sic
1621 2578 1719 2617 mihi

282 2635 495 2675 videbatur
512 2640 674 2692 integris
701 2638 841 2678 litteris
869 2641 1110 2679 exarandum
1138 2655 1247 2691 esse,
1277 2640 1383 2693 quod
1412 2639 1453 2676 in
1480 2634 1721 2674 membranis

1079 2706 1100 2728 ἴ

284 2747 356 2788 per
385 2737 664 2786 compendium
692 2740 883 2791 scriptum
909 2749 994 2779 erat
1022 2741 1080 2788 εἰς
1108 2707 1190 2794 ἆρχ
1221 2739 1336 2778 Conf.
1368 2753 1408 2790 p.
1445 2735 1539 2776 586.
1570 2734 1621 2774 A.
1653 2733 1694 2786 4.

393 2789 497 2829 lbid.
543 2790 736 2846 [667,1.]
779 2794 1163 2848 λεπτομερέστερον.
1231 2794 1281 2833 F.
1325 2799 1411 2846 post
1448 2791 1552 2831 hanc
1584 2803 1721 2831 vocem
