1884 3132
291 122 403 178 620
587 140 660 183 10.
700 141 806 184 1110.
855 142 1048 184 1111151111
1087 141 1460 186 commu

299 243 438 281 Liceat
474 241 550 282 hac
588 244 795 283 occasione
831 245 1028 284 Isidorum
1066 260 1225 300 quoque
1263 248 1491 300 corrigere,
1538 248 1582 287 in
1628 248 1740 288 cuius

300 297 454 336 Glossis
469 298 567 337 haec
582 298 805 351 leguntur:
842 301 1054 348 vasculum,
1076 301 1223 349 discus,
1245 303 1463 354 fasculum.
1492 301 1645 342 Dubito
1663 318 1737 355 pro

303 352 446 391 ultima
474 367 572 392 voce
582 354 814 408 flasculam,
847 354 1048 407 φλασκιόν
1067 386 1079 406 ‚
1109 357 1172 408 (de
1203 371 1282 410 qua
1316 370 1414 396 voce
1447 369 1569 410 supra
1611 357 1690 396 dixi
1709 359 1736 409 ‚)

299 408 480 460 lagenam
515 410 680 448 vitream
710 411 821 460 vini,
859 424 908 448 an
941 411 1132 450 hassinum
1151 441 1163 462 ,
1201 407 1398 465 λεκάνην,
1444 413 1622 464 patinam
1643 441 1656 463 ,
1683 427 1737 452 an

301 471 478 526 denique
506 476 712 523 tusculum,
736 475 844 529 quod
873 476 979 514 idem
1008 483 1082 527 est,
1111 491 1315 531 reponam.
1347 478 1488 526 umet
1510 475 1604 528 αὖ,
1621 477 1740 529 {Dent

302 535 344 566 et
390 531 484 569 Tasc
496 560 509 579 ,
553 532 734 584 patinam
751 559 762 580 ‚
798 531 945 569 discum
963 561 974 581 ‚
1009 533 1229 581 scutellam,
1278 533 1498 572 missorium
1532 533 1740 586 significat.

302 582 382 622 Sed
416 593 462 624 ut
490 586 650 624 redeam
670 615 681 635 ,
719 585 826 624 unde
855 585 1018 634 dessexi,
1055 585 1203 626 σπέκια
1233 594 1291 626 est
1319 601 1393 626 vox
1422 587 1564 627 Latina
1603 602 1625 627 a
1649 602 1737 642 spe-

296 640 439 680 «fendo
457 669 470 691 ,
500 640 687 679 videndo.
743 641 922 695 Specium
964 648 1002 680 et
1028 643 1219 696 speculum
1246 642 1351 680 idem
1371 649 1445 681 est.
1505 643 1620 694 Quae
1645 657 1739 697 ergo

303 700 483 735 texturae
510 695 685 748 specula,
717 695 757 734 id
785 703 842 734 est
869 696 1014 749 figuras
1034 696 1277 736 orbiculares
1297 703 1366 735 aut
1384 696 1531 748 ovales,
1551 705 1620 736 aut
1639 712 1739 751 qua-

304 749 455 798 dratas,
505 758 574 790 aut
617 750 895 790 rhomboideas
926 751 1118 790 referrent
1135 781 1146 801 ‚
1205 751 1374 805 (specula
1410 752 1516 791 enim
1557 760 1740 792 veterum

305 818 444 845 omnes
471 805 543 844 has
569 806 715 858 figuras
742 805 925 845 habuisse
952 807 1251 861 1¹eperiuntur‚)
1297 821 1343 845 ea
1366 814 1528 861 propter
1553 808 1739 846 similitu-

306 860 438 899 dinem
470 861 627 913 specula
657 860 984 914 appellabantur,
1029 863 1112 900 sive
1147 860 1239 900 illae
1281 862 1430 915 figurae
1468 869 1650 915 pertusae
1677 877 1740 902 es-

305 923 394 954 sent
423 930 548 968 eoque
589 919 832 969 perspicuae,
871 924 916 955 ut
952 924 1044 955 sunt
1080 918 1120 954 in
1151 918 1289 970 speciis
1316 918 1477 967 nostr15‚
1504 920 1586 956 sive
1613 919 1740 956 intex-

303 977 370 1009 tae
399 978 469 1010 aut
496 974 650 1010 insutae
676 979 804 1010 essent
848 985 981 1024 panno
1029 985 1153 1024 eoque
1181 985 1340 1024 opacae.
1397 972 1501 1010 Hinc
1528 979 1602 1022 est,
1631 974 1740 1026 quod

305 1028 435 1078 specia
465 1040 624 1079 quoque
652 1028 804 1078 possint
832 1040 915 1064 esse
943 1034 1073 1068 vestes
1102 1023 1433 1078 α’στραγαλωτοί,
1461 1028 1657 1066 tassilacae
1675 1028 1740 1067 vel

305 1082 530 1130 tes-relatae,
570 1082 707 1134 quales
758 1082 917 1119 taliaeas
957 1080 1209 1134 appellabant
1254 1088 1292 1120 et
1333 1082 1589 1134 stragulatas‚
1640 1097 1746 1134 quae

306 1149 384 1174 vox
415 1135 604 1188 ipsissi'ma
634 1137 786 1174 Graeca
817 1130 1138 1188 ἄστραγαλωτὸς
1172 1143 1259 1183 est,
1299 1143 1337 1175 et
1371 1137 1574 1175 lac-alatas.
1633 1137 1742 1176 Wil-

305 1190 465 1230 helmus
492 1191 677 1244 Episcop.
692 1191 833 1229 Colon.
854 1190 908 1231 A.
937 1190 1050 1230 1506.
1080 1191 1197 1243 (apud
1214 1192 1280 1229 Du
1302 1191 1498 1244 Cangium
1512 1205 1551 1230 v.
1569 1192 1741 1230 Fractil-

305 1245 448 1297 latus):
482 1260 677 1285 monemus
715 1247 911 1284 universos
945 1255 982 1283 ec
1015 1246 1184 1299 singulos
1219 1247 1374 1285 clericos
1385 1275 1398 1295 ,
1431 1261 1481 1285 ne
1508 1246 1559 1284 de
1591 1256 1740 1286 caetero

303 1310 426 1339 vestes
449 1303 620 1355 partitas
635 1330 647 1350 ‚
684 1302 859 1353 virgatas
875 1331 887 1349 ‚
911 1301 1068 1342 taliatas
1091 1330 1103 1352 ,
1135 1310 1326 1339 scaccalas
1347 1301 1528 1353 dfferant
1547 1330 1559 1348 ,
1607 1302 1648 1339 id
1686 1310 1744 1341 est

306 1370 360 1394 ne
388 1357 428 1394 in
457 1363 659 1409 posterum
687 1363 826 1408 gerant
852 1362 981 1394 vestes
1001 1385 1013 1406 ,
1045 1369 1215 1408 quarum
1233 1370 1312 1394 una
1331 1355 1493 1394 dimidia
1514 1369 1606 1408 pars
1623 1355 1743 1396 huius

305 1409 467 1462 coloris,
498 1411 621 1449 altera
647 1410 810 1450 alterius
837 1417 962 1458 esset,
991 1424 1119 1464 neque
1142 1418 1269 1450 vestes
1299 1407 1552 1464 ραβδωτούς,
1571 1411 1742 1460 striatas,

307 1479 440 1518 neque
464 1465 557 1505 talis
584 1465 649 1505 vel
678 1467 778 1504 areis
822 1466 1051 1519 quadratis,
1097 1479 1227 1518 neque
1268 1465 1441 1504 schaccis
1479 1479 1548 1504 seu
1587 1466 1746 1506 tessulis

307 1520 578 1560 rhomboideis
619 1520 841 1559 distinctas.
912 1521 1121 1559 Laculatas
1161 1528 1288 1559 vestes
1329 1519 1528 1573 appellant
1571 1521 1746 1560 Isidorus

308 1575 424 1614 XIX.
449 1590 516 1614 22.
538 1583 577 1614 et
605 1576 752 1628 Papias
784 1575 869 1614 illas
889 1604 900 1623 ,
929 1590 1028 1631 quae
1063 1576 1169 1613 lacus
1219 1575 1402 1614 uadratos
1431 1574 1493 1629 [id
1521 1583 1579 1615 est
1611 1576 1745 1630 areas]

309 1630 461 1669 habent
486 1646 571 1669 cnm
598 1632 755 1685 pictura
784 1630 840 1685 [id
869 1637 927 1669 est
955 1630 1154 1669 coloribus
1211 1628 1434 1682 istinctivis]
1479 1631 1648 1670 intextos
1681 1638 1754 1670 aut

303 1700 384 1724 acu
418 1686 602 1734 adclit033
629 1685 715 1725 vid.
748 1685 917 1724 Salmas.
950 1686 1001 1723 ad
1029 1686 1117 1724 Ser.
1148 1685 1253 1724 Hist.
1283 1684 1392 1739 Aug.
1423 1685 1549 1724 T.11.
1575 1700 1618 1738 Ρ.
1655 1686 1750 1725 556.

311 1748 352 1780 et
383 1739 478 1794 694.
537 1741 725 1780 Praefero
753 1747 886 1779 tamen
914 1740 1089 1793 priorem
1117 1740 1386 1779 coniecturam
1408 1770 1419 1787 ‚
1448 1754 1579 1793 neque
1605 1740 1751 1780 dubito,

307 1796 405 1849 ipsis
433 1810 595 1848 quoque
622 1794 823 1834 veteribus
851 1796 1040 1833 Romanis
1072 1796 1203 1847 specia
1229 1802 1366 1834 nostra
1400 1809 1481 1834 non
1521 1795 1655 1848 ignota
1680 1796 1746 1834 fu-

309 1852 400 1889 isse.
454 1850 625 1903 Specula
661 1859 842 1889 veterum
881 1858 949 1888 aut
990 1850 1183 1903 quadrata
1201 1879 1212 1897 ‚
1251 1857 1320 1888 aut
1348 1849 1607 1889 rhomboidea
1627 1879 1639 1900 ‚
1675 1851 1746 1890 sed

309 1906 547 1961 plerumque
574 1906 747 1945 rotunda
773 1911 899 1955 erant,
929 1911 974 1943 ut
1000 1919 1047 1944 ex
1068 1904 1135 1942 illo
1157 1904 1394 1943 Tertulliani
1415 1905 1502 1945 loco
1523 1905 1573 1944 de
1595 1905 1744 1944 Resur-

312 1962 489 1999 rectione
526 1963 656 1999 carnis
684 1975 720 1999 0.
760 1974 820 1999 12.
844 1967 1030 2013 apparet:
1061 1969 1310 1998 recornantm·
1336 1959 1393 2014 [id
1419 1967 1478 1998 est
1497 1973 1635 1999 rursus
1661 1967 1750 1999 tor--v

311 2023 462 2054 nantur
480 2045 491 2063 ‚
515 2031 652 2055 rursus
681 2015 853 2054 rotunda
882 2015 1020 2065 fiunt,]
1049 2015 1202 2068 specula
1234 2015 1374 2062 lunae,
1404 2029 1504 2070 quae
1539 2023 1750 2053 menstrmw

312 2085 492 2109 numerus
523 2070 686 2125 [nempe
713 2069 884 2123 dierum]
914 2071 1144 2118 attriverat5
1170 2068 1241 2107 ubi
1270 2068 1389 2123 vulgo
1408 2068 1512 2113 male
1530 2069 1747 2114 redornan-

311 2134 375 2164 tur
392 2125 553 2177 legitur.

397 2191 492 2230 313.
516 2191 570 2230 A.
591 2190 632 2230 6.
653 2189 770 2245 [542‚
790 2189 852 2244 8.]
882 2185 1021 2235 πλοὸς.
1079 2190 1141 2233 Ita
1171 2191 1344 2229 formant
1372 2190 1538 2239 Graeci:
1585 2188 1713 2236 πλοῦς
1731 2219 1746 2236 ,

313 2241 442 2284 πλόου
460 2275 472 2296 ‚
514 2241 626 2299 πλόῳ
643 2275 655 2296 ,
700 2245 832 2284 πλοῦν
861 2252 899 2284 et
927 2243 1054 2289 πλοῦς
1071 2274 1083 2294 ,
1112 2241 1258 2292 πλοὸς,
1289 2243 1410 2294 πλοῒ,
1438 2241 1563 2283 πλόοι.
1591 2244 1748 2282 Pariter

314 2300 413 2346 νοῦς
430 2329 441 2349 ,
472 2298 547 2339 νοῦ
574 2300 638 2338 vel
666 2296 764 2338 νόου
795 2307 835 2338 et
863 2295 956 2345 νοὸς
973 2330 983 2345 ,
1015 2294 1098 2353 νόῳ
1127 2306 1166 2338 et
1193 2298 1268 2341 νοΐ.
1315 2299 1407 2337 Non
1435 2313 1530 2351 ergo
1556 2297 1748 2350 debuerat

315 2355 462 2394 mutari
490 2355 595 2407 apud
623 2354 847 2393 Diodorum
875 2354 1054 2392 Siculum
1080 2353 1219 2406 Eclog.
1245 2354 1293 2392 L.
1309 2355 1429 2392 XXI.
1456 2367 1497 2405 p.
1519 2351 1609 2404 489.
1637 2351 1748 2402 fine3

315 2407 416 2448 πλοῒ
438 2405 511 2448 καί
537 2407 631 2458 πεζί
659 2417 717 2448 est
742 2409 848 2447 idem
877 2417 994 2462 atque
1033 2405 1137 2462 πλόῃ
1168 2407 1239 2447 καί
1265 2406 1382 2460 πεζῇ.
1434 2406 1605 2446 Perinde
1631 2407 1751 2446 novis

317 2464 480 2502 Graecis
506 2471 545 2502 et
572 2461 667 2511 πεζί
693 2471 732 2503 et
758 2463 861 2516 πεζῇ
889 2463 1085 2510 seribere,
1134 2470 1173 2501 et
1209 2462 1411 2501 veteribus
1446 2474 1606 2514 quoque
1634 2459 1745 2510 fuit3

315 2518 417 2558 πλοῒ
439 2526 573 2557 autem
601 2519 664 2558 vel
695 2533 718 2557 a
745 2519 894 2568 πλοῦς,
925 2516 1050 2564 πλοὸς
1078 2524 1207 2570 potest
1233 2517 1429 2563 derivari,
1457 2514 1565 2567 quod
1591 2518 1747 2567 saepius

317 2573 423 2622 apud
450 2574 640 2612 Nostrum
669 2572 832 2626 legitur,
865 2573 948 2612 vid.
971 2574 1022 2614 ad
1050 2587 1092 2625 p.
1116 2572 1270 2626 ¹9²·A·
1298 2569 1357 2620 4.,
1388 2568 1451 2609 vel
1478 2583 1502 2608 a
1539 2566 1643 2621 πλόη
1671 2584 1754 2623 pra

317 2622 512 2678 τιλόησις,
539 2628 708 2672 πλεῦσῑς
737 2628 875 2680 repeti.

426 2691 478 2729 A.
501 2707 540 2745 7.
563 2691 764 2747 [542‚9.]
806 2693 1085 2744 κοιλιωμένης.
1145 2690 1334 2738 Humilis,
1368 2689 1584 2742 depressae,
1643 2688 1750 2735 Nam
