1884 3132
288 182 410 256 936
487 203 695 275 masmi-
711 203 875 245 mnEx
898 204 971 246 An
998 205 1264 250 CONSTAN.
1291 209 1364 250 nn
1389 208 1574 254 cEmM.

285 306 429 351 χέλωνα
454 315 482 338 s.
502 305 722 339 testudinem
742 306 874 340 milites
889 307 981 340 circa

336 363 465 385 novum
494 353 581 399 Imp.
610 354 791 386 faciebant
811 357 881 390 412
899 366 980 399 pen.

284 399 544 445 χερνιβόξεστα
575 401 698 446 pelves
733 413 813 435 curn
846 400 981 445 hydriis

284 471 394 574 χεῗσῖ
420 493 634 541 δεδεμέναις
649 494 845 539 quomodo
871 495 982 528 intel-

351 540 518 584 igendum
551 544 631 582 607,
660 543 717 577 38.
772 553 879 574 manu
918 553 982 575 sua

467 589 578 634 dapes
618 588 786 622 tradebat
823 591 912 628 865,
947 590 982 625 4.

335 635 466 680 Script.
493 636 578 669 llist.
598 637 685 680 Aug.
700 636 743 669 T.
770 637 796 669 Ι.
828 648 863 682 p.
879 639 961 672 951.

289 682 334 714 «le
359 682 549 717 chirotecis
574 683 645 717 vid.
670 684 921 730 χειροψέλλια.

284 732 400 774 χίτων
421 729 570 764 inferior
597 735 635 764 et
658 731 821 778 superior
845 733 926 772 467,
936 732 982 768 28

338 788 352 809 s
409 802 417 809 .

288 787 416 871 χίωῗιίέι
441 823 513 857 vid.
534 826 702 879 χαίωμα.

284 866 431 916 χλαμὺς
453 876 706 905 vestimentum
721 871 886 918 superius
899 871 982 912 467,

335 921 392 955 28.
441 918 645 962 chlamydes
671 920 854 953 exuebant
877 930 981 952 accu-

337 966 447 998 bituri
474 967 542 1002 867
555 972 676 1011 antep.

287 1013 416 1057 χλανίς
441 1012 534 1045 idem
549 1013 647 1058 quod
672 1013 829 1057 chlamys
853 1011 910 1053 64,
923 1011 981 1048 34·

337 1055 400 1094 dui
425 1060 586 1104 χλανίδα
606 1061 727 1097 νεύειν
750 1061 821 1093 vid.
848 1059 982 1096 νεύειν.

285 1107 572 1153 χοροσαγχόριν
597 1109 706 1141 vestis
731 1110 813 1147 685,
838 1110 872 1141 5.

286 1153 491 1199 χοσβαΐῐαι
502 1154 666 1188 hosarum
676 1154 829 1188 ministri
840 1152 981 1194 847‚15.

284 1204 394 1247 χρεία
423 1202 553 1234 latrina
580 1204 660 1242 822,
688 1205 745 1239 25.

284 1252 408 1295 χρίειν
429 1248 670 1294 metaphorice
688 1260 752 1295 pro
769 1249 983 1293 inaugurare

335 1298 405 1331 352
445 1298 502 1333 21.

287 1321 438 1387 Χρίπᾶς
465 1354 528 1388 pro
553 1340 720 1387 Εὖρίπος
746 1341 805 1375 vel
838 1341 983 1375 Euboea

337 1392 421 1430 592,
455 1390 508 1426 14.
536 1391 615 1430 779,
641 1391 675 1425 6.

284 1438 460 1483 xpm-9554·
483 1438 680 1481 Imperator
703 1439 790 1475 351,
813 1437 871 1472 29.
920 1434 983 1469 ubi

336 1485 443 1517 etiam
463 1484 508 1517 de
524 1484 746 1529 quaestione,
765 1495 850 1517 uum
867 1483 983 1529 Impp.

339 1532 438 1564 uncti
464 1531 608 1564 fuerint.

292 1578 485 1612 Christiani
512 1583 648 1611 tantum
673 1576 798 1610 Graeci
821 1578 904 1618 801,
931 1578 985 1614 17.

293 1626 335 1661 ἓν
349 1625 517 1672 Χριστῷ,
537 1636 600 1670 per
610 1624 799 1666 Christum,
809 1624 985 1670 particula

340 1674 439 1706 tituli
465 1675 498 1713 4,
524 1675 582 1708 37.
607 1673 688 1712 492,
713 1672 771 1706 28.

293 1720 439 1754 Christo
477 1720 606 1753 solium
651 1719 689 1752 in
732 1719 857 1753 dextra
893 1719 982 1765 Imp.

338 1772 440 1812 parte
466 1765 736 1812 relinquebatur
759 1769 841 1806 600,
865 1768 923 1802 39.

293 1815 448 1848 formula
474 1815 563 1847 Xtus
591 1815 711 1852 vincit,
731 1814 820 1846 Xtus
850 1819 984 1857 regnat,

342 1862 432 1894 Xtus
458 1862 609 1906 imperat
635 1860 714 1897 774,
739 1863 797 1895 32.

292 1909 668 1954 Χριστιανικώτατον
700 1908 809 1946 ἔθνος
841 1908 983 1952 Bulgari

289 1981 439 2049 χροακὲὶ
473 2001 602 2049 ἱμάτια
643 2007 759 2035 vestes
805 2002 984 2036 coloratae

343 2049 422 2090 741,
447 2052 504 2086 26.

290 2095 429 2143 χρόνος
456 2107 570 2130 annus
590 2098 669 2135 751,
701 2099 731 2131 1.
780 2094 876 2128 unde
896 2106 988 2139 χρο-

340 2143 566 2190 νοκρὰτορες
578 2142 687 2176 annui
702 2143 926 2186 magistratus
937 2141 986 2174 ib.

289 2187 466 2236 χρυσεών
488 2192 602 2224 forum
628 2192 708 2229 692,
736 2193 790 2225 12.

290 2236 413 2283 χρυσῆ
437 2238 555 2283 πόρπη
581 2237 654 2270 vid.
682 2236 748 2269 sub
773 2235 880 2278 πύλη.

295 2284 316 2327 ἧ
337 2281 459 2330 χρυσὴ
475 2295 580 2317 aurea
597 2286 684 2328 Imp.
703 2295 822 2316 mensa
841 2282 986 2323 170,41.

341 2333 470 2365 ceteris
495 2332 683 2364 sublimior
709 2334 788 2371 171,
816 2333 869 2367 16.

290 2378 569 2425 χρυσόβουλὶον
595 2390 701 2411 aurea
734 2379 834 2411 bulla
861 2379 985 2416 329‚9·

292 2423 550 2471 χρυσοεψητὴς
577 2437 693 2458 comes
718 2425 821 2459 auri?
850 2425 929 2464 743,
953 2427 987 2459 8.

292 2474 524 2517 χρυσόθετος
553 2473 692 2520 (vestis)
718 2474 773 2506 cui
790 2485 912 2506 aurium
930 2473 986 2505 in-

342 2525 476 2553 textum
504 2525 559 2553 est
580 2520 663 2562 466,
695 2523 748 2556 13.

292 2566 529 2610 χρυσόκανος
553 2568 647 2601 ensis
666 2579 745 2601 cum
774 2578 879 2601 aurea
906 2577 988 2599 can-

342 2625 386 2646 na
411 2616 493 2657 828,
519 2615 576 2652 29.

333 589 424 634 Imp.

1044 310 1300 355 χρυσοκλαβος
1324 310 1404 352 204,
1427 315 1464 348 2.

1045 358 1740 407 χρυσοπερίκλειστοςειιιτοὶεοιίερωο-

1095 408 1214 437 textus
1233 407 1290 444 52,
1314 406 1372 440 39.

1045 450 1334 532 χρυὲῐοσὴμεντα
1345 461 1451 485 aurea
1463 458 1646 497 segmenta
1657 454 1740 496 304,

1044 547 1390 591 χρυσοσιοίβαστος
1421 546 1613 581 obauratus
1643 550 1739 588 213,

1050 637 1327 686 Χρυσοστόμου
1344 639 1567 685 aliorumque
1587 638 1740 674 Patriar-

1097 685 1240 718 charum
1265 686 1425 732 sepulcra
1454 688 1531 728 179,
1547 690 1600 725 17.

1046 733 1322 780 χρυσοστόριον
1370 734 1565 768 triclinium
1611 735 1741 769 statuis

1096 781 1216 813 aureis
1246 781 1391 826 plenum
1414 784 1496 822 831,
1525 782 1578 817 15.

1046 829 1488 874 χρυσοσωληνοκέντητον
1538 828 1742 862 vestimenti

1100 885 1211 918 genus
1235 877 1317 917 186,
1340 874 1399 911 34.

1046 921 1293 969 χρυσόῐαβλοι
1313 922 1489 968 χλανίδες
1501 923 1644 956 tunicae
1656 933 1743 956 auro

1097 974 1302 1014 praetextae
1329 972 1408 1010 128,
1434 972 1491 1006 39-

1047 1017 1360 1062 χρυσοτρίκλινον
1376 1017 1501 1062 palatii
1523 1028 1603 1062 pars
1617 1016 1742 1056 22242.

1098 1064 1136 1096 οἱ
1158 1064 1220 1097 ἐπὶ
1242 1065 1306 1097 τοῦ
1329 1065 1639 1110 χρυσοῐρικλίνου
1667 1064 1744 1096 eius

1096 1110 1271 1153 praefecti
1299 1113 1379 1150 127,
1412 1113 1466 1146 16.

1049 1155 1215 1201 χρύσους
1226 1156 1370 1190 nonnisi
1390 1156 1574 1189 inauratus
1600 1155 1741 1195 142,¹4.

1098 1205 1179 1243 889,
1191 1206 1245 1239 12.
1296 1204 1418 1239 Mum
1427 1205 1553 1249 χρυσῷ
1577 1203 1646 1239 625
1659 1214 1741 1248 pen.

1047 1245 1317 1296 χρυσοφεγγὴς
1338 1261 1426 1286 auro
1445 1250 1639 1296 splendens
1667 1251 1745 1291 174,

1048 1343 1155 1389 χῦμα
1185 1342 1230 1376 de
1255 1342 1380 1376 solidis
1410 1341 1516 1376 rebus
1543 1341 1624 1384 204,
1650 1344 1710 1379 37.

1053 1389 1201 1433 Chymia
1226 1395 1262 1423 et
1296 1389 1483 1434 Alchymia
1517 1389 1601 1424 iude
1630 1401 1650 1423 a
1674 1401 1744 1435 χυ-

1097 1436 1170 1483 μὸς
1195 1439 1275 1476 208,
1300 1437 1335 1473 4·

1048 1480 1158 1530 χυτῆς
1185 1487 1264 1523 797,
1295 1485 1349 1539 19.

1048 1526 1164 1578 χυτὸς
1188 1543 1214 1563 ε.
1234 1543 1345 1576 χυτι]ς
1361 1541 1387 1563 s·
1407 1528 1521 1575 χύτος
1547 1530 1680 1563 incerta
1708 1533 1746 1561 et

1099 1579 1273 1623 scriptura
1283 1584 1320 1612 et
1330 1577 1590 1622 significatione
1608 1577 1744 1616 12:339-

1049 1632 1188 1671 χωρεῖν
1215 1636 1423 1670 promovere
1451 1624 1560 1657 alium
1587 1622 1671 1664 445,
1689 1625 1745 1659 27.

1100 1673 1144 1706 de
1173 1673 1270 1707 loco:
1298 1683 1423 1718 capere
1441 1675 1518 1713 198,
1535 1673 1569 1706 5.
1617 1675 1657 1703 ut
1683 1669 1742 1704 δέ·

1097 1723 1249 1764 χεσθαι.

1046 1767 1184 1812 ψάλται
1202 1770 1402 1799 cantatores
1418 1763 1650 1797 ecclesiastici
1666 1764 1744 1803 118,

1095 1815 1127 1849 6.
1155 1819 1284 1848 suntne
1311 1812 1419 1845 iidem
1443 1817 1552 1857 atque
1586 1811 1624 1846 οἱ
1654 1809 1743 1856 κρά-

1094 1860 1200 1894 aeuu?
1227 1859 1348 1900 89,42.

1048 1907 1231 1954 ψευδοξὲα
1246 1905 1375 1952 salsch
1403 1903 1568 1951 gesiirble
1590 1900 1744 1937 Kleides·

1097 1957 1176 1994 555,
1204 1954 1261 1991 40.

1050 2003 1114 2037 ἐπὶ
1138 2001 1237 2046 ψύας
1263 1999 1447 2036 ἐπιὸένειν
1469 1999 1551 2037 330,
1575 1997 1610 2031 8.

1053 2050 1245 2095 ψυχάριον
1269 2045 1427 2079 animula
1449 2044 1530 2084 417,
1552 2045 1610 2078 33-

1055 2095 1277 2142 αἷμοᾳτόριον
1301 2094 1468 2132 orarium,
1493 2091 1652 2137 episcopi
1663 2090 1744 2135 pal-

1102 2143 1189 2176 lium
1226 2145 1311 2181 181,
1346 2142 1380 2176 3.
1437 2138 1499 2171 ubi
1533 2143 1569 2170 et
1605 2137 1649 2170 de
1678 2136 1743 2169 de-

1101 2190 1281 2234 positione
1297 2185 1499 2231 omophorii
1512 2184 1558 2218 ad
1572 2195 1741 2217 mensam.

1054 2237 1259 2270 terminatio
1285 2236 1324 2268 in
1356 2245 1409 2279 ωρ
1445 2243 1508 2277 pro
1534 2243 1586 2271 ος,
1611 2243 1655 2265 ov
1678 2241 1743 2275 pro

1103 2295 1155 2324 us,
1182 2288 1221 2316 ut
1250 2283 1468 2329 πρεῳέκϊωρ
1499 2290 1564 2324 pro
1604 2277 1743 2323 praese-

1099 2335 1177 2363 ctus
1200 2331 1280 2368 338,
1306 2331 1361 2364 12.

1054 2375 1073 2418 ἢ
1104 2376 1224 2421 ὦραία
1250 2374 1343 2418 πύλη
1370 2373 1440 2406 vid.
1464 2371 1569 2414 πύλη.

1057 2423 1232 2469 ὦραΐζειν
1257 2422 1399 2466 gloriari
1432 2423 1511 2460 295,
1539 2422 1597 2454 31.

1056 2471 1227 2506 ὠοαῑίων
1254 2466 1492 2501 breviarium?
1514 2468 1596 2504 223,
1619 2465 1678 2499 35.

1056 2506 1262 2563 ὠξωλόγιον
1274 2515 1459 2557 horologia
1484 2511 1744 2558 portatiliaiam

1102 2565 1138 2597 in
1162 2565 1300 2597 decimo
1329 2561 1470 2595 saeculo
1490 2560 1577 2601 559,
1591 2558 1648 2594 46.

1057 2610 1108 2649 ὥς
1133 2622 1199 2657 pro
1228 2607 1256 2645 ὦ
1277 2611 1346 2646 366
1372 2619 1454 2654 pen.
