1884 3132
271 148 380 206 270
538 147 611 188 10.
656 148 761 189 IAC.
800 150 996 190 REISKII
1042 148 1420 192 COMMENTARH

271 252 513 292 Leichianae
541 251 799 290 coniecturae
827 250 1020 304 σακρῶν,
1066 254 1129 291 cui
1160 253 1242 306 ipse
1270 251 1441 303 diffidit,
1471 255 1726 310 quandoqui-

281 308 374 347 dem
401 323 442 361 p.
481 308 568 361 ¹39·
599 306 886 366 Aroe-affirm
913 321 989 360 pro
1031 305 1215 359 σεκόρων
1244 309 1477 361 substituit,
1523 311 1729 350 adstruere

274 364 405 403 valeo.
464 363 780 401 Obtinuerintne
812 365 909 401 seris
946 362 1024 402 illis
1044 364 1293 416 temporibus
1330 366 1496 404 comites
1524 380 1731 405 sacrarum

274 420 535 473 largitionum
565 419 606 456 in
635 416 727 456 aula
756 420 978 472 Byzantina
997 448 1008 470 ,
1033 418 1153 458 valde
1191 419 1354 470 dubito3
1398 420 1495 459 item
1517 450 1528 471 ,
1571 421 1733 461 nudene

275 477 330 516 sic
357 475 452 513 dicti
485 475 635 513 fuerint
663 489 866 513 sacrarum
884 503 896 522 ,
929 489 1004 528 pro
1024 489 1227 513 sacrarum
1255 477 1521 528 largitionum,
1551 478 1733 516 comites.-

276 531 386 585 quod
413 530 576 583 quidem
605 530 711 583 apud
740 531 904 570 Latinos
933 533 976 569 in
1005 544 1079 568 usn
1111 538 1223 580 erat,
1254 531 1362 584 apud
1391 532 1734 572 Graecos-'autem

277 587 369 626 ideo
399 601 482 625 non
511 585 672 624 videtur
697 585 814 624 fuisse
838 617 847 633 ,
890 585 999 640 quod
1041 585 1099 623 illi
1129 584 1289 637 σάκρας
1316 587 1565 640 appellarent
1598 589 1732 640 Impe-

280 650 459 700 ratorum
487 641 631 680 edicta.
689 641 904 681 Praeterea
944 655 1026 680 non
1057 649 1169 679 erant
1197 641 1331 694 plures
1358 645 1521 681 comites
1550 642 1731 696 largitio-

279 713 408 748 num,
437 697 506 738 sed
537 711 675 747 unus,
706 710 837 749 neque
865 699 984 737 etiam
1012 704 1096 735 tam
1115 696 1239 747 viles,
1280 705 1327 736 ut
1347 697 1507 751 hypatis
1535 699 1732 751 posterio-

281 769 344 793 res
387 760 517 793 essent
570 760 610 791 et
662 752 875 792 stratelatis
923 753 1292 806 aequipararentur.
1371 753 1509 807 Neque
1549 767 1732 806 unquam

283 811 450 849 memini
488 823 553 848 me
592 809 826 848 candidatos
848 816 918 848 aut
947 809 1185 847 domesticos
1222 823 1427 848 sacrarum
1472 808 1732 862 largitionum

284 865 446 922 legisse,
480 879 579 919 quos
618 865 762 903 Latina
789 866 1064 917 interpretatio
1087 878 1128 916 p.
1163 864 1252 917 159.
1284 863 1335 903 A.
1356 864 1434 904 ult.
1462 864 1731 904 commendat.

284 922 387 960 Mihi
421 922 581 975 quidem
623 935 674 959 ne
714 920 935 973 probabilis
977 920 1142 973 quidem
1185 921 1417 958 coniectura
1448 921 1647 958 succurrit
1685 920 1737 959 de

286 991 429 1030 sensu,
460 984 530 1016 aut
554 976 832 1015 emendatione
847 1008 860 1027 ,
890 977 923 1015 si
950 991 1029 1029 qua
1052 989 1152 1028 opus
1173 982 1231 1014 est
1245 1004 1257 1027 ,
1297 973 1484 1015 vocabuli
1515 972 1717 1028 σεκόρων.

1271 1032 1301 1063 θ

397 1079 451 1142 ξι,
477 1079 515 1117 3.
539 1077 639 1132 [235
655 1108 666 1129 ,
695 1077 761 1131 4.]
785 1076 1005 1132 πληρωθῇ.
1054 1079 1113 1116 Μ.
1138 1079 1305 1131 πληρω,
1328 1075 1438 1116 unde
1457 1090 1620 1131 quoque
1639 1077 1739 1130 πλη-

287 1135 485 1189 ρωθωσιν
515 1135 616 1173 effici
651 1141 797 1187 potest.

401 1192 451 1230 A.
476 1189 515 1241 4.
541 1189 664 1242 [255‚
692 1187 755 1243 4.]
780 1187 988 1241 εἰσῆλθον.
1048 1189 1106 1227 M.
1134 1183 1361 1239 εἰσελθών,
1391 1187 1500 1226 unde
1533 1185 1635 1226 effici
1666 1185 1738 1227 de-

289 1247 358 1288 bet
380 1245 642 1286 εἰσέλθωσιν.

380 1312 535 1352 158.C.
560 1327 601 1366 9.
639 1310 766 1365 [236‚
797 1310 860 1365 8.]
897 1307 1084 1348 πεδίτου.
1144 1308 1317 1347 Videtur
1350 1308 1457 1347 idem
1496 1322 1581 1348 esse
1618 1314 1741 1361 atque

287 1370 485 1426 peditatus
498 1398 507 1415 ,
527 1375 566 1406 et
587 1368 737 1421 opponi
755 1367 980 1406 domesticis
998 1372 1038 1404 et
1057 1363 1264 1403 scholariis
1282 1365 1504 1416 equitatus,
1534 1362 1599 1403 vel
1615 1377 1739 1416 eque-

292 1426 456 1465 stribus.
483 1425 725 1472 Domestici,
753 1422 849 1461 alias
875 1428 1119 1475 protectores
1139 1420 1368 1466 domestici,
1407 1419 1607 1472 (deinceps
1632 1420 1743 1458 scho-

294 1482 393 1521 larii
418 1480 540 1528 dieti,
571 1481 733 1518 nomine
762 1478 969 1517 domestici
1012 1478 1055 1515 in
1079 1477 1259 1528 ipsorum
1278 1481 1399 1528 caput
1430 1482 1469 1513 et
1498 1473 1743 1528 praefectum

293 1542 527 1577 transeunte
543 1535 568 1586 ,)
595 1536 795 1588 geminam
815 1533 1019 1572 habebant
1035 1530 1213 1570 scholam
1226 1560 1237 1582 ,
1265 1545 1388 1568 unam
1409 1529 1588 1583 peditum
1601 1558 1613 1580 ,
1643 1528 1745 1568 alte-

295 1607 384 1634 ram
410 1593 622 1645 equitum3
651 1591 735 1630 vid.
761 1589 894 1629 Vales.
924 1589 975 1627 ad
1002 1587 1140 1626 Amm.
1165 1585 1348 1624 Marcell.
1372 1600 1414 1638 p.
1438 1586 1566 1624 52.B.

407 1648 462 1686 D.
481 1646 665 1701 2.[256,
706 1645 783 1699 ι4.]
830 1643 1120 1696 συγκλητικοῦ.
1180 1642 1454 1694 Opponuntur
1489 1640 1556 1680 hic
1587 1639 1744 1694 patricii

299 1702 494 1753 curiales,
524 1704 594 1756 qui
632 1702 683 1741 ad
712 1698 787 1753 τήν
812 1695 1064 1752 σύγκλητον,
1097 1704 1279 1737 senatum
1308 1697 1436 1749 regni,
1463 1695 1743 1748 pertinebant,

301 1774 483 1815 proceres
519 1757 831 1804 consistoriales,
870 1755 973 1804 illis,
1015 1755 1084 1807 qui
1121 1753 1172 1791 ad
1209 1752 1393 1791 militiam
1427 1752 1673 1804 pertinerent
1705 1756 1745 1788 et

301 1814 529 1870 στρατηγοί
538 1845 548 1864 ,
578 1814 766 1867 strategi,
799 1811 989 1865 praefecti
1025 1809 1322 1863 provinciarum
1371 1812 1411 1845 et
1443 1806 1747 1844 excubantium

301 1887 373 1926 per
399 1870 584 1910 cohortes
609 1869 812 1923 legionum
843 1873 985 1906 essent.
1046 1865 1156 1903 Dicit
1180 1877 1274 1916 ergo
1291 1892 1302 1912 ,
1324 1876 1366 1901 se
1392 1862 1663 1914 expositurum
1682 1874 1747 1900 ce-

302 1927 495 1966 rimonias
527 1927 568 1965 in
590 1925 842 1979 promotione
861 1921 1037 1976 patricii,
1064 1927 1148 1958 tam
1177 1917 1360 1967 curialis,
1383 1930 1506 1969 quam
1529 1916 1714 1955 militaris
1731 1944 1745 1967 ,

303 1983 500 2022 solennes.
556 1981 667 2020 Infra
693 1980 809 2019 claris
841 1978 974 2017 verbis
1007 1971 1046 2015 οἱ
1081 1971 1344 2026 συγκλητικοὶ
1369 1971 1584 2025 πατρίκιοι
1618 1985 1747 2025 οΡΡο-

304 2046 457 2078 nuntur
484 2040 572 2084 τοῖς
601 2031 681 2076 α’πὸ
710 2033 911 2075 σπαθίου.
1630 2052 1632 2054 -

395 2107 484 2158 139.
510 2105 557 2142 C.
588 2118 619 2145 1.
640 2103 738 2157 [237
762 2131 773 2152 ,
811 2098 898 2153 αι]
936 2094 1116 2137 ποιοῦσι.
1172 2095 1304 2134 Erant
1344 2093 1453 2148 apud
1493 2094 1669 2133 Graecos
1701 2105 1750 2131 eo

306 2169 487 2215 tempore
509 2159 606 2198 CPli
630 2160 768 2212 poetae
782 2187 791 2201 ,
823 2154 960 2210 quales
978 2168 1024 2192 ea
1053 2152 1206 2192 ferebat
1232 2158 1339 2189 aetas
1353 2180 1364 2197 ,
1401 2150 1473 2203 qui
1495 2147 1751 2188 conseriben-

308 2218 370 2256 dis
397 2217 446 2256 ad
483 2229 622 2254 omnes
655 2213 801 2252 hilares
819 2212 1028 2262 tristesque
1048 2222 1182 2254 casus,
1208 2206 1328 2244 festos
1345 2205 1429 2244 dies
1445 2234 1456 2255 ,
1481 2203 1751 2258 promotiones

310 2272 363 2310 ad
386 2273 559 2311 honores
575 2300 587 2320 ,
618 2269 806 2309 victorias
833 2267 1037 2305 Circenses
1071 2270 1147 2302 ete.
1168 2292 1178 2310 ,
1211 2261 1455 2300 carminibus
1490 2257 1750 2306 victitabant,

308 2341 438 2380 eaque
458 2340 612 2379 semper
634 2326 677 2363 in
705 2330 867 2378 promtu
893 2320 1098 2360 habebant
1119 2325 1158 2357 et
1181 2316 1429 2365 vendebant,
1452 2322 1499 2353 ut
1524 2327 1625 2367 opus
1644 2312 1749 2351 nihil

312 2390 413 2421 esset
440 2382 567 2432 aliud,
598 2395 719 2435 quam
752 2380 836 2418 eius
864 2390 1010 2416 nomen
1036 2377 1233 2421 inserere,
1259 2373 1322 2411 cui
1355 2370 1544 2424 quodque
1573 2368 1750 2407 destina-

313 2445 437 2476 retur.
493 2438 710 2490 Nunquam
737 2435 866 2473 caruit
886 2432 994 2471 orbis
1013 2438 1213 2470 terrarum
1231 2428 1384 2466 miseris
1411 2425 1453 2464 id
1483 2437 1621 2478 genus,
1649 2437 1750 2476 quos

314 2499 508 2531 nostrates
524 2492 742 2545 appellant,
762 2488 1057 2543 gratulantibus.
1097 2484 1238 2524 Talem
1259 2478 1433 2534 ποιητὴν
1451 2509 1462 2528 ,
1486 2479 1644 2532 potitam
1660 2493 1752 2531 gra-

316 2545 511 2586 tulantem
527 2578 537 2594 ,
566 2549 788 2586 carminum
818 2546 858 2583 in
894 2543 1074 2597 publicas
1105 2540 1359 2579 solennitates
1384 2534 1657 2583 conditorem,
1688 2534 1752 2572 fu-

318 2602 392 2640 isse
421 2610 556 2654 putem
585 2601 941 2656 Olympiodorum‚
973 2605 1176 2636 auctorem
1220 2593 1408 2632 materiae
1434 2589 1658 2628 historicae.
1695 2589 1750 2628 V.

318 2656 495 2695 Fabricii
524 2657 629 2694 Bibl.
663 2658 735 2695 Gr.
767 2657 845 2696 VI.
867 2670 906 2708 p.
923 2654 1031 2701 258„
1063 2651 1138 2690 ubiv
1162 2649 1284 2689 refert
1311 2645 1482 2685 Reinesii
1498 2674 1509 2694 ,
1541 2658 1661 2697 quam
1680 2657 1753 2697 ego

318 2712 505 2765 equidem
533 2712 704 2764 probare
736 2710 860 2749 nolim
878 2741 888 2757 ,
931 2710 1186 2761 opinionem,
1231 2703 1350 2741 fuisse
1377 2709 1619 2754 operatorem
1660 2700 1757 2750 chy-

321 2769 477 2808 micum.
535 2766 724 2806 Solebant
749 2765 848 2806 tales
864 2767 1002 2819 poetae
1019 2759 1247 2802 nominibus
1267 2763 1553 2811 patronorum,
1584 2754 1634 2794 ad
1657 2766 1756 2808 quos
