1826 3126
214 189 289 230 An
331 184 632 245 CONSTANT.
666 181 864 224 ponpa.
906 183 979 223 ns
1017 181 1199 222 cmm.
1237 183 1338 222 Lm.
1369 183 1400 220 ι.
1458 161 1522 216 3ι

88 291 220 332 stituti
237 318 250 341 ,
282 297 417 328 tamen
443 287 634 327 suberant
658 286 935 334 Democratis,
968 298 1141 338 quorum
1175 291 1342 324 venetus
1369 283 1532 337 quidem
1548 289 1613 324 Ed.
1628 290 1665 323 L.
1687 300 1727 323 ιο

89 346 199 387 idem
216 353 303 385 erat
319 344 536 384 identidem
551 356 645 382 cum
659 341 890 380 Domffitico
907 340 1137 379 scholarum
1152 369 1164 390 ,
1199 341 1382 393 prasinus
1400 347 1534 378 autem

89 402 200 442 idem
235 415 328 440 cum
358 398 587 439 Domaetico
626 395 917 435 Excubitorum
931 425 944 446 ,
977 395 1175 435 ambobus
1206 394 1441 435 muneribus
1479 395 1533 433 ita

89 449 340 506 coniunctis,
371 461 420 494 ut
445 452 583 493 divelli
609 465 692 491 non
721 458 899 505 possent.
956 450 1063 489 Hinc
1089 458 1148 490 est
1162 481 1175 501 ,
1208 451 1317 504 quod
1347 450 1534 489 Sidonius

91 510 339 565 Apollinaris
373 510 416 550 in
448 508 691 562 panegyrico
721 507 894 546 civitatis
935 506 1208 546 Narbonensis
1240 506 1430 545 factiones
1461 505 1534 545 has

86 568 247 608 &menes
269 560 418 606 aulicos
450 563 639 617 appellet.

313 620 446 670 nanc,
477 619 556 668 ait,
591 626 715 657 coetus
741 618 947 665 iuvenum,
978 616 1049 656 sed
1073 616 1311 666 aulicorum,

306 675 431 714 Elaei
453 674 664 713 simulacra
690 682 807 727 torva
834 673 987 726 campi,

306 730 484 770 Exercet
507 729 771 784 spaciwztibus
788 728 1007 783 quadrigis.

21 825 26 829 .
88 779 393 832 conveniebant
427 786 548 839 igitur
581 798 673 822 cum
709 782 786 822 illis
815 797 839 822 a
869 783 1028 822 Nerone
1063 782 1252 822 institutis
1289 781 1535 835 Augustanis

88 841 159 885 vel
182 840 443 895 Augustianis
470 839 663 880 militibus
677 867 690 889 ,
723 845 771 877 ut
794 852 877 877 non
904 838 1101 878 immerito
1137 838 1353 877 credantur
1382 837 1435 876 ab
1468 838 1533 876 iis-

88 897 182 942 dem
209 910 414 947 manasse,
442 910 491 935 ex
520 894 691 948 equestri
721 901 761 933 et
794 893 948 947 plebeia
976 895 1185 933 iuventute
1221 893 1332 932 lectis
1356 893 1535 946 quinque

88 951 268 993 millibus
284 959 326 992 et
342 951 449 990 ultra
463 981 475 1002 ‚
504 951 573 1004 qui
593 949 708 989 divisi
726 950 768 989 in
782 950 972 988 factiones
998 949 1175 988 cantanti
1194 948 1345 987 Neroni
1371 962 1534 1001 operam

88 1006 259 1059 darent,
286 1007 473 1060 doctique
509 1006 722 1060 plausuum
751 1005 863 1044 varia
901 1019 1045 1056 genera
1071 1005 1235 1044 ederent
1250 1034 1263 1054 ,
1303 1003 1352 1042 de
1386 1003 1534 1057 quibus

88 1063 247 1117 egregia
267 1052 379 1102 dedit
402 1062 465 1102 Cl.
491 1062 701 1100 Reimarus
715 1059 767 1098 ad
786 1059 982 1112 Xiphilini
996 1075 1038 1114 p.
1062 1074 1182 1100 1000.
1200 1058 1331 1098 n..38.
1363 1058 1431 1098 illa
1450 1074 1534 1099 ver-

86 1117 168 1158 ba:
203 1111 256 1170 ἦν
280 1131 324 1158 τι
348 1114 421 1157 καὶ
441 1113 549 1156 ἴδιον
576 1115 691 1171 αὐτῷ
716 1110 908 1167 σύστημα
936 1114 995 1162 εἰς
1022 1113 1383 1166 πεντακισχιλίους
1411 1129 1534 1167 στρα-

87 1165 242 1219 τιώτας
282 1170 685 1223 παρεσκευασμένον.
749 1166 1032 1221 Αὖγούστειοι
1077 1169 1124 1209 δὲ
1162 1165 1424 1220 ὠνομάζοντο
1461 1169 1538 1209 καί

62 1266 66 1269 ,
87 1225 265 1292 ἐξῇρχον
304 1227 388 1267 τῶν
413 1224 621 1276 ἐπαίνων,
663 1220 944 1278 ἠναγκάζοντο
985 1224 1032 1264 δέ
1069 1239 1193 1278 σφισι
1230 1221 1306 1264 καί
1344 1221 1383 1264 οἱ
1412 1218 1533 1265 ἄλλοι

85 1295 236 1330 umnec
262 1278 338 1322 acal
362 1274 532 1329 εἴκοντες
559 1280 756 1335 ἑπεκβοᾷν
784 1281 862 1332 (ita
889 1279 1009 1334 leg.).
1067 1280 1105 1319 A
1122 1281 1283 1319 Nerone
1302 1280 1423 1333 igitur
1441 1281 1534 1319 inde

85 1334 131 1376 hi
164 1336 392 1391 Augustani
421 1344 494 1376 aut
521 1337 665 1376 retenti
697 1350 722 1374 a
748 1336 893 1374 secutis
923 1335 1261 1390 lmperatoribus,
1299 1342 1370 1374 aut
1394 1336 1532 1389 postli-

86 1391 212 1441 minio
246 1391 373 1433 veluti
406 1392 583 1432 revocati
616 1405 641 1430 a
672 1391 900 1445 Byzantinis
937 1392 1100 1431 suerunt
1113 1421 1126 1442 ,
1160 1398 1315 1430 mutata
1347 1391 1532 1431 nonnihil

85 1445 244 1500 forma3
277 1454 324 1486 ut
348 1447 485 1487 nullus
514 1447 720 1498 dubitem,
747 1446 821 1486 hos
855 1441 1013 1497 δήμους
1042 1447 1206 1499 perinde
1224 1476 1237 1497 ,
1266 1454 1386 1499 atque
1417 1461 1532 1487 veros

84 1501 261 1553 milites,
296 1503 494 1556 stipendia
525 1517 571 1541 ex
608 1501 700 1541 aula
726 1501 920 1554 imperiali
953 1503 1162 1555 accepisse.
1220 1501 1533 1542 Adhibebamur

85 1569 206 1609 porro
230 1557 407 1610 gregales
428 1557 614 1609 operibus
642 1556 813 1609 publicis
838 1556 1053 1595 condendis
1068 1586 1081 1607 ,
1121 1564 1166 1595 ut
1181 1571 1204 1595 e
1220 1557 1374 1595 Codino
1395 1563 1503 1609 patet
1519 1587 1532 1607 ,

85 1611 156 1664 qui
174 1611 312 1650 scribit
329 1641 343 1662 ,
373 1612 646 1650 Theodosium
670 1612 867 1650 iuniorem
888 1611 1079 1664 collapsos
1096 1611 1208 1650 urbis
1227 1626 1364 1650 muros
1379 1613 1532 1650 instau-

84 1672 192 1706 rasse
218 1666 542 1706 incumbentibus
570 1667 614 1705 in
644 1666 685 1704 id
711 1681 811 1719 opus
840 1665 997 1705 duabus
1026 1666 1264 1706 factionibus
1283 1697 1296 1717 ,
1329 1674 1472 1706 veneta
1493 1675 1534 1706 et

84 1721 245 1774 prasina
258 1751 272 1772 ,
310 1721 551 1774 illarumque
574 1736 663 1760 eam
682 1720 802 1760 fuisse
827 1721 869 1759 in
895 1722 1135 1760 maturando
1161 1729 1202 1760 et
1216 1722 1396 1775 urgendo
1413 1737 1532 1775 opere

66 1775 335 1818 'sedulitatem
348 1806 360 1827 ,
390 1784 437 1815 ut
465 1778 570 1816 intra
598 1778 885 1830 sexagesimum
906 1777 1012 1815 diem
1030 1776 1257 1816 confectum
1285 1784 1384 1816 esset
1397 1807 1408 1826 ,
1438 1793 1530 1831 pra-

83 1830 180 1881 sinis
206 1831 261 1871 ab
284 1846 407 1870 aurea
425 1839 541 1885 porta
555 1861 568 1882 .‚
603 1840 644 1871 et
677 1833 830 1871 venetis
858 1846 882 1870 a
898 1831 1127 1870 Blachernis
1155 1834 1252 1872 orsis
1275 1833 1328 1871 ad
1352 1832 1531 1886 Polyan-

82 1885 219 1938 drium
246 1887 606 1927 convenientibus.-
627 1901 669 1929 v.
697 1887 767 1925 Du
797 1887 930 1940 Cange
959 1887 1057 1926 CPl.
1078 1886 1226 1926 Christ.
1256 1889 1291 1926 1.
1318 1887 1380 1927 15.
1397 1902 1442 1926 n.
1464 1903 1528 1928 10.

84 1939 283 1981 Credibile
295 1949 384 1993 est,
413 1942 632 1996 gregalium
657 1943 909 1996 magistratus
934 1942 1158 1995 invigilasse
1185 1943 1401 1982 condendis
1418 1958 1529 1983 moe-

82 1995 204 2037 nibus
217 2025 232 2047 ,
258 2004 300 2036 et
328 2011 428 2050 opus
446 1998 589 2036 ursisse
605 2027 618 2048 ,
653 1998 830 2052 gregales
866 1998 968 2050 ipsos
1002 2011 1165 2050 operam
1198 1998 1397 2037 struendis
1414 2013 1529 2051 prae-

82 2050 242 2092 stitisse.
301 2051 590 2092 Custodiebant
618 2068 779 2107 quoque
806 2052 950 2091 urbem
978 2059 1018 2092 et
1048 2052 1159 2091 urbis
1176 2054 1334 2092 moenia
1360 2068 1431 2106 per
1453 2054 1530 2093 ab·

82 2106 252 2146 sentiam
273 2107 447 2146 militum
461 2137 474 2158 ,
503 2107 556 2147 ad
585 2123 685 2161 quos
709 2108 806 2148 alias
832 2122 878 2146 ea
909 2122 1007 2147 cura
1036 2108 1253 2160 spectabat.
1310 2109 1528 2155 Mauricius

82 2161 192 2214 apud
219 2161 565 2215 Theophylactum
588 2164 845 2203 Simoeattam
868 2164 990 2202 VIII.
1018 2163 1060 2202 8.
1119 2167 1417 2216 περιφρουρεῖν
1433 2166 1529 2214 ,τοῖς

84 2211 286 2268 δημόταις
311 2213 363 2256 τὰ
396 2216 621 2258 Θεοδοσίου
648 2217 765 2271 τείχη
793 2215 1050 2267 προστάττει.
1087 2218 1350 2271 Theophanes
1366 2233 1407 2271 p.
1429 2219 1524 2259 235.

82 2269 134 2309 Β.
168 2266 208 2309 οἱ
235 2268 283 2309 δὲ
312 2270 440 2323 δῆμοι
464 2269 540 2324 τὴν
565 2267 687 2312 πόλιν
713 2270 986 2327 διεφύλαττον
1011 2274 1083 2322 ait,
1113 2280 1152 2312 et
1170 2288 1192 2312 e
1216 2274 1350 2312 Nostri
1367 2288 1410 2327 p.
1429 2274 1525 2328 259.

83 2324 133 2364 C.
162 2325 268 2364 idem
295 2325 491 2366 concludo
508 2357 521 2377 ,
561 2328 632 2366 ubi
665 2343 735 2381 per
767 2328 987 2368 absentiam
1025 2330 1277 2381 Imperatoris
1314 2329 1358 2367 in
1388 2331 1526 2370 castris

82 2380 236 2433 agentis
250 2380 398 2419 dieitur
411 2381 509 2420 urbs
524 2391 692 2436 augusta
707 2384 903 2423 custodita
923 2384 1041 2422 fiiisse
1062 2391 1145 2422 tam
1161 2399 1184 2423 a
1204 2383 1399 2424 militibus
1412 2386 1525 2438 oppi-

84 2433 199 2475 danis
215 2436 480 2488 praesidiariis
494 2467 506 2487 ‚
535 2438 683 2491 quibus
712 2439 828 2478 nulla
857 2453 921 2478 res
940 2453 1032 2477 cum
1059 2438 1244 2492 palatinis
1259 2446 1344 2478 erat
1362 2469 1374 2488 ,
1403 2455 1525 2494 quam

83 2487 137 2528 ab
152 2489 226 2541 iis,
265 2492 335 2544 qui
364 2491 569 2532 subessent
593 2494 800 2534 Praefecto
824 2494 951 2533 urbis.
1009 2494 1119 2544 Quid
1143 2495 1176 2534 si
1204 2493 1248 2534 hi
1269 2495 1416 2534 fixerint
1434 2510 1525 2548 gre-

83 2543 191 2596 gales
207 2574 220 2594 ,
255 2559 304 2584 eo
327 2554 504 2600 tempore
528 2548 735 2588 Praefecto
763 2549 891 2589 Urbis
920 2549 1178 2599 demandati,
1206 2565 1287 2604 quo
1306 2551 1525 2590 Domestici

83 2597 323 2640 Scholarum
345 2608 386 2640 et
403 2601 674 2643 Excubiarum
694 2605 736 2643 in
753 2605 890 2644 castris
905 2608 1095 2657 agerent?
1149 2605 1331 2644 Tandem
1344 2619 1523 2659 quoque,

82 2651 153 2698 Ubi
173 2668 272 2707 opus
289 2664 388 2696 esset
401 2686 414 2708 ,
450 2671 580 2711 neque
604 2658 832 2698 sufficerent
858 2659 1002 2698 milites
1028 2659 1233 2709 ordinarii,
1261 2660 1524 2699 mittebantur

219 2723 261 2749 es
286 2710 329 2749 in
368 2719 512 2752 castra.
570 2715 632 2753 Ita
666 2714 869 2757 ,Cedrenus
893 2729 935 2767 p.
963 2714 1058 2755 586.
1091 2715 1147 2754 D.
1174 2717 1229 2754 ait
1258 2716 1523 2755 lustinianum

170 2770 230 2804 tos
254 2763 534 2820 δημοτεῦσαι,
561 2769 605 2810 in
635 2783 796 2827 greges,
824 2784 894 2809 seu
914 2769 1096 2810 militiam
1121 2770 1404 2826 piovincialem
1421 2801 1433 2823 ,
1458 2771 1524 2810 ad·
