1884 3132
261 146 334 188 An
372 146 709 190 APPEchEM
749 149 846 188 mn.
887 150 919 188 1.
963 149 1034 187 DE
1080 147 1341 189 CERmoN.
1432 131 1538 198 481

107 247 289 342 Alexliad.
306 263 399 304 pag.
420 250 512 300 340.
535 251 632 290 fine.
681 244 867 290 ‘Pdaxaa
894 258 953 291 est
979 264 1003 290 e
1038 252 1278 292 membranis
1298 267 1371 307 pro
1390 249 1542 307 ῥύακα,

111 306 174 344 uti
268 332 279 343 .

217 317 264 397 gg.
281 373 324 413 9.
345 357 457 413 [445,
482 359 568 414 19.]
597 356 704 412 πόση
732 356 760 411 ἧ
789 354 898 406 ὖδὸς.
933 362 1122 415 Vegetius
1147 363 1219 402 111.
1244 363 1286 402 6.
1310 377 1320 401 :
1342 363 1429 402 dux
1450 364 1540 416 pri-

109 427 213 452 mum
253 415 458 452 itineraria
496 416 669 454 omnium
697 416 918 466 mgzbnum,
964 418 1006 455 in
1034 418 1166 471 quihus
1191 418 1328 456 bellum
1360 420 1508 469 geritur
1528 448 1540 468 ,

105 468 330 522 plenissime
365 468 476 507 debet
502 470 643 508 habere
674 470 916 523 perscripta,
946 471 1003 509 ita
1039 480 1081 510 ut
1120 473 1291 511 locorum
1329 473 1542 512 intemwlla

109 536 190 561 non
207 523 329 562 solum
344 537 529 577 passuum
551 537 709 562 mtmero
723 552 735 571 ‚
771 523 842 562 sed
879 525 994 563 etiam
1026 527 1183 564 viamm
1215 528 1420 580 qualitates
1445 542 1541 581 pet·—

105 576 254 626 discat,
293 578 542 632 compendia,
574 578 807 617 diverticula
822 608 832 625 ‚
869 588 1017 618 montes
1030 609 1042 628 ‚
1071 580 1250 635 flumina
1299 582 1356 620 ad
1402 583 1540 637 fidem

106 631 302 687 descripta
337 633 562 672 consideret.
637 632 743 671 Hinc
785 639 902 671 natae
939 634 1126 684 tabulae,
1170 636 1299 688 qualis
1340 637 1395 674 sic
1434 637 1540 675 dicta

34 691 38 695 ’
105 685 412 740 Peutmgeriana
446 694 528 734 est,
568 687 743 725 Notitiae
782 687 964 740 imperii,
996 689 1229 740 Itineraria,
1268 698 1313 729 ut
1341 691 1539 731 Antonini

104 740 255 780 dictum
273 771 284 789 ‚
313 741 363 780 de
389 741 534 794 quibus
564 742 649 780 vid.
678 756 766 794 cap.
800 756 840 780 2.
877 742 1017 782 doctae
1048 745 1335 784 dissertationis
1373 745 1538 786 illustris

105 795 307 835 Francisci
335 795 610 849 Christophori
639 811 662 834 a
689 796 848 850 Scheyb
886 798 935 836 ad
975 798 1152 837 tabulam
1190 801 1538 854 Petltingerianam

102 862 128 887 a
161 863 204 888 se
225 849 302 889 hoc
345 851 430 903 ipso
469 864 575 889 anno
600 851 781 890 Viennae
814 851 1048 893 Austriacae
1090 869 1135 892 ex
1168 856 1262 908 ipsis
1294 855 1536 895 membranis

102 903 208 943 fideli
240 919 286 944 ex
307 919 396 944 aere
409 905 618 944 redditam.
676 906 844 945 Exstant
871 908 911 944 in
943 916 1082 948 nostro
1119 923 1278 963 quoque
1302 909 1381 948 hoc
1414 911 1534 950 Cere-

102 959 266 998 moniali
294 959 434 998 talium
460 958 689 1001 tabularum
726 962 1045 1011 ifinemriarum,
1082 964 1151 1002 sed
1199 964 1499 1017 particularium
1519 996 1531 1016 ‚

103 1015 319 1065 specimina
350 1014 430 1053 duo
447 1043 459 1064 ‚
490 1029 631 1068 nempe
659 1016 699 1068 in
719 1016 886 1055 Taxidio
904 1031 943 1069 p.
964 1017 1058 1056 283.
1081 1018 1186 1068 fine3
1216 1021 1407 1059 stationes
1436 1020 1535 1072 pha-

106 1081 251 1107 norum
279 1076 319 1108 et
338 1068 580 1108 laternarum
608 1070 867 1109 nominantur
884 1100 895 1120 ‚
925 1072 1070 1124 quibus
1088 1072 1200 1113 brevi
1221 1081 1401 1127 tempore
1429 1077 1534 1114 irru-

102 1122 188 1174 ptio
222 1124 510 1163 Saracenorum
553 1126 594 1162 in
620 1124 750 1163 solum
780 1126 1005 1164 Romanum
1034 1126 1164 1167 elicita
1192 1129 1243 1167 ad
1272 1130 1398 1168 CPlin
1428 1144 1533 1169 nun—

100 1177 304 1228 tiabatur3
330 1178 496 1218 alterum
541 1182 738 1231 specimen
764 1180 903 1218 talium
938 1181 1166 1221 tabularum
1197 1191 1255 1222 est
1286 1185 1332 1223 L.
1366 1185 1421 1222 11.
1453 1185 1532 1223 fine

102 1233 239 1285 eapitis
249 1232 336 1284 45„
357 1231 707 1284 Σταδιοδρομικὸν
723 1237 974 1288 inscriptum.
1033 1238 1240 1277 Pertinent
1260 1238 1339 1276 huc
1370 1253 1530 1292 quoque

104 1285 279 1327 Notitiae
306 1289 627 1341 episcopatuum,
657 1289 707 1327 de
738 1290 882 1342 quibus
910 1291 960 1329 ad
990 1292 1108 1330 finem
1138 1294 1187 1331 L.
1211 1293 1264 1331 ΙΙ.
1287 1294 1454 1333 dicetur.

214 1342 263 1381 C.
288 1341 480 1393 ιο.[445,
499 1342 583 1396 20]
617 1339 667 1381 τὰ
701 1340 935 1393 οἰκούμενα.
968 1346 1071 1384 Dedi
1100 1349 1142 1385 in
1174 1349 1325 1386 Latinis
1352 1362 1407 1386 ex
1438 1349 1529 1387 orbe

100 1396 276 1436 Romano
293 1426 304 1443 ‚
334 1398 363 1436 i.
388 1411 426 1435 e.
445 1411 491 1435 ex
518 1397 667 1435 ditione
694 1398 966 1437 Romanorum
994 1414 1063 1438 seu
1098 1402 1357 1440 Graecorum.
1388 1402 1530 1442 Graeci

102 1452 210 1490 enim
245 1450 406 1489 illorum
442 1458 664 1505 temporum
702 1466 743 1490 se
784 1453 984 1492 Romanos
1022 1455 1290 1507 appellabant.
1359 1457 1528 1508 Proprie

104 1513 165 1544 est
189 1506 278 1544 loca
296 1506 484 1544 habitata.
543 1506 749 1557 Quidquid
778 1507 883 1545 enim
911 1509 1070 1547 ditionis
1092 1511 1294 1548 Romanae
1323 1524 1403 1547 non
1433 1518 1490 1548 est
1512 1540 1525 1560 ,

100 1561 286 1612 quamvis
313 1560 488 1599 abundet
519 1560 746 1599 hominibus
773 1568 812 1599 et
839 1562 995 1600 cultura
1016 1562 1154 1603 floreat
1173 1593 1184 1612 ‚
1215 1566 1375 1602 Graecis
1394 1571 1528 1603 tamen

102 1613 130 1666 ἧ
156 1610 308 1667 ἔρημος
334 1622 373 1653 et
401 1612 423 1667 ἢ
453 1613 641 1666 ἀοίκητος
671 1615 843 1665 dicitur,
889 1617 1077 1669 quoniam
1118 1619 1210 1671 ipsis
1249 1618 1304 1657 ibi
1348 1618 1529 1658 habitare

102 1676 144 1708 et
169 1671 318 1713 versari
345 1676 433 1708 tuto
460 1683 541 1708 non
570 1669 701 1727 licet„
733 1670 794 1708 Eo
825 1684 942 1709 sensu
970 1673 1241 1725 accipiendum
1266 1680 1325 1711 est
1351 1674 1528 1712 vocabu-

99 1723 189 1763 lum
213 1719 265 1763 τὰ
295 1721 468 1788 ἀοίκητα
495 1723 614 1775 paulo
641 1731 729 1776 post
754 1725 874 1763 huius
904 1726 1054 1764 Tactici
1083 1742 1123 1778 p.
1142 1726 1234 1765 269..
1258 1727 1311 1765 A.
1332 1726 1371 1769 6.
1409 1728 1527 1766 Pari-

100 1785 163 1818 ter
187 1786 340 1818 veteres
365 1793 440 1830 την
479 1775 632 1830 ἔρημον
672 1779 946 1831 appellabant,
989 1781 1127 1820 ubiubi
1156 1783 1244 1834 quis
1270 1782 1446 1820 desertus
1475 1783 1527 1822 ab

102 1833 237 1872 amicis
265 1841 384 1883 esset3
414 1834 496 1873 vid.
524 1834 692 1886 Diogen.
716 1836 848 1873 Laiirt.
876 1849 916 1887 p.
940 1834 1031 1888 559.
1059 1850 1093 1874 1.
1148 1836 1210 1874 Eo
1239 1850 1367 1888 εει13υἱ
1382 1837 1527 1888 legitur

101 1884 253 1939 ἕρημος
281 1902 344 1940 ap.
375 1888 607 1941 Euripidem
635 1889 678 1926 in
703 1888 835 1927 Rheso
867 1888 959 1939 214.
982 1919 992 1935 ‚
1023 1887 1172 1941 ἔρημος
1198 1890 1337 1940 χῶρος
1374 1891 1429 1929 ibi
1465 1899 1527 1931 est

102 1943 240 1980 hostile
272 1944 407 1981 solum.
461 1942 582 1995 Apud
620 1943 822 1982 Socratem
860 1958 1020 1996 quoque
1050 1945 1154 1982 Hist.
1192 1944 1344 1983 Eccles.
1387 1946 1420 1983 1.
1459 1946 1523 1986 18.

103 1991 218 2035 τόποι
246 1993 490 2048 ἐρημότατοι
518 2005 577 2036 est
616 1998 746 2036 media
789 1999 1011 2046 barbaries,
1056 1998 1320 2037 meditullium
1365 1999 1525 2039 ditionis

101 2050 302 2100 hostium,
331 2050 399 2089 ubi
426 2066 581 2090 summa
608 2059 665 2091 est
692 2053 908 2091 amicorum
935 2054 1113 2106 penuria.
1173 2054 1242 2091 Ait
1270 2053 1325 2091 ibi
1345 2054 1525 2094 Socrates

105 2105 410 2144 Constantinum
437 2107 495 2144 M.
518 2107 594 2145 sibi
612 2121 858 2160 comparasse
886 2115 1123 2147 castrensem
1143 2107 1346 2146 ecclesiam
1363 2138 1374 2156 ‚
1401 2123 1524 2161 quam

100 2173 235 2198 secum
272 2161 391 2199 ferret
423 2162 464 2198 in
496 2162 782 2214 expeditionem
810 2163 1027 2212 Persicam,
1068 2162 1137 2201 ἵνα
1173 2159 1249 2215 ἔχῃ
1290 2158 1395 2200 xum*
1423 2160 1523 2210 τούς

101 2212 384 2266 ἐρημοτάτους
410 2212 562 2261 τόπους
590 2213 806 2269 εὖκτήριον
831 2215 1163 2267 δυ’τρεπισμὲνον.
1217 2217 1370 2255 Eodem
1402 2218 1521 2256 modo

100 2269 353 2321 accipiendus
380 2269 560 2308 Balsamo
586 2270 702 2323 Resp.
724 2272 802 2317 13„
830 2271 989 2323 quando
1017 2271 1181 2310 clericos
1211 2278 1425 2310 castrenses
1450 2285 1523 2324 ap-

99 2322 223 2375 pellat
274 2320 372 2369 τοὺς
421 2319 527 2372 μετά
565 2322 643 2363 τῶν
683 2324 995 2376 αὐτοκρατόρων
1040 2322 1262 2377 κληρικοὺς
1298 2321 1523 2374 ἑπομένους

102 2376 164 2422 εἷς
190 2374 390 2424 πεδιάδας
414 2372 594 2430 ἐρήμους
610 2407 621 2425 ,
650 2393 713 2417 eos
727 2409 736 2425 ‚
756 2381 825 2433 qui
843 2380 1102 2433 Imperatores
1122 2388 1328 2433 sequuntur
1347 2381 1387 2418 in
1413 2394 1521 2418 cam-

98 2434 242 2484 panias
270 2433 461 2478 desertas,
506 2431 548 2470 h.
588 2446 624 2470 e.
660 2434 825 2472 hostiles.
882 2434 986 2472 Hinc
1022 2434 1288 2472 emendandus
1315 2434 1520 2486 Epictetus

104 2499 171 2550 {p-
187 2487 348 2525 Arrian.
368 2488 471 2526 Diss.
494 2487 526 2524 1.
552 2485 617 2536 24.
640 2501 681 2538 p.
707 2489 796 2536 143.
834 2501 873 2530 v.
909 2501 970 2526 11.
1003 2488 1066 2526 ed.
1089 2488 1276 2526 Cantabr.
1293 2503 1306 2526 ε
1347 2487 1419 2526 καί
1445 2487 1519 2528 νῦν

103 2544 223 2590 ημεῖς
261 2555 305 2590 γε
341 2540 399 2587 εἰς
441 2537 516 2592 τήν
554 2537 710 2592 ἐρήμην
747 2538 1003 2580 κατάσκοπον
1030 2540 1261 2590 πέμπομεν,
1310 2542 1420 2595 (non
1455 2543 1515 2589 εἰς

106 2588 181 2644 τὴν
202 2591 387 2647 Ῥώμην,
416 2603 460 2634 ut
486 2596 539 2634 ibi
560 2595 708 2634 editum
727 2596 829 2645 est‚)
859 2610 926 2634 nos
946 2597 1218 2649 speculatorem
1243 2598 1284 2634 in
1308 2596 1513 2647 deser-tum,

104 2647 135 2684 i.
157 2661 192 2686 e.
220 2651 342 2688 solum
365 2651 510 2698 hostile,
545 2652 739 2688 mittimus.
794 2650 888 2688 Pari
916 2650 1035 2688 modo
1053 2658 1098 2688 ut
1117 2652 1256 2688 Graeci
1285 2653 1508 2701 scriptores,

105 2702 175 2754 qui
215 2702 289 2741 sub
327 2705 597 2743 Romanorum
631 2705 796 2756 imperio
842 2703 1059 2744 floruerunt
1075 2735 1085 2753 ‚
1129 2705 1321 2758 quidquid
1349 2707 1515 2747 Romani

152 2778 411 2813 Constantinus
433 2779 606 2826 Porphyr.
644 2780 719 2814 Vol.
742 2780 787 2813 ΙΙ.
1212 2782 1250 2815 3ι
