1826 3126
203 221 278 261 An
316 219 613 262 CONSTANT.
655 217 853 260 PORPH.
892 219 964 258 DE
1002 217 1185 259 CERlM.
1227 219 1327 260 LlB.
1368 222 1400 260 1.
1457 222 1484 275 7
1502 221 1519 255 1

87 320 301 361 Monacho.
359 320 600 360 patriciatus
622 317 756 358 Caroli
782 318 840 357 M.
875 320 1045 358 maxime
1078 321 1120 358 in
1148 319 1376 360 defensione
1404 320 1530 360 eccle-

87 379 170 416 siae
193 375 446 417 consistebat.
505 374 616 413 Idem
646 380 858 427 propterea
891 388 1052 427 quoque
1085 375 1270 426 defensor
1290 376 1528 429 appellatus.

88 431 207 473 Conf.
234 446 278 485 p.
299 430 366 470 58.
425 429 568 469 Claves
585 427 755 481 sepulcri
776 428 819 467 S.
849 428 959 467 Petri
986 428 1039 468 ad
1066 429 1263 470 Patricios
1292 433 1397 470 mitti
1428 430 1533 470 sole-

88 486 202 526 bant.
259 486 391 525 Testis
410 484 586 526 Carolus
611 482 819 522 Man-tellus
846 483 897 521 Τ.
922 484 994 523 lv.
1027 498 1070 536 p.
1095 483 1190 523 282.
1222 485 1365 539 [credo
1393 487 1535 525 Mura-

89 542 183 580 torii
211 539 361 581 Annal.
387 540 426 579 d‘
446 537 592 592 ltalia]
622 537 731 577 conf.
753 552 794 591 p.
817 536 913 591 407.
971 539 1236 578 Patriciatum
1257 540 1535 594 deposuitCa·

89 595 203 635 rolus
225 597 304 646 M„
331 609 459 648 quum
487 594 746 646 Imperatoris
774 592 938 632 titulum
956 601 1175 633 assumeret
1191 624 1203 645 ‚
1231 595 1382 635 Cerem.
1418 596 1532 635 Gall.

91 665 133 704 p.
151 651 224 704 94.
259 651 568 703 'Imperatorem
592 649 684 687 Cos.
710 655 750 687 et
778 650 932 701 patricii
967 648 1158 702 dignitate
1185 651 1246 688 uti
1269 650 1434 689 solitum
1463 665 1536 704 ap-

90 711 207 759 paret
241 718 289 744 ex
325 704 355 745 l.
396 703 633 743 Hadrianus
669 710 709 743 et
741 717 851 757 seqq.
886 704 990 742 Dist.
1024 704 1177 742 LXIII.
1215 705 1322 743 cons.
1365 712 1452 744 not.
1483 705 1536 744 ad

91 761 298 800 Constant.
332 760 481 798 Donat.
509 773 551 812 p.
581 757 649 810 64.
709 757 914 798 Anastasii
941 767 981 798 et
1002 758 1144 797 Leonis
1170 768 1296 799 aetate
1323 761 1427 799 redit
1455 761 1536 799 Ro-

27 820 31 825 '
90 829 179 854 mae
202 814 436 854 Hadrianus
466 815 609 868 Papa,
646 826 674 852 a
703 827 779 869 quo
809 813 973 854 Carolus
1005 815 1252 854 Francorum
1275 815 1366 854 Rea:
1395 815 1539 854 Roma-

89 883 228 909 norum
249 871 440 925 patricius
461 869 851 920 constz'tutusfuerat‚
884 883 1118 924 regnumque
1142 868 1288 908 Italiae
1301 879 1533 925 susceperat.

93 926 279 964 Museum
298 924 388 964 Ital.
421 939 463 978 p.
492 924 564 974 41.
623 923 843 962 Patricium
873 938 916 964 se
941 924 1038 963 dicit
1066 923 1235 964 Carolus
1271 926 1330 964 M.
1363 926 1407 964 in
1446 924 1538 964 lite-

93 981 150 1020 ris
178 979 230 1021 ad
259 979 446 1020 Alexium
470 978 579 1032 apud
603 978 820 1019 Baronium
849 986 889 1018 et
920 979 1013 1018 Act.
1048 979 1091 1018 S.
1120 979 1162 1018 S.
1200 994 1327 1019 mens.
1361 979 1452 1019 Iun.
1481 980 1534 1018 T.

93 1034 126 1073 Ι.
150 1049 191 1088 p.
217 1034 312 1088 714.
373 1035 571 1074 Henricus
595 1033 668 1073 IV.
699 1034 806 1087 apud
836 1035 1030 1074 Ottonem
1050 1033 1086 1072 F
1087 1036 1347 1088 risingensem
1369 1035 1420 1074 de
1445 1035 1531 1074 reb.
1544 1041 1656 1078 ΜΛ..
1674 1042 1719 1076 23

93 1097 194 1143 gest.
231 1089 427 1129 Friderici
465 1089 730 1128 Barbarossae
763 1089 813 1129 L.
845 1089 878 1127 1.
908 1104 943 1129 c.
979 1103 1016 1128 1.
1040 1091 1256 1144 patricium
1281 1091 1458 1145 primum
1494 1104 1539 1130 se

93 1143 281 1198 appellat.
338 1143 465 1200 Apud
478 1145 692 1183 Boioariae
710 1145 907 1183 civitatem
934 1145 1200 1184 Brixinoram
1220 1167 1240 1175 -
1251 1167 1271 1175 -
1290 1146 1441 1184 cun'am
1456 1158 1537 1184 ma·

90 1213 212 1252 gnam
239 1199 470 1248 celebravit,
519 1200 587 1238 ubi
613 1200 779 1238 iniurias
804 1199 880 1237 sibi
908 1213 935 1238 a
967 1200 1148 1238 Romana
1172 1200 1355 1239 Ecclesia
1382 1202 1536 1253 irroga-

92 1263 152 1294 tas
183 1253 388 1308 qffedzcose
418 1255 686 1309 conqueritur,
726 1254 835 1309 quod
867 1255 1050 1293 videlicet
1077 1256 1164 1309 ipso
1193 1255 1428 1305 inconsulto,
1496 1257 1542 1294 ui

92 1317 281 1365 tanquam
299 1323 376 1349 mx
395 1318 434 1348 et
458 1310 649 1364 patricum
673 1310 828 1364 primus
858 1323 951 1348 suae
980 1309 1085 1348 urbis
1111 1324 1134 1348 e
1163 1310 1287 1365 iscopi
1311 1325 1391 1349 esse
1420 1310 1471 1348 de
1517 1333 1537 1340 -

94 1373 173 1413 tet,
214 1365 386 1404 Romani
415 1365 492 1404 sibi
522 1363 749 1420 ponaficem
776 1365 1068 1419 praefecissent.
1170 1367 1329 1404 enricus
1358 1365 1536 1418 Impera-

93 1425 158 1458 tor
171 1448 185 1470 ,
222 1426 270 1458 ut
301 1419 524 1459 dominium
557 1419 670 1458 urbis
702 1420 855 1458 Romae
890 1419 1091 1459 adsereret
1104 1449 1116 1470 ‚
1158 1434 1312 1459 annuos
1354 1419 1539 1459 consules

94 1473 210 1513 binos
243 1476 396 1514 creavit
409 1503 422 1525 ,
459 1487 503 1514 se
532 1476 710 1527 primum
730 1474 945 1527 patricium
970 1474 1049 1513 dici
1087 1474 1217 1514 voluit
1231 1505 1243 1527 ‚
1283 1474 1538 1527 triumphum

95 1529 268 1568 instituit
282 1558 295 1579 ‚
323 1529 365 1567 in
393 1543 474 1582 quo
500 1529 788 1568 acclamatum:
830 1530 1007 1568 Henrico
1033 1529 1216 1583 Augusto
1246 1543 1270 1567 a
1300 1529 1389 1568 Deo
1419 1542 1536 1568 coro-

95 1589 191 1622 nato
211 1606 231 1613 -
252 1606 272 1613 -
288 1583 492 1624 Ecclesiae
519 1583 716 1623 defensori
736 1585 820 1622 vita
846 1591 886 1622 et
903 1585 1087 1622 victoria.
1146 1583 1328 1622 Goldast.
1351 1583 1403 1622 ad
1418 1583 1538 1636 Egin·

96 1637 212 1676 hard.
240 1652 283 1691 p.
322 1637 469 1692 17o.]*
526 1638 612 1676 Iam
657 1639 846 1691 antiquus
887 1645 972 1676 erat
1011 1637 1151 1676 titulus
1188 1638 1318 1692 primi
1343 1639 1538 1692 patricii,

95 1693 203 1731 idem
236 1691 376 1733 valens
405 1700 527 1745 atque
553 1693 739 1760 lyr-inceps
765 1692 955 1740 Senatus,·
993 1692 1107 1731 cuius
1144 1695 1202 1730 rei
1227 1692 1404 1745 exempla
1427 1692 1540 1731 dedit

96 1747 166 1786 Du
183 1748 319 1802 Gange
347 1760 389 1786 v.
426 1760 665 1799 πατρικιος,
697 1748 810 1786 cuius
840 1754 1058 1800 utrumque
1077 1746 1345 1797 Glossarium,
1376 1747 1446 1786 sed
1466 1748 1538 1786 La-

94 1803 226 1842 tinum
255 1804 493 1855 praecipue,
534 1801 740 1856 praeclara
773 1801 900 1840 multa
939 1802 990 1840 de
1025 1802 1209 1841 Patriciis
1243 1802 1388 1841 veteris
1430 1802 1538 1840 iuxta

23 1868 26 1869 ’
96 1864 137 1896 et
164 1859 398 1898 recentioris
428 1858 518 1897 aevi
544 1855 675 1896 docet.
735 1855 956 1911 *[Clemens
983 1856 1048 1895 ΙΙ.
1087 1858 1291 1895 coronavit
1320 1857 1540 1895 Hem-icum

96 1911 162 1952 II.
191 1921 231 1952 et
256 1926 422 1952 uxorem
447 1911 660 1965 Agnetem‚
704 1925 784 1967 qua
804 1913 1004 1951 occasione
1029 1913 1208 1950 izv-arunt
1237 1911 1408 1950 Romam·
1434 1912 1538 1950 nolle

96 1981 137 2006 se
154 1981 326 2023 unquam
343 1967 571 2023 pontificem
597 1967 740 2022 absque
763 1966 1022 2021 Imperatoris
1045 1966 1242 2004 voluntate
1263 1967 1420 2018 eligere.
1451 1966 1482 2003 I
1504 1967 1543 2004 si

49 2076 51 2078 Ι
90 2030 298 2076 praeterea
323 2023 375 2062 de
408 2037 486 2062 uno
510 2031 775 2061 oonoessenmt
797 2023 1075 2076 patriciacum,
1118 2029 1232 2075 utque
1257 2027 1418 2076 pmete'r
1450 1981 1535 2059 lfa-

91 2077 880 2194 ifss'ssff'd‘gff'n‘iffissffiffiffssffl
889 2078 1236 2170 ffiffi‘ff‘ffss‘iffi..
1251 2075 1532 2193 ,fiffmfssffibz

97 2186 1130 2294 ἵζ’ἓέἒῗοῷἇὲἕέἓζῗὶίαῗῗῗήηὲἒξήζιῗῗζὲᾧξῗξ.
1149 2184 1536 2292 Ρᾷᾞέῗῗέρέἒέῗῖζ

98 2303 139 2335 et
166 2303 378 2350 propterea
397 2298 588 2348 patricius
613 2297 818 2335 Romanus
847 2296 924 2335 fuit
953 2296 1095 2334 dictus.
1154 2294 1291 2333 Berth.
1326 2294 1463 2332 Const.
1484 2294 1536 2332 ad

97 2350 151 2389 A.
187 2351 304 2391 1061.
349 2351 466 2390 Conf.
492 2351 713 2390 Hermanni
743 2351 948 2390 Contracti
968 2351 1019 2389 ad
1044 2348 1216 2388 eundem
1234 2362 1397 2387 annum.
1435 2349 1536 2387 Otto

96 2405 204 2445 Fris.
233 2407 282 2446 L.
313 2405 390 2444 Vl.
418 2420 456 2445 c.
483 2405 551 2456 54.
609 2406 719 2445 Petr.
747 2406 862 2445 Diae.
893 2406 966 2444 ΙΙΙ.
1001 2419 1067 2443 21.
1126 2404 1268 2442 Lamb.
1302 2402 1532 2443 Schaffnab.

103 2460 221 2500 1063.
251 2467 291 2500 et
317 2458 404 2511 64-
444 2459 605 2513 Vghelli
638 2461 689 2499 T.
715 2461 768 2499 ΙΙ.
808 2462 850 2499 in
870 2462 955 2499 vita
978 2457 1138 2498 Caedoli
1159 2473 1202 2512 p.
1229 2471 1325 2497 211.
1382 2458 1534 2497 Intelli-

98 2515 206 2568 gitur
230 2529 275 2554 ex
295 2514 417 2554 modo
441 2513 604 2553 laudato
634 2515 780 2554 Leonis
806 2516 1003 2554 Ostiensis
1033 2513 1122 2552 loco
1137 2541 1148 2562 ‚
1178 2511 1276 2566 quid
1298 2514 1349 2552 sit
1370 2513 1536 2551 circulus

94 2571 318 2623 patric-iulis
335 2598 347 2619 ‚
385 2572 497 2608 cuius
527 2571 708 2609 meminit
733 2571 862 2609 Benzo
888 2571 929 2608 in
962 2569 1159 2621 Panegyr.
1196 2567 1359 2607 Heni-ici
1392 2568 1463 2605 111.
1490 2581 1531 2619 p.

106 2623 222 2675 1064.
247 2639 260 2663 ε
292 2625 462 2663 Romam·
486 2626 528 2662 in
550 2625 684 2663 melius·
708 2625 904 2663 recordati
927 2624 1191 2663 convenientes
1220 2624 1263 2661 in
1290 2636 1407 2661 unum
1434 2634 1533 2675 pro-

101 2680 254 2718 mittunt
278 2679 486 2718 emendare
539 2679 706 2734 uidquid
721 2688 981 2734 peccaverunt
1000 2680 1042 2716 in
1070 2690 1195 2729 regem
1215 2691 1395 2732 puerum.
1456 2676 1535 2714 Ita-

101 2746 174 2785 que
213 2735 368 2773 miuunt
399 2742 437 2772 et
465 2694 709 2784 chlamydem
724 2764 735 2782 ,
782 2735 938 2773 nu'tram
953 2762 964 2781 ‚
1006 2732 1192 2771 annulum
1219 2741 1258 2770 et
1284 2731 1535 2786 patrzet'alem

102 2787 286 2827 cti-culum
309 2802 386 2842 per
411 2789 627 2842 episcopos,
656 2803 734 2843 per
751 2788 973 2827 cardinales
991 2796 1104 2841 acque
1132 2795 1337 2826 senatores.
1358 2810 1376 2817 -
1398 2785 1534 2823 Visum
