1826 3126
296 155 369 209 26
570 175 644 214 10.
689 172 793 214 mc.
833 172 1030 211 RmsKu
1071 169 1448 214 communali

292 277 367 315 dis.
427 276 588 315 Glossae
614 282 721 314 certe
749 281 789 313 et
804 273 871 313 alii
887 280 1039 314 veteres
1055 288 1180 313 unam
1197 288 1334 314 vocem
1350 289 1420 329 per
1437 275 1603 317 alteram
1621 277 1741 332 expo-

291 338 411 370 nunt.
470 331 548 370 Sed
580 345 626 370 ex
658 338 797 370 nostro
813 329 1074 369 Ceremoniali
1106 337 1214 384 patet
1229 360 1240 382 ,
1274 331 1450 371 diversos
1479 333 1554 373 hos
1582 333 1635 373 ab
1669 334 1746 374 illis

291 387 427 426 fuisse.
487 387 718 426 Coetonitae
744 392 904 425 tantum
921 386 1107 424 Coetonis
1135 400 1206 425 seu
1234 387 1472 428 Dormitorii
1501 402 1638 428 curam
1668 389 1743 429 ha-

291 442 443 481 bebant
457 471 469 491 ,
505 449 545 480 et
567 449 784 481 nocturnas
803 441 1000 480 curabant
1024 442 1126 480 sacri
1155 444 1331 495 corporis
1349 444 1624 484 necessitates:
1661 445 1743 484 Cu—

292 497 475 537 bicularii
493 505 627 536 autem
645 498 825 537 diurnas.
882 497 984 536 Erat
1000 505 1135 536 autem
1150 497 1298 537 horum
1313 497 1488 538 officium
1503 501 1714 555 praecipue
1731 530 1744 552 ,

290 561 338 592 ut
354 553 559 592 vestiarias
587 567 699 593 arcas
724 554 1019 607 depromerent,
1053 561 1094 593 et
1117 568 1198 607 quo
1214 567 1328 606 opus,
1368 563 1643 609 apportarent,
1679 569 1744 595 re-

290 615 488 662 ponerent
515 623 654 648 rursus
683 615 723 648 et
753 617 1016 648 asservarent.
1076 610 1154 663 Ipsi
1180 616 1315 648 tamen
1344 623 1427 649 non
1460 612 1746 665 Imperatorem

293 664 516 703 induebant
533 679 544 715 3
577 665 804 719 pertinebat
820 665 926 704 enim
943 665 984 703 id
1001 664 1179 704 officium
1195 665 1246 703 ad
1263 667 1469 705 vestitores
1485 696 1498 717 ‚
1535 666 1585 706 de
1600 667 1749 721 quihus

293 734 406 759 mox.
464 721 546 770 Qui
580 721 922 760 cubiculariorum
939 720 1016 760 hac
1049 721 1317 760 sollicitudine
1350 721 1639 776 fungerentur,
1673 737 1748 762 au-

295 776 415 815 diunt
447 775 490 814 in
520 783 657 816 nostro
692 775 954 815 Ceremoniali
991 770 1031 816 οἷ
1059 776 1143 816 τῶν
1173 774 1414 826 finagium
1447 778 1524 816 τοῦ
1551 778 1751 829 Κουβου-

291 829 430 870 >cheam
448 861 460 881 ‚
504 833 699 886 praaeffizcti
735 833 1030 871 mutatoriorum
1069 832 1251 871 cubiculi.
1309 831 1391 871 Alii
1427 832 1624 871 curabant
1637 862 1649 883 ,
1702 839 1749 872 ut

294 885 527 925 cubiculum
545 887 718 941 Augusti
734 888 907 927 nitidum
927 895 1027 927 esset
1047 917 1059 938 ,
1095 895 1135 926 et
1150 887 1192 926 hi
1210 895 1326 926 erant
1343 895 1526 927 veterum
1543 887 1746 941 στρῶται.

297 942 384 981 vid.
419 941 621 982 Athenae.
654 959 697 998 p.
729 944 799 994 48.
833 950 903 982 aut
937 939 975 982 οἱ
1004 940 1076 982 ἐπὶ
1101 946 1195 989 ταῖς
1222 940 1426 982 παστάσιν
1454 938 1655 994 ἑστῶτες,
1702 950 1750 983 ut

294 996 542 1051 Anthologia
558 1013 599 1052 p.
622 1000 672 1038 32
692 1015 704 1039 ε
744 999 811 1038 alii
838 1006 979 1054 potum
1012 998 1239 1038 inferebant
1271 998 1323 1038 ad
1351 1013 1504 1038 sacram
1538 1012 1716 1038 mensam
1735 1029 1747 1049 ,

295 1052 362 1092 alii
378 1053 660 1107 praelegebant
675 1085 686 1105 ,
719 1069 822 1109 quae
852 1056 1065 1108 imperaret
1082 1056 1306 1108 Imperator
1322 1053 1397 1093 sibi
1414 1055 1464 1094 de
1482 1054 1586 1093 libro
1602 1054 1750 1107 scripto

292 1109 477 1159 recitari3
522 1109 589 1149 alii
626 1125 759 1150 cereos
786 1110 969 1150 ardentes
995 1110 1214 1162 tenebant,
1248 1124 1349 1164 quos
1366 1111 1588 1164 Imperator
1609 1110 1650 1149 in
1666 1109 1748 1149 Ec-

294 1163 431 1203 clesias
449 1165 703 1206 devotionem
735 1181 849 1206 suam
879 1167 1025 1205 faciens
1055 1181 1079 1205 a
1097 1166 1330 1220 Praeposito
1360 1173 1562 1220 porrectas
1595 1166 1637 1204 in
1662 1179 1750 1204 ma-

294 1233 372 1258 nus
397 1220 579 1261 sumebat
598 1252 610 1273 ,
645 1229 716 1261 aut
742 1223 849 1275 apud
877 1237 1006 1261 sacras
1036 1222 1226 1275 imagines
1255 1221 1521 1275 depangebat.
1579 1219 1662 1259 Alii
1682 1235 1749 1259 ca-

295 1274 447 1314 nebant
464 1283 503 1314 et
521 1278 714 1316 musicam
743 1277 980 1317 exercebant
1006 1292 1141 1316 coram
1169 1278 1443 1330 Imperatore3
1479 1276 1547 1316 alii
1575 1275 1749 1315 oblatio-

294 1344 366 1370 nes
380 1360 392 1381 ,
427 1345 526 1385 quas
550 1333 772 1387 Imperator
802 1335 844 1372 in
868 1333 983 1372 altari
1010 1333 1261 1387 depositurus
1285 1340 1386 1372 esset
1402 1362 1414 1382 ,
1457 1332 1640 1371 ferebant
1658 1361 1671 1382 ‚
1708 1337 1750 1371 et

296 1386 460 1425 domino
477 1402 549 1441 per
563 1403 705 1428 manus
722 1390 941 1443 Praepositi
957 1390 1018 1428 sui
1032 1388 1274 1440 tradebant3
1309 1388 1376 1427 alii
1394 1387 1593 1427 faciebant
1609 1387 1749 1426 orbem

295 1442 401 1481 circa
436 1443 721 1496 Imperatorem
738 1475 750 1497 ,
780 1445 942 1499 quando
975 1445 1016 1484 in
1030 1443 1232 1484 Ecclesiae
1261 1443 1461 1483 vestibulo
1493 1450 1564 1482 aut
1596 1442 1752 1482 calceos

297 1505 369 1536 aut
384 1506 511 1537 vestes
525 1507 699 1540 mutaret
712 1531 723 1552 ,
760 1509 831 1540 aut
845 1508 965 1554 caput
987 1500 1158 1540 nudaret
1186 1499 1414 1539 induendae
1431 1497 1584 1539 infulae
1598 1512 1720 1537 causa
1737 1527 1749 1548 ‚

296 1567 349 1591 ne
367 1554 515 1593 scilicet
531 1569 554 1593 a
572 1555 741 1596 barbato
756 1557 931 1610 quodam
946 1557 1074 1609 capite
1090 1556 1225 1594 nudus
1245 1555 1556 1608 conspiceretur.
1613 1552 1748 1592 Multa

300 1607 379 1648 alia
411 1617 526 1649 erant
543 1610 671 1650 officia
688 1611 1043 1651 cubiculariorum.
1076 1611 1264 1650 Habebat
1281 1625 1442 1665 quoque
1461 1610 1644 1663 Augusta
1663 1623 1756 1648 suas

299 1664 580 1705 cubicularias.
634 1666 750 1722 *[Dc
781 1683 926 1722 magno
957 1667 1203 1706 cubiculario
1233 1668 1380 1720 Imper.
1411 1665 1497 1706 vid.
1527 1663 1753 1704 Villehard.

299 1734 393 1774 pag.
417 1721 515 1760 301.
535 1737 628 1761 cum
657 1730 746 1763 not.
762 1724 831 1762 Du
850 1723 1062 1778 Cangii.]*
1102 1723 1180 1762 Sed
1195 1723 1411 1762 fueruntne
1435 1721 1555 1760 iidem
1586 1720 1755 1758 silentm-

300 1777 358 1813 rii
385 1783 424 1815 et
451 1777 681 1818 cubicularii
695 1783 716 1817 ἵ)
755 1786 826 1818 aut
855 1779 986 1818 saltim
1002 1809 1014 1830 ,
1059 1778 1276 1817 fueruntne
1311 1776 1520 1817 silentiarii
1554 1773 1755 1828 peculiare

300 1832 504 1884 quoddam
539 1849 663 1887 genus
697 1834 1066 1874 cubiculariorum?
1119 1835 1224 1872 Sane
1250 1832 1361 1872 illam
1389 1830 1567 1886 prodidit
1596 1830 1754 1884 opinio-

298 1900 393 1926 nem
411 1887 630 1930 Alemanus
649 1891 690 1929 in
710 1891 815 1930 notis
833 1891 884 1929 ad
905 1890 1090 1942 Procopii
1110 1889 1316 1928 historiam
1333 1901 1537 1927 arcanam.
1578 1885 1756 1927 Fallitur

303 1950 437 1982 autem
464 1945 606 1997 procul
639 1945 764 1985 dubio
790 1946 854 1984 vir
882 1946 1144 1985 doctissimus.
1202 1944 1296 1985 Non
1319 1950 1479 1982 tantum
1509 1941 1617 1981 enim
1635 1941 1755 1980 Cere-

301 1999 474 2038 ‘moniale
508 2008 692 2040 nostrum
733 2001 1010 2040 Cubicularios
1043 2015 1066 2039 a
1097 1999 1331 2039 silentiariis
1365 1999 1573 2053 perspicue
1611 1997 1756 2036 distin-

305 2055 391 2107 guit
409 2084 421 2103 ,
455 2056 525 2095 sed
543 2057 662 2096 etiam
691 2057 769 2096 hoc
795 2057 947 2110 liquido
965 2055 1108 2096 refellit
1137 2070 1230 2094 eum
1259 2055 1369 2109 quod
1391 2069 1433 2109 p.
1455 2053 1524 2106 4ι.
1542 2054 1574 2092 Β
1602 2059 1643 2092 et
1660 2051 1757 2091 alibi

306 2111 431 2148 nostri
459 2113 588 2165 operis
626 2113 958 2164 σελεντιαρίσσαι
973 2143 984 2162 ,
1007 2126 1161 2153 ‚az-ores
1188 2111 1497 2150 silentiar-iorum
1524 2121 1762 2148 commemo-

308 2172 466 2204 rantur.
507 2168 543 2205 N
547 2182 600 2207 on
626 2175 741 2207 erant
756 2181 851 2221 ergo
868 2167 1082 2206 Silentiarii
1099 2166 1310 2220 spadones,
1327 2164 1654 2220 quandoquidem
1669 2177 1759 2202 ma-

307 2221 414 2260 ritati
441 2230 571 2262 erant.
631 2223 757 2278 Atqui
784 2222 1020 2262 cubicularii
1051 2221 1251 2261 debebant
1277 2235 1414 2262 omnes
1439 2220 1598 2260 castrati
1629 2233 1742 2281 esse3

413 2278 461 2316 B.
476 2277 516 2328 4.
533 2278 596 2332 [6,
610 2279 673 2334 4.]
702 2279 758 2335 τῷ
776 2273 1005 2318 κατεπάνω.
1044 2277 1261 2317 Peculiaris
1282 2278 1453 2331 dignitas
1469 2283 1530 2316 est
1546 2272 1568 2315 ὃ
1584 2287 1759 2314 κατεπα-

309 2345 381 2383 roe,
400 2333 508 2371 unde
524 2335 785 2387 depravatum
801 2333 913 2373 fluxit
932 2334 1131 2389 Catapani
1144 2348 1290 2372 nomen
1305 2335 1348 2372 in
1363 2332 1530 2372 historia
1546 2329 1697 2384 Apula,
1717 2335 1758 2368 et

306 2394 450 2440 putant
493 2390 657 2442 quidam
686 2390 890 2444 Capitanei
934 2403 1080 2428 nomen
1123 2389 1215 2428 inde
1245 2389 1479 2428 deductum.
1537 2384 1772 2441 Guilielmor

309 2442 445 2495 Apulo
491 2444 532 2482 in
563 2446 683 2485 rebus
717 2447 1043 2485 Normannorum
1076 2444 1184 2497 apud
1215 2446 1285 2483 Du
1321 2444 1454 2497 Cange
1485 2441 1536 2481 ad
1570 2439 1756 2479 Alexiad.

308 2512 350 2550 p.
390 2512 482 2552 229.
516 2507 573 2538 cst
609 2502 805 2557 Catapan.
866 2502 947 2557 Qui
974 2501 1155 2555 Catapcm
1182 2501 1326 2552 ficerat
1357 2500 1597 2538 Graecorum
1625 2497 1763 2534 mzksus

308 2553 358 2591 ab
387 2555 494 2592 urhe.
552 2555 669 2595 Conf.
705 2558 816 2596 Idem
849 2573 891 2611 p.
930 2555 1040 2607 275„
1079 2555 1149 2593 ubi
1187 2556 1270 2606 ait,
1305 2554 1485 2609 quemvis
1515 2551 1759 2606 praefectum

310 2610 538 2660 provinciae
563 2610 786 2664 designare.
843 2611 926 2667 *[A
947 2611 1107 2650 Graecis
1137 2611 1330 2663 originem
1361 2610 1472 2648 ducit
1503 2605 1759 2661 magistratus

311 2664 483 2716 Apuliae
517 2671 556 2704 et
590 2666 777 2720 Neapolis
810 2669 974 2707 Str-acici
998 2677 1035 2706 et
1064 2667 1253 2721 Capitani
1270 2696 1281 2714 ,
1331 2665 1441 2719 quod
1473 2663 1607 2702 adhuc
1638 2660 1767 2700 hodie.

298 2733 455 2759 -nomen
501 2729 693 2773 superest.
751 2725 976 2777 Dignitates
1010 2721 1113 2761 Galli
1161 2736 1183 2760 a
1218 2722 1361 2760 Gothis
1395 2719 1589 2758 habuere.
1637 2715 1756 2779 Cquf.

311 2774 474 2814 Frcccia
493 2775 542 2814 de
561 2777 676 2816 Subf.
695 2786 733 2816 et
754 2780 959 2819 Giannon.
976 2793 1019 2832 p.
1037 2778 1130 2828 243.
1151 2775 1284 2830 sqq-*J*
1316 2777 1469 2815 verum
1490 2771 1511 2812 ὄ
1542 2784 1761 2812 κατεπανω
