1884 3132
205 167 284 210 An
321 163 846 209 CONSTANT.PORP11.
883 165 955 206 DE
994 162 1175 205 cmm.
1216 163 1313 203 Lm.
1353 163 1408 223 ιι.
1449 141 1561 215 637

129 267 433 332 Impem'tooem,
479 282 520 307 se
559 266 747 306 mandata
785 265 1005 320 perfecisse.
1071 265 1274 327 Quorsum
1318 264 1425 303 enim
1455 277 1558 317 opus

133 332 219 365 erat
245 324 406 363 nomina
434 336 571 363 eorum
596 322 637 360 in
664 323 812 373 scripto
839 319 1041 369 exhibere,
1081 333 1183 372 quae
1210 321 1290 358 iam
1325 318 1426 358 orali
1453 318 1557 357 rela-

129 377 592 432 tionedsignificassent?
657 375 769 414 Nihil
810 382 943 413 tamen
983 388 1101 412 ausus
1128 373 1194 412 hic
1231 373 1289 412 fui
1332 375 1373 412 in
1406 373 1558 412 Latinis

134 447 318 481 movere,
363 440 432 472 aut
459 446 483 471 a
507 431 668 470 Graecis
711 429 925 469 discedere.
982 429 1045 467 De
1072 442 1182 466 more
1208 435 1342 467 ternos
1368 430 1477 468 viros
1504 429 1556 466 ad

130 491 398 542 episcopatum
440 485 720 526 denominandi
741 514 753 534 ‚
781 497 951 537 quorum
990 497 1115 521 unum
1144 484 1282 536 primis
1308 483 1555 536 tempe-ribus

125 545 350 592 ordinator,
410 548 451 582 et
493 542 676 593 deinceps
716 540 935 592 Imperator
978 537 1137 592 eligeret
1164 568 1178 590 ‚
1233 539 1311 592 egit
1354 539 1555 578 Hahertus

126 611 173 652 p·
191 597 289 652 459·

233 654 286 692 A,
305 651 344 693 8
372 651 483 707 [564,
512 665 551 690 11
563 649 597 705 .]
624 649 695 701 ἐγ)
696 646 871 702 (τάφους.
902 648 1116 712 Syntagma
1134 647 1397 701 patriarchale
1431 649 1552 701 (apud

126 707 349 748 Habertum
372 722 415 760 p.
437 706 514 760 477
521 705 582 759 .):
612 703 854 768 ὥρι’σθησαν
881 700 920 742 οἱ
953 696 1148 753 ἄρχοντες
1176 702 1254 742 τοῦ
1279 703 1551 766 πατριαρχεί-

124 775 175 802 ov
203 776 274 802 και
301 759 339 802 οἱ
366 761 574 813 ἀρχιερεῖς
602 756 818 824 ἐγγράᾳως
843 772 890 809 γι
893 757 1175 819 ωμοὸοτησαι
1213 771 1283 795 και
1313 754 1552 810 προεβλίθη

123 813 196 856 διὰ
229 815 540 869 προστάγματος
568 811 778 862 ΙΠᾰξιμος,
851 813 1001 851 Vocem
1039 806 1285 876 πρόσταγμα
1323 825 1406 851 non
1444 819 1551 851 recte

123 873 276 924 aceepit
300 871 358 910 ibi
389 869 604 909 Habertus.
673 868 746 907 Est
772 869 878 906 enim
905 881 985 906 non
1007 895 1019 916 ‚
1049 866 1157 919 quod
1186 868 1268 919 ipse
1294 866 1415 916 vult,
1444 868 1552 906 desi-

121 929 258 979 gnatio
282 927 491 965 nominum
517 923 818 962 candidatorum
846 921 1131 974 patriarchatus
1158 923 1390 986 Imperatori
1420 937 1443 962 a
1461 935 1552 976 pro·

119 981 276 1020 ceribus
307 979 543 1034 patriarchei
582 979 727 1031 scripto
755 977 952 1026 exhibita,
993 977 1062 1015 sed
1089 978 1174 1043 ipsa
1201 973 1453 1029 πρόβλησις,
1484 993 1548 1017 oe-

118 1036 320 1075 nuntiatio
372 1049 420 1074 ex
448 1035 701 1098 Imperatoris
745 1046 815 1071 ore
855 1032 1052 1097 prosecta,
1084 1046 1110 1083 η
1140 1030 1335 1093 ομολογύι
1365 1033 1441 1070 τοῦ
1467 1034 1550 1083 βα-

122 1089 272 1156 σιλέῳς
301 1085 371 1128 διὰ
398 1087 598 1138 στόματος
626 1086 802 1136 οικείου,
841 1100 899 1132 ως
926 1086 1086 1137 στέργει
1112 1082 1186 1126 τὸν
1210 1085 1422 1137 ἐκλεγέντα
1450 1086 1551 1139 παρ’

123 1141 256 1196 αὐτῆς
286 1143 572 1197 ἐψηφισμένον
599 1149 694 1191 etc.‚
722 1149 769 1180 ut
796 1141 851 1180 ait
867 1141 1041 1196 Symeon
1054 1140 1412 1181 Thessalonicensis
1440 1143 1548 1196 apud

120 1198 190 1237 Du
221 1199 413 1251 Cangium
440 1213 481 1237 v.
513 1192 752 1249 πρόβλησις.

231 1254 287 1292 A.
315 1268 376 1292 11.
408 1251 520 1307 [564,
546 1253 606 1291 ι5.
610 1250 626 1304 ]
649 1265 684 1290 ει
716 1251 762 1291 δὲ
789 1250 862 1290 καί
887 1246 947 1302 μή
974 1264 1020 1303 γε
1058 1258 1133 1291 etc.
1193 1251 1371 1304 Apparet
1397 1265 1442 1290 ex
1470 1251 1547 1291 hoc

122 1308 250 1359 capite
261 1314 302 1346 et
315 1307 392 1346 hoc
410 1308 616 1360 praecipue
634 1306 738 1355 loco,
758 1302 835 1358 τὴν
862 1305 1089 1357 πρόβλησιν
1115 1321 1184 1346 seu
1213 1308 1546 1346 renuntiationem

122 1361 376 1413 Imperatoris
393 1375 471 1400 non
495 1362 613 1400 fuisse
630 1375 714 1399 mer
715 1375 793 1408 am,
818 1369 862 1399 ut
873 1362 1045 1414 Symeon
1060 1361 1419 1400 Thessalonicensis
1439 1361 1543 1409 vult,

119 1412 439 1466 συγκατάθεσιν,
462 1418 723 1454 assensionem
738 1421 777 1452 et
793 1418 1115 1453 contestationem
1133 1430 1227 1454 suae
1237 1417 1546 1467 acquiescentiae

119 1470 163 1508 in
190 1473 391 1522 proposito
406 1470 630 1519 candidato,
648 1469 716 1507 sed
731 1469 850 1521 pleno
875 1483 968 1508 cum
985 1471 1070 1507 iure
1086 1472 1409 1508 constitutionem
1440 1473 1540 1519 eius,

119 1538 239 1576 quem
267 1539 340 1577 pro
366 1539 437 1564 suo
466 1524 591 1563 libero
619 1524 807 1573 arbitrio,
837 1538 860 1562 a
894 1524 1001 1562 clero
1030 1525 1347 1563 commendatum
1373 1538 1446 1563 nec
1475 1540 1544 1577 ne,

117 1578 214 1618 velit
239 1579 375 1618 iubeat
401 1579 667 1632 patriarcham
706 1592 803 1617 esse.
860 1577 1086 1616 Voluerunt
1121 1579 1281 1631 quidem
1309 1580 1449 1617 Graeci
1478 1594 1543 1619 sa-

117 1633 295 1672 cerdotoe
316 1635 453 1686 iugum
479 1634 555 1672 hoc
582 1633 864 1686 dependentiae
882 1647 975 1671 suae
1002 1646 1026 1671 a
1051 1640 1246 1686 potestate
1271 1633 1462 1672 saeculari
1475 1649 1544 1674 ex·-

116 1695 268 1738 cutem,
299 1689 508 1742 verbisque
525 1689 705 1741 captiosis
731 1687 827 1726 illuc
842 1689 949 1727 viam
976 1688 1050 1726 sibi
1076 1696 1250 1727 sternere
1277 1688 1540 1728 studuerunt:

117 1743 186 1781 sed
214 1757 339 1796 aeque
363 1743 442 1782 illis
482 1751 601 1796 atque
628 1744 778 1781 Latinis
805 1757 884 1781 non
922 1746 1118 1781 successit.
1174 1743 1311 1782 Verba
1337 1744 1543 1797 Symeonis

114 1796 215 1836 haec
241 1805 348 1836 sunt.
406 1798 477 1837 Ait
506 1800 790 1851 Imperatorem
818 1798 925 1836 hunc
952 1795 1136 1836 ecclesiae
1153 1797 1347 1837 honorem
1373 1798 1536 1847 habere,

117 1858 167 1889 ut
191 1852 424 1904 profiteatur
446 1867 517 1891 ore
537 1867 624 1902 suo,
653 1854 694 1890 in
724 1860 814 1891 actu
843 1853 1169 1914 renuntiationis,
1201 1851 1257 1898 ὥς
1282 1852 1440 1903 στέργει
1466 1850 1539 1892 τὸν

114 1904 327 1957 ἒκλεγέντα
351 1907 448 1959 παρ’
477 1906 609 1959 αιῖτῆς
635 1906 932 1973 ἐψηφισμένων
964 1920 1041 1957 την
1067 1906 1284 1958 ἐκκλησίαν
1309 1908 1541 1956 ποιμαίνειν

114 1944 468 2022 καταδεξάμενον,
496 1976 564 2000 και
594 1961 638 2000 ἐν
666 1962 718 2015 τῇ
745 1959 840 2015 ἁγία
885 1959 1034 2012 Τριάὸι
1071 1962 1122 2015 τῆ
1149 1961 1436 2027 ὁωρησαιιὲιῃ
1442 1975 1539 2001 του-

110 2027 167 2079 τιζι
195 2010 271 2066 τήν
296 2016 535 2064 βασιὶείαν,
566 2012 652 2066 ἔχει
682 2002 858 2082 [gratum
886 2024 925 2054 et
954 2023 1156 2081 acceptum
1178 2015 1336 2069 habet‚]
1364 2030 1432 2056 και
1461 2011 1537 2055 αὖ-

110 2082 184 2116 τος
201 2067 531 2132 α’ρχιεπάικοπον
570 2072 678 2110 ΚΠ.
706 2070 800 2115 νέας
824 2069 984 2133 Ῥώιιης
1017 2084 1087 2109 και
1126 2066 1406 2119 οικουμενικὸν
1446 2085 1537 2109 πα-

110 2120 342 2189 τριᾰρχην,
371 2122 422 2161 οὗ
449 2123 532 2176 μὴν
568 2125 732 2191 ἐνεργεῖ
765 2121 890 2163 αῧτόν
918 2121 1065 2175 αὐτὸς,
1108 2123 1203 2164 ουδὲ
1230 2123 1378 2163 δίδωσι
1406 2121 1536 2180 τούτω

110 2192 178 2228 τι,
227 2175 334 2216 ἀλλὰ
375 2183 613 2231 συμφροιεῖ
647 2177 719 2218 καί
745 2179 1021 2219 ἐπακοὶουθεῖ
1042 2179 1098 2233 τῷ
1126 2175 1244 2234 ἔργω.
1298 2179 1416 2219 Falsa
1440 2188 1535 2219 sunt

108 2231 210 2272 haec
234 2239 343 2284 posti
344 2247 459 2271 ema.
506 2247 583 2272 non
615 2243 742 2273 tamen
771 2236 813 2272 ἱιι
838 2236 1088 2286 fimctzonem
1131 2243 1169 2273 et
1194 2235 1423 2272 exercitium
1448 2249 1535 2273 ma-

109 2290 212 2326 neris
236 2301 321 2325 eum
358 2289 440 2350 ipse
473 2287 696 2342 Imperator
718 2290 910 2335 1mmitti‚t
945 2304 1064 2343 neque
1096 2289 1167 2327 dat
1200 2290 1279 2342 ipst
1303 2289 1532 2343 qmdquam,

106 2342 179 2380 sed
208 2351 392 2380 οοιιςεηίιῐ
423 2351 460 2380 et
505 2345 710 2397 acqm't’sczt
746 2345 807 2381 rei
841 2358 920 2382 tam
952 2353 1067 2382 antea
1098 2344 1295 2397 perfectae
1324 2344 1375 2381 ab
1409 2343 1531 2392 alcis,

107 2397 214 2434 velut
239 2397 478 2451 pedisequus·
485 2411 589 2450 pone
612 2412 782 2452 sequens.
840 2398 884 2436 Si
914 2412 1008 2436 vera
1034 2398 1129 2436 haec
1157 2404 1264 2445 sunt,
1295 2398 1444 2436 nemini
1462 2413 1533 2436 un·

110 2464 229 2502 quam
253 2451 377 2488 ullam
404 2451 635 2504 dignitatem
661 2452 900 2490 saecularem
927 2452 1095 2491 contulit
1122 2452 1356 2505 Imperator,
1383 2452 1453 2490 sed
1479 2453 1532 2491 ab

109 2503 205 2556 ipsis
230 2504 435 2544 honoratis
462 2520 527 2544 ari
529 2513 658 2559 eptam
686 2507 961 2545 tantummodo
989 2520 1182 2545 consensu
1203 2521 1275 2546 suo
1289 2535 1300 2556 ,
1330 2521 1448 2559 quem
1469 2521 1535 2546 ne·

109 2571 203 2609 gare
229 2573 309 2598 non
336 2562 536 2613 potuerit,
580 2561 842 2599 confirmavit.
908 2561 1059 2599 Eadem
1097 2562 1202 2599 enim
1229 2561 1421 2608 formula,
1450 2575 1530 2615 qua

109 2611 316 2664 dignitates
343 2622 383 2653 et
428 2615 556 2653 officia
595 2629 852 2667 quaecunque
880 2615 956 2654 alia
997 2615 1131 2654 confe1
1132 2615 1252 2654 ebat
1282 2616 1427 2655 Nostra
1453 2631 1532 2670 per

107 2665 237 2704 Deum
268 2671 445 2708 maiestas
467 2679 572 2708 creat
598 2679 635 2708 et
662 2672 853 2709 renuntiat
877 2679 913 2708 te
950 2671 1067 2708 talem
1093 2671 1162 2708 ml
1200 2671 1332 2720 talem,
1360 2671 1529 2723 patriar-

107 2719 269 2760 chatum
294 2737 451 2777 quoque
477 2724 720 2764 conferebat.
778 2726 891 2777 Quae
908 2724 1123 2765 mentiendi
1150 2724 1391 2779 impudentia
1423 2724 1523 2765 illud
