1884 3132
263 115 372 174 538
569 135 640 179 1o.
679 135 784 185 1Ac.
821 138 1017 180 nmsssn
1057 138 1436 184 COMMENTARH

258 255 383 291 ματα.
439 239 547 295 Ergo
575 241 753 282 tribones
780 250 818 283 et
842 243 1016 284 tribonia
1055 252 1148 284 sunt
1174 245 1266 285 illae
1293 254 1421 287 vestes
1449 245 1539 287 Iesu
1566 247 1688 290 Chri-

259 297 308 334 sti
339 302 377 333 et
405 295 687 349 Apostolorum
719 298 758 337 in
787 306 968 339 veterum
995 299 1247 339 ecclesiarum
1274 303 1467 353 musivis,
1495 317 1598 356 quae
1624 304 1693 345 lit-

258 357 367 389 teras‘
390 359 428 390 et
456 352 601 405 figuras
629 353 770 392 litteris
797 353 943 394 similes
959 385 971 407 ‚
999 355 1068 394 sed
1097 356 1326 409 ignorabilis
1364 357 1659 411 significationis
1675 389 1689 411 ,

258 409 484 458 conspectui
513 408 632 458 dant,
661 409 956 462 perii-equentes
976 410 1082 463 apud
1111 411 1365 465 Ciampinum
1382 420 1553 467 utroque
1578 421 1694 454 tomo

257 460 454 501 Veterum
475 464 842 512 Monumentorum,
868 467 936 518 qui
953 468 1071 505 etiam
1089 466 1138 504 de
1156 468 1333 519 ipsarum
1350 469 1613 520 institutione,
1633 470 1688 509 si-

258 516 509 569 gnificatione
536 526 576 558 et
611 534 687 559 usu
722 519 846 559 multa
888 521 1076 574 disputat.
1131 522 1225 560 Alio
1255 522 1374 562 modo
1401 523 1595 563 litteratae
1619 537 1692 564 ve—

259 578 353 621 stes,
372 587 474 626 quae
502 588 625 613 unam
651 576 856 629 antiquam
884 576 1056 615 litteram
1083 591 1155 630 per
1183 584 1312 616 totum
1345 585 1493 618 textum
1519 577 1693 619 millenis

257 626 412 667 vicibus
439 631 648 682 repetitam
676 631 954 681 ostendebant,
984 639 1031 671 ut
1058 634 1113 671 sic
1129 632 1233 671 dicta
1250 634 1505 686 gammadia,
1533 634 1584 674 de
1601 635 1694 688 qui-

258 680 335 721 bus
364 683 443 722 alio
470 683 572 724 loco.
633 685 726 724 Alio
756 687 926 740 denique
951 688 1070 726 modo
1099 687 1377 728 litterabantur
1394 696 1538 740 vestes,
1561 703 1692 743 quan-

258 735 310 776 do
338 741 501 779 nomina
528 742 747 794 gerentium
764 772 776 793 ‚
824 750 894 782 aut
921 744 1040 782 etiam
1083 744 1259 797 integrae
1303 745 1518 783 sententiae
1544 746 1701 784 intexe-

258 799 412 833 rentur.
471 795 636 835 casulae
664 797 891 837 nominibus
919 800 1195 851 episcoporum
1234 799 1338 837 intra
1368 799 1578 839 circulares
1605 814 1695 839 are-

258 862 301 887 as
328 848 484 889 intextis
513 859 723 905 coopertae
751 854 902 903 insigne
937 852 1159 907 exemplum
1198 853 1320 892 habet
1348 854 1509 894 Rubeus
1537 855 1584 894 L.
1615 855 1691 894 111.

258 903 365 943 Hist.
393 906 577 945 Ravenn.
608 907 672 946 ad.
689 907 771 947 An.
803 908 912 959 515.,
943 909 1050 947 unde
1077 907 1211 947 locum
1239 908 1373 948 attulit
1400 910 1467 948 Du
1496 909 1631 963 Gange
1653 924 1696 950 v.

257 958 514 1014 Diptychum.
573 962 733 1002 Habent
763 977 921 1017 quoque
940 964 1082 1002 Graeci
1109 965 1150 1001 in
1178 977 1289 1002 more
1314 965 1511 1018 positum,
1540 972 1587 1004 ut
1613 966 1695 1005 suis

257 1012 432 1067 εἰλητοῖς
464 1030 534 1057 seu
560 1019 846 1072 οονροναίίύιις,
875 1018 925 1057 de
955 1019 1101 1072 quibus
1134 1018 1218 1057 vid.
1244 1019 1294 1058 ad
1323 1034 1364 1072 p.
1388 1020 1454 1073 39.
1472 1019 1517 1058 C.
1545 1034 1602 1074 9.,
1619 1033 1699 1065 110,-

257 1071 366 1111 mina
394 1071 671 1125 episcoporum
716 1074 948 1112 inscribant.
1007 1074 1195 1126 Superest
1232 1074 1363 1113 adhuc
1391 1077 1495 1113 inter
1523 1075 1696 1128 insignia

257 1128 368 1179 regui
397 1127 623 1166 Germanici
649 1127 814 1182 pallium
843 1143 911 1168 seu
940 1130 1071 1182 potius
1103 1130 1252 1182 epomis
1281 1129 1415 1168 Caroli
1443 1130 1500 1168 M.
1532 1137 1710 1169 senten-·

256 1181 314 1219 tia
341 1181 514 1221 Arabica
559 1196 630 1236 per
674 1183 869 1223 ambitum
909 1184 1049 1223 litteris
1077 1185 1232 1224 sericeis
1266 1185 1423 1224 intextis
1450 1185 1690 1238 conscripta.

257 1235 447 1281 Solebant
474 1239 699 1291 principum
726 1238 979 1278 orientalium
1023 1240 1187 1278 nomina
1231 1253 1314 1279 non
1340 1239 1492 1279 vexillis
1518 1247 1693 1291 tantum,

258 1290 328 1331 sed
356 1294 476 1331 etiam
504 1295 646 1346 pannis
663 1323 675 1344 ,
707 1294 776 1347 qui
805 1295 846 1334 in
873 1308 1012 1334 eorum
1043 1294 1203 1333 fabricis
1229 1295 1426 1334 vestiariis
1452 1295 1696 1334 conficeren-

260 1353 329 1385 tur
353 1355 392 1386 et
425 1347 531 1387 dono
566 1348 819 1389 mitterentur
862 1350 912 1388 ad
940 1357 1092 1389 exteros
1121 1356 1190 1388 aut
1216 1364 1398 1404 proceres
1427 1350 1663 1389 domesticos
1681 1379 1694 1400 ‚

258 1402 405 1450 intexi,
439 1417 518 1456 qua
546 1403 596 1443 de
623 1418 667 1443 re
695 1404 746 1443 ad
775 1403 1018 1444 Abulfedam
1045 1404 1141 1444 dixi.
1200 1404 1461 1445 Memorabile
1485 1412 1558 1455 est,
1585 1405 1696 1458 quod

259 1465 397 1497 narrat
428 1466 566 1498 auctor
614 1459 682 1498 des
702 1461 960 1500 veriinderten
989 1460 1226 1500 Russlandes
1243 1492 1253 1509 ‚
1275 1475 1318 1500 se
1345 1461 1490 1500 vidisse
1516 1461 1560 1499 in
1587 1468 1701 1500 cata-

260 1513 414 1552 cumbis
441 1514 714 1567 imperialibus
741 1517 928 1555 Moscuae
965 1523 1192 1570 tegumenta
1220 1518 1343 1555 serica
1369 1514 1583 1569 sandapilis
1622 1529 1695 1556 ve-

260 1575 363 1608 teres
392 1569 535 1608 Czaros
566 1570 827 1610 condentibus
859 1572 1039 1619 instrata,
1074 1585 1246 1625 quorum
1275 1585 1368 1610 orae
1395 1585 1468 1624 per
1495 1571 1693 1610 ambitum

260 1625 455 1678 scriptura
483 1633 521 1664 et
549 1639 729 1664 sermone
757 1626 922 1665 Russico
959 1629 1093 1666 insuto
1115 1657 1127 1678 ‚
1167 1640 1251 1665 non
1278 1626 1352 1664 filis
1379 1626 1514 1665 sericis
1544 1627 1695 1664 aureis-

261 1693 333 1729 ve,
365 1680 434 1718 sed
463 1682 625 1720 minutis
662 1682 884 1735 margaritis
916 1682 957 1720 in
997 1683 1163 1736 liguram
1190 1682 1412 1720 litterarum
1439 1681 1698 1719 Russicarum

262 1735 504 1774 coordinatis
526 1766 537 1787 ‚
575 1743 684 1789 gesta
731 1744 769 1776 et
796 1737 878 1776 fata
910 1739 1100 1791 cuiusque
1129 1737 1270 1776 Czari.¹
1329 1736 1408 1774 Sed
1435 1735 1485 1774 de
1511 1734 1695 1774 litteratis
1748 1736 1755 1742 ‘

261 1789 326 1829 his
353 1791 526 1830 vestibus
562 1793 695 1831 veniet
732 1792 833 1831 forte
859 1790 960 1831 alius
1002 1792 1171 1846 amplior
1198 1791 1354 1830 dicendi
1381 1790 1501 1830 locus.
1559 1790 1695 1829 Redeo

262 1845 314 1883 ad
343 1842 569 1898 γραμμάτα
608 1861 696 1886 mea
716 1875 728 1897 ‚
759 1861 862 1900 quae
889 1855 1054 1900 possunt
1083 1847 1243 1886 tandem
1271 1859 1430 1899 quoque
1469 1845 1572 1884 telae
1611 1859 1698 1884 esse

262 1900 473 1940 hominum
486 1916 669 1941 rerumve
685 1903 921 1956 imaginibus
944 1911 1118 1942 ornatae.
1149 1900 1409 1941 Memorabile
1426 1908 1484 1940 est
1503 1900 1613 1954 quod
1638 1902 1697 1954 ait

264 1955 482 2004 Cedrenus‚
513 1971 585 1996 suo
604 1965 783 2011 tempore
801 1958 840 1996 in
859 1957 1034 2010 tulpanis
1061 1965 1230 2011 gestasse
1250 1957 1431 1995 CPtanos
1456 1964 1694 2009 grammata.

263 2010 436 2051 Vivebat
450 2013 581 2052 medio
597 2012 754 2052 saeculo
774 2014 851 2051 XI.
872 2012 1021 2051 Coniici
1041 2014 1116 2051 iam
1139 2019 1269 2066 posset
1287 2026 1358 2065 per
1375 2017 1594 2064 grammata
1630 2011 1699 2049 in-
1716 2022 1721 2033 -·

263 2066 386 2120 telligi
406 2082 486 2106 non
507 2067 603 2107 alias
616 2067 713 2107 telas
725 2082 844 2121 quam
870 2069 995 2121 pictas
1014 2067 1248 2121 imaginibus
1271 2067 1479 2106 hominum
1491 2078 1695 2115 rerumve,

265 2136 348 2160 non
365 2122 675 2174 litteratas‚non
693 2123 877 2170 radiatas,
907 2123 1023 2176 idque
1052 2137 1096 2161 ex
1125 2137 1170 2162 eo
1200 2123 1367 2161 Ioannes
1396 2121 1697 2182 Cantacuzenus

264 2177 422 2216 saeculo
450 2179 562 2217 XIV.
593 2178 715 2217 refert
743 2192 815 2216 suo
842 2186 1021 2231 tempore
1054 2178 1129 2217 hoc
1158 2184 1354 2232 gestamen
1384 2178 1426 2214 in
1455 2190 1532 2216 usu
1559 2175 1694 2234 suisse-

264 2232 401 2271 Verba
429 2235 512 2272 eius
549 2241 641 2272 suut
669 2235 714 2276 L,
743 2233 817 2272 ΙΙΙ.
846 2248 881 2272 c.
910 2233 992 2284 56„
1030 2233 1100 2271 uhi
1130 2234 1180 2272 de
1208 2233 1312 2271 fastu
1353 2232 1512 2270 Ioannis
1539 2226 1693 2280 Glyms,

264 2287 511 2338 patriarchae
528 2289 692 2338 CPtaffi,
722 2288 920 2341 loquitur:
953 2284 1027 2340 τήν
1054 2285 1125 2327 ἐπὶ
1149 2286 1221 2340 τῆς
1237 2283 1693 2347 κεφαλῆςΙκάλυπτριῖκν,

263 2338 315 2390 ἢν
344 2339 441 2386 τοὺς
481 2339 747 2395 πατριάρχας
787 2346 930 2396 φορεῖν
957 2339 1055 2389 ἔθος
1076 2373 1087 2393 ,
1121 2336 1172 2381 ἂν
1199 2338 1256 2404 μὴ
1284 2341 1357 2380 τοῦ
1383 2348 1587 2401 τξιγμαῐθς
1612 2348 1696 2401 ,ωξῖι

263 2394 345 2434 τῶν
372 2393 806 2451 μοναζόντων,,ὄθόνῃ
827 2395 949 2448 λευκῇ
977 2399 1320 2445 περιειλημμενην
1338 2403 1536 2456 προτερον
1554 2401 1695 2454 ριν-ξος

265 2446 547 2501 κατεκόσμησε
573 2451 744 2504 χρυσῷ,
786 2448 945 2495 εἰκόνας
974 2448 1084 2502 αὕτῇ
1109 2447 1182 2487 τοῦ
1209 2461 1252 2487 τε
1267 2458 1453 2498 σωτηρος
1479 2457 1596 2496 ημων
1625 2456 1694 2494 sy-

265 2500 430 2553 γράψας
454 2502 589 2557 Ἰησοῦ
617 2503 807 2556 Χριστοῦ
833 2503 906 2543 καί
930 2503 1004 2555 τῆς
1023 2498 1219 2554 τεκούσης
1247 2496 1376 2540 αὐτὸν
1393 2496 1592 2561 θεοτόκου
1623 2497 1697 2560 xci-‘t'

261 2554 453 2596 Ἰωάννου
501 2557 578 2597 τοῦ
615 2557 867 2600 Βαπτιστοῦ.
927 2559 1092 2597 Veteres
1137 2571 1294 2611 quoque
1329 2557 1501 2593 Graecos
1543 2566 1586 2590 in
1613 2566 1696 2591 suis

268 2613 440 2662 capitum
456 2613 642 2666 calyptris
674 2611 773 2662 ζῶα,
805 2613 846 2651 id
871 2620 930 2652 est
956 2614 1161 2665 imagines,
1190 2618 1360 2664 gestasse
1376 2615 1543 2647 testatur
1554 2608 1694 2670 Demo:

268 2667 387 2704 critus
416 2667 664 2720 Ephesinus:
710 2665 759 2707 ta*
806 2666 852 2707 δὲ
891 2668 972 2707 τῶν
1014 2663 1170 2708 Ἰώνων
1197 2663 1354 2718 ἰοβαφῆ
1400 2659 1471 2702 καὶ
1495 2675 1695 2715 πορφυρα
