1884 3132
187 146 266 210 ‘An
302 164 598 210 consi-m.
639 163 837 208 Pomm.
868 165 942 206 nr„
978 163 1162 206 cuum.
1202 162 1305 205 Lm.
1345 165 1398 204 11.
1441 143 1553 201 855

118 270 224 311 versi
260 268 432 318 suerint,
459 281 542 310 non
572 266 710 320 liquet.
767 265 891 305 Forte
920 265 1142 306 mercedem
1169 264 1433 305 numerabant
1458 279 1555 304 con·

117 323 248 363 ductis
275 322 516 373 artificibus,
553 329 624 361 aut
647 321 815 362 naulum
841 333 917 374 pro
941 319 1108 360 officinis
1140 319 1302 360 elocatis
1329 319 1550 374 exigebant.

117 373 590 431 Εῐρνὶηιίῐμειζότερος
627 377 816 415 Latinum
843 375 963 415 medii
991 377 1079 415 aevi
1117 372 1269 422 maior,
1310 374 1362 415 de
1401 389 1482 428 quo
1510 389 1552 416 v.

116 431 188 473 Du
219 433 354 486 Cange
381 431 448 470 Gl.
479 431 569 471 Lat.
600 430 645 469 h.
674 445 717 471 v.
743 444 817 484 pro
844 437 1052 477 curatore,
1083 430 1295 482 praefecto,
1324 429 1430 469 unde
1448 430 1555 483 apud

117 499 192 527 nos
222 493 401 540 superest
426 485 668 526 vocabulum
695 486 854 536 flIayer.
911 483 1172 537 Μειζότερος
1196 498 1268 538 pro
1294 483 1448 535 μείζων
1474 487 1556 525 iam

117 540 227 594 apud
254 540 441 581 Matalam
469 541 522 580 T.
546 541 598 578 ΙΙ.
629 554 669 593 p.
695 540 790 579 256.
827 552 881 587 i.‚
909 538 962 578 de
990 540 1102 577 cuius
1129 539 1302 580 auctoris
1328 546 1455 578 aetate
1485 540 1555 578 Iu-

117 596 290 640 stiniano
332 593 488 648 aequali
530 594 713 634 dubitare
757 608 838 633 non
878 592 1050 632 debebat
1080 593 1250 646 Hodyus
1287 592 1341 634 ob
1368 594 1554 635 dictionis

116 650 268 694 sordes,
327 649 446 689 Istius
473 651 551 688 iam
573 649 720 688 saeculi
750 656 790 687 et
817 649 1024 688 ratiocinia
1052 649 1187 700 inepta
1219 655 1334 689 erant
1361 655 1401 688 et
1430 649 1552 690 dictio

115 711 354 744 monstrosa.
412 703 472 744 Ex
500 717 580 756 quo
605 704 823 747 Christiani
849 703 1029 746 doctores
1056 703 1220 743 turbare
1238 701 1438 756 publicam
1467 718 1552 744 rem

114 758 324 805 inutilibus
350 758 675 812 quaestionibus,
702 759 935 811 omissisque
963 757 1104 796 studiis
1144 757 1369 797 litterarum
1406 757 1553 798 liuma-

115 815 276 855 niorum
304 813 355 854 ad
383 813 668 867 speculationes
695 812 907 860 ridiculas,
939 818 979 851 et
1006 826 1103 865 quas
1130 826 1181 851 ne
1208 813 1282 866 ipsi
1301 812 1462 864 quidem
1490 813 1555 853 in·-

114 867 362 921 tefligerent,
393 867 548 920 prolabi
578 874 823 921 coeperunt,
854 868 972 920 periit
997 867 1126 906 omnis
1167 868 1208 905 in
1244 867 1454 920 cogitando
1489 882 1555 907 re-

114 923 285 971 ctitudo,
314 922 544 967 indictione
568 924 837 976 perspicuitas,
869 935 964 960 cura
993 929 1034 960 et
1061 923 1186 960 nitor.
1243 921 1334 960 Non
1353 929 1436 960 tam
1461 921 1555 962 har-

118 976 227 1023 baris
262 977 516 1029 barbariem,
545 991 666 1030 quam
693 977 928 1021 Christianis
955 975 1161 1019 debemus.
1213 975 1318 1016 Vide
1334 1005 1347 1028 ‚
1383 985 1557 1030 quantus

114 1037 251 1072 tumor
267 1061 280 1083 ‚
323 1039 473 1085 quanta
508 1031 768 1085 peregrinitas
806 1033 847 1070 iu
877 1029 1023 1071 Codice
1058 1029 1387 1079 Theodosianeo‚
1432 1046 1555 1085 quam

115 1099 198 1127 non
234 1085 351 1126 anilis
380 1100 496 1139 saepe
522 1087 765 1139 Procopius,
805 1086 989 1125 omnium
1027 1084 1102 1124 sibi
1148 1084 1372 1139 aequalium
1403 1085 1554 1140 absque

115 1143 385 1182 controversia
411 1143 585 1194 optimus
601 1170 613 1192 ‚
644 1155 765 1194 quam
791 1147 928 1180 coacta
955 1147 994 1179 et
1020 1140 1267 1179 Latinissans
1294 1154 1379 1180 e1us
1412 1140 1551 1182 dictio.

115 1195 355 1238 Affectatum
389 1196 614 1243 artificium,
644 1210 716 1248 per
743 1196 852 1249 quod
881 1196 1007 1234 oratio
1021 1195 1246 1235 Cimmeriis
1279 1194 1454 1235 tenebris
1482 1196 1555 1235 fie-

115 1257 179 1295 ret
205 1250 437 1297 obscurior,
482 1250 591 1290 laudi
623 1257 724 1299 erat,
768 1257 808 1288 et
834 1257 947 1288 tanto
978 1250 1148 1302 quisque
1177 1249 1360 1300 doctior,
1401 1257 1552 1303 quanto

117 1305 399 1349 Cassiodorum
418 1311 459 1343 et
477 1303 623 1343 similes
654 1311 872 1357 superaret,
931 1304 1010 1342 Sed
1037 1303 1113 1344 hoc
1152 1305 1195 1341 in
1233 1306 1419 1342 transitu.
1476 1305 1552 1343 So-

117 1357 295 1404 loecismi
312 1359 378 1408 hi,
410 1359 548 1411 quales
568 1366 661 1398 sunt
690 1354 927 1410 μειζότερος
949 1365 990 1398 et
1015 1358 1182 1405 similia,
1212 1357 1375 1396 fuerunt
1392 1359 1555 1411 quidem

119 1426 325 1467 nunquam
352 1427 434 1453 non
462 1415 505 1452 in
532 1427 607 1457 usu
634 1412 741 1465 apud
768 1412 932 1466 vulgum
947 1442 959 1462 ‚
988 1412 1057 1451 sed
1084 1413 1293 1464 scriptores
1318 1412 1382 1454 vel
1414 1427 1558 1466 parum

118 1467 335 1521 elegantiae
363 1482 559 1507 memores
595 1467 646 1507 ab
674 1468 722 1505 iis
749 1467 826 1505 sibi
853 1466 1117 1507 abstinebant.
1174 1465 1388 1507 Christiani
1416 1468 1557 1506 docto·

117 1535 182 1568 xjes
209 1537 254 1561 ex
282 1537 363 1576 quo
389 1529 605 1576 coeperunt
633 1521 814 1560 homilias
840 1535 930 1560 suas
958 1520 1055 1559 tales
1074 1522 1114 1562 in
1134 1518 1262 1559 lucem
1282 1521 1424 1571 edere,
1454 1535 1555 1574 qua-

116 1575 176 1622 les
204 1591 250 1616 ex
266 1578 438 1616 ambone
464 1577 707 1627 effuderant,
735 1576 850 1628 periit
867 1575 994 1614 omnis
1010 1575 1140 1614 honor
1157 1574 1311 1614 litteris.
1368 1574 1554 1626 Malalae,

118 1638 167 1670 ut
193 1632 243 1671 ad
271 1645 365 1675 eum
391 1631 550 1670 redeam
575 1634 628 1683 (et
654 1631 770 1669 lIceat
796 1630 871 1669 hoc
896 1632 937 1668 in
965 1631 1134 1668 transitu
1160 1629 1346 1680 adiicere)
1389 1644 1435 1671 ex
1467 1628 1555 1683 ipso

117 1688 280 1731 nomine
306 1693 461 1728 constat
487 1694 606 1725 aetas.
665 1685 842 1723 ‚Malalas
870 1692 927 1723 est
954 1698 1101 1723 nomen
1130 1683 1353 1736 Syriacum.
1410 1684 1551 1724 Sermo

118 1740 305 1793 Syriacus
331 1740 534 1779 obtinebat
560 1742 602 1779 in
627 1739 741 1792 Syria
769 1753 894 1792 usque
921 1737 972 1777 ad
1002 1739 1113 1776 initia
1131 1738 1551 1779 Muhammedanismi.

116 1793 181 1834 Eo
209 1803 418 1848 surgente,
447 1795 648 1835 Saracenis
675 1794 834 1846 Syriam
859 1793 1105 1846 rapientibus
1122 1821 1133 1841 ‚
1174 1800 1384 1845 exegerunt
1415 1793 1555 1847 Syria-

120 1863 279 1898 smum,
311 1851 474 1902 eiusque
502 1849 589 1888 loco
616 1847 853 1887 Arabismus
880 1849 1015 1891 omnia
1052 1846 1306 1893 ohundabat‚
1351 1847 1554 1900 Syriasmo

118 1904 161 1949 in
191 1903 443 1943 ecclesiarum
466 1903 781 1946 Christianarum
806 1904 1004 1955 angustias
1027 1900 1227 1941 concluso.
1284 1901 1433 1940 Debuit
1461 1915 1555 1954 ergo

118 1957 287 1997 Malalas
312 1973 359 1997 eo
387 1957 518 1997 adhuc
546 1971 645 1997 aevo
671 1958 815 1996 vixisse
841 1964 880 1995 et
910 1957 1108 2010 scripsisse
1126 1985 1137 2005 ,
1159 1969 1239 2008 quo
1264 1969 1392 1994 sermo
1418 1955 1554 2008 Syria-

117 2037 188 2062 cus
219 2023 260 2062 in
287 2037 364 2062 usu
392 2030 489 2063 erat.
544 2023 626 2061 Pro
643 2021 803 2060 rhetore
821 2021 974 2061 Arabes
994 2035 1074 2059 non
1094 2021 1245 2067 madal,
1278 2020 1347 2060 sed
1368 2009 1550 2070 Q,

119 2077 288 2117 Caathih
320 2078 472 2118 dicunt.
527 2076 595 2116 Ad
627 2076 926 2116 similitudinem
954 2077 1081 2115 nostri
1100 2072 1332 2127 μειζότεροι
1353 2075 1451 2113 dixit
1469 2075 1554 2114 No·-

117 2138 201 2171 ster
226 2146 386 2185 quoque
415 2128 675 2182 ἑλαττότεροι
701 2145 773 2183 pro
802 2125 1013 2176 ἐλάττονες
1039 2145 1081 2182 ρ..
1111 2127 1203 2171 382.
1228 2129 1282 2169 D.
1314 2136 1447 2181 antep.

184 2235 186 2239 .
229 2187 278 2224 C.
307 2186 383 2225 ult.
431 2185 546 2239 [720‚
568 2184 632 2238 6.]
671 2179 929 2237 κουράτωρες
967 2184 1052 2223 τῶν
1089 2179 1322 2234 κτημάτων.
1379 2182 1552 2222 Reddidi

116 2249 314 2279 curatores
333 2241 593 2294 praediorum
620 2248 659 2278 ec
677 2241 830 2294 pecoris
856 2239 1001 2277 rustici.
1060 2238 1289 2290 Utrumque
1314 2237 1420 2277 enim
1456 2234 1553 2288 κτή-

115 2307 233 2343 ματα
260 2295 374 2339 novis
404 2295 566 2333 Graecis
595 2294 839 2346 significant,
873 2300 953 2333 tam
982 2292 1142 2344 praedia
1169 2299 1207 2330 et
1246 2305 1387 2343 agr03‚
1431 2304 1554 2344 quam

117 2361 263 2400 pecus,
309 2362 444 2401 greges
459 2377 471 2397 ‚
510 2355 558 2386 ut
595 2343 716 2399 κτήνη
758 2347 922 2387 vetustis
963 2347 1136 2387 Graecis.
1190 2345 1417 2397 Utrumque
1444 2347 1552 2384 enim

115 2415 142 2440 a
177 2399 322 2455 κτήσει
354 2403 494 2450 venit;
534 2415 576 2440 v.
603 2401 771 2442 Cedren.
811 2416 851 2454 p.
880 2400 972 2440 586.
998 2401 1053 2439 D.
1085 2401 1125 2438 3·
1151 2398 1242 2452 587.
1274 2399 1321 2437 C.
1354 2400 1393 2438 3.
1423 2398 1554 2442 Immo

116 2457 193 2509 ipsi
237 2471 398 2510 quoque
425 2463 578 2495 veteres
606 2456 745 2495 Graeci
773 2453 962 2506 κτήματα
989 2455 1158 2495 iumenta
1184 2453 1461 2505 appellabant,
1506 2461 1552 2493 ut

118 2517 230 2562 patet
260 2526 282 2550 e
311 2510 517 2564 Sophoclis
542 2510 735 2562 Antigon.
763 2523 806 2548 v.
836 2509 947 2562 793„
974 2507 1044 2546 ubi
1071 2522 1153 2546 non
1186 2514 1291 2545 recte
1318 2509 1551 2559 interpretes

117 2576 259 2603 vocem
298 2579 374 2619 pro
395 2565 579 2617 sbrcunis
617 2572 686 2604 aut
714 2562 1021 2616 possessionibus
1058 2569 1308 2614 acceperunt.
1366 2563 1445 2612 Qui
1484 2562 1550 2601 hic

117 2616 195 2661 loci
224 2630 383 2659 curator
411 2618 494 2658 τῶν
513 2613 727 2669 κτημάτων
754 2625 838 2666 est,
870 2630 960 2654 eum
982 2615 1187 2668 διοικητὴν
1214 2615 1385 2669 appellat
1404 2615 1549 2669 Olym-

146 2671 309 2712 iodorus
355 2673 462 2727 apud
504 2671 693 2711 Photium
736 2685 778 2724 p.
803 2670 889 2713 106.
921 2670 1006 2719 25„
1044 2670 1114 2708 ubi
1153 2677 1344 2709 memorat
1379 2667 1553 2722 aliquem

138 2724 327 2789 ‚⁴4⁰mqtq'v
352 2728 434 2773 tofina
464 2725 508 2766 ἐν
535 2723 700 2784 Σικελίᾳ
724 2722 946 2784 κτημάτων
973 2724 1293 2770 Κωνσταντίνου
1330 2726 1399 2768 καὶ
1427 2725 1550 2769 ma-
