<?xml version="1.0" encoding="UTF-8"?>
<!DOCTYPE html PUBLIC "-//W3C//DTD XHTML 1.0 Transitional//EN"
    "http://www.w3.org/TR/xhtml1/DTD/xhtml1-transitional.dtd">
<html xmlns="http://www.w3.org/1999/xhtml" xml:lang="en" lang="en">
 <head>
  <title>
</title>
<meta http-equiv="Content-Type" content="text/html;charset=utf-8" />
  <meta name='ocr-system' content='tesseract 3.04.00' />
  <meta name='ocr-capabilities' content='ocr_page ocr_carea ocr_par ocr_line ocrx_word'/>
</head>
<body>
  <div class='ocr_page' id='page_1' title='image "./corpusscriptorum08niebuoft/corpusscriptorum08niebuoft_0227.png"; bbox 0 0 1884 3132; ppageno 0'>
   <div class='ocr_carea' id='block_1_1' title="bbox 210 125 1574 182">
    <p class='ocr_par' dir='ltr' id='par_1_1' title="bbox 210 125 1574 182">
     <span class='ocr_line' id='line_1_1' title="bbox 210 125 1574 182; baseline -0.009 -9"><span class='ocrx_word' id='word_1_1' title='bbox 210 126 286 173; x_wconf 80' lang='lat' dir='ltr'>Al)</span> <span class='ocrx_word' id='word_1_2' title='bbox 328 125 627 170; x_wconf 77' lang='lat' dir='ltr'><strong>CONSTANT.</strong></span> <span class='ocrx_word' id='word_1_3' title='bbox 666 125 866 168; x_wconf 69' lang='lat' dir='ltr'>Pomm.</span> <span class='ocrx_word' id='word_1_4' title='bbox 895 127 968 167; x_wconf 90' lang='lat' dir='ltr'>DE</span> <span class='ocrx_word' id='word_1_5' title='bbox 1008 125 1190 168; x_wconf 85' lang='lat' dir='ltr'><strong>CERIM.</strong></span> <span class='ocrx_word' id='word_1_6' title='bbox 1224 127 1325 168; x_wconf 82' lang='lat' dir='ltr'>Lm.</span> <span class='ocrx_word' id='word_1_7' title='bbox 1366 127 1402 167; x_wconf 92' lang='lat'><strong>1.</strong></span> <span class='ocrx_word' id='word_1_8' title='bbox 1461 126 1574 182; x_wconf 75' lang='lat'>219</span> 
     </span>
    </p>
   </div>
   <div class='ocr_carea' id='block_1_2' title="bbox 116 224 1583 1366">
    <p class='ocr_par' dir='ltr' id='par_1_2' title="bbox 116 224 1583 1366">
     <span class='ocr_line' id='line_1_2' title="bbox 129 224 1570 285; baseline -0.002 -14"><span class='ocrx_word' id='word_1_9' title='bbox 129 244 205 285; x_wconf 81' lang='lat' dir='ltr'>pro</span> <span class='ocrx_word' id='word_1_10' title='bbox 229 224 393 280; x_wconf 72' lang='grc' dir='ltr'><strong><em>κόλπος,</em></strong></span> <span class='ocrx_word' id='word_1_11' title='bbox 419 231 540 270; x_wconf 72' lang='lat' dir='ltr'>sinus.</span> <span class='ocrx_word' id='word_1_12' title='bbox 596 228 719 283; x_wconf 88' lang='lat' dir='ltr'>Apud</span> <span class='ocrx_word' id='word_1_13' title='bbox 746 229 907 269; x_wconf 86' lang='lat' dir='ltr'>Annam</span> <span class='ocrx_word' id='word_1_14' title='bbox 935 229 1183 269; x_wconf 87' lang='lat' dir='ltr'>Comnenam</span> <span class='ocrx_word' id='word_1_15' title='bbox 1207 243 1301 283; x_wconf 86' lang='lat' dir='ltr'>pag.</span> <span class='ocrx_word' id='word_1_16' title='bbox 1327 227 1396 284; x_wconf 85' lang='lat'><strong>76.</strong></span> <span class='ocrx_word' id='word_1_17' title='bbox 1426 227 1482 269; x_wconf 83' lang='lat' dir='ltr'>A.</span> <span class='ocrx_word' id='word_1_18' title='bbox 1509 243 1570 269; x_wconf 69' lang='grc' dir='ltr'>ιο.</span> 
     </span>
     <span class='ocr_line' id='line_1_3' title="bbox 131 281 1574 339; baseline -0.001 -13"><span class='ocrx_word' id='word_1_19' title='bbox 131 281 318 339; x_wconf 78' lang='grc' dir='ltr'><strong><em>πληστῆρ</em></strong></span> <span class='ocrx_word' id='word_1_20' title='bbox 347 292 407 324; x_wconf 91' lang='lat' dir='ltr'>est</span> <span class='ocrx_word' id='word_1_21' title='bbox 431 286 491 338; x_wconf 87' lang='lat' dir='ltr'>(si</span> <span class='ocrx_word' id='word_1_22' title='bbox 517 291 623 324; x_wconf 87' lang='lat' dir='ltr'>recte</span> <span class='ocrx_word' id='word_1_23' title='bbox 650 285 773 324; x_wconf 85' lang='lat' dir='ltr'>habet</span> <span class='ocrx_word' id='word_1_24' title='bbox 799 292 840 324; x_wconf 86' lang='lat' dir='ltr'>et</span> <span class='ocrx_word' id='word_1_25' title='bbox 869 285 1088 338; x_wconf 82' lang='lat' dir='ltr'>typothetis</span> <span class='ocrx_word' id='word_1_26' title='bbox 1116 285 1303 338; x_wconf 87' lang='lat' dir='ltr'>imputari</span> <span class='ocrx_word' id='word_1_27' title='bbox 1320 298 1404 324; x_wconf 90' lang='lat' dir='ltr'>non</span> <span class='ocrx_word' id='word_1_28' title='bbox 1432 283 1574 337; x_wconf 86' lang='lat' dir='ltr'>debet)</span> 
     </span>
     <span class='ocr_line' id='line_1_4' title="bbox 130 336 1572 394; baseline 0 -14"><span class='ocrx_word' id='word_1_29' title='bbox 130 354 207 394; x_wconf 89' lang='lat' dir='ltr'>pro</span> <span class='ocrx_word' id='word_1_30' title='bbox 234 336 450 393; x_wconf 73' lang='grc' dir='ltr'><strong><em>πρηστὴρς</em></strong></span> <span class='ocrx_word' id='word_1_31' title='bbox 483 340 636 394; x_wconf 80' lang='lat' dir='ltr'>algalia</span> <span class='ocrx_word' id='word_1_32' title='bbox 666 355 739 393; x_wconf 91' lang='lat' dir='ltr'>pro</span> <span class='ocrx_word' id='word_1_33' title='bbox 765 340 922 392; x_wconf 79' lang='lat' dir='ltr'>argalia</span> <span class='ocrx_word' id='word_1_34' title='bbox 934 369 948 388; x_wconf 90' lang='lat'><strong><em>,</em></strong></span> <span class='ocrx_word' id='word_1_35' title='bbox 979 339 1175 392; x_wconf 73' lang='grc' dir='ltr'><strong><em>ἐργαλεῖα</em></strong></span> <span class='ocrx_word' id='word_1_36' title='bbox 1201 347 1261 379; x_wconf 89' lang='lat' dir='ltr'>est</span> <span class='ocrx_word' id='word_1_37' title='bbox 1288 339 1394 393; x_wconf 92' lang='lat' dir='ltr'>apud</span> <span class='ocrx_word' id='word_1_38' title='bbox 1421 339 1572 380; x_wconf 84' lang='lat' dir='ltr'>Matth.</span> 
     </span>
     <span class='ocr_line' id='line_1_5' title="bbox 132 394 1573 448; baseline 0 -14"><span class='ocrx_word' id='word_1_39' title='bbox 132 394 386 442; x_wconf 82' lang='lat' dir='ltr'>Silvaticum.</span> <span class='ocrx_word' id='word_1_40' title='bbox 426 394 524 433; x_wconf 92' lang='lat' dir='ltr'>Vid.</span> <span class='ocrx_word' id='word_1_41' title='bbox 553 396 622 434; x_wconf 88' lang='lat' dir='ltr'>Du</span> <span class='ocrx_word' id='word_1_42' title='bbox 651 396 786 448; x_wconf 85' lang='lat' dir='ltr'>Cange</span> <span class='ocrx_word' id='word_1_43' title='bbox 813 394 944 434; x_wconf 88' lang='lat' dir='ltr'>Gloss.</span> <span class='ocrx_word' id='word_1_44' title='bbox 975 395 1066 433; x_wconf 86' lang='lat' dir='ltr'>Lat.</span> <span class='ocrx_word' id='word_1_45' title='bbox 1098 394 1142 433; x_wconf 90' lang='lat' dir='ltr'>h.</span> <span class='ocrx_word' id='word_1_46' title='bbox 1172 409 1214 433; x_wconf 90' lang='lat' dir='ltr'><strong>v.</strong></span> <span class='ocrx_word' id='word_1_47' title='bbox 1244 394 1470 434; x_wconf 79' lang='lat' dir='ltr'>Almarium</span> <span class='ocrx_word' id='word_1_48' title='bbox 1497 409 1573 448; x_wconf 89' lang='lat' dir='ltr'>pro</span> 
     </span>
     <span class='ocr_line' id='line_1_6' title="bbox 128 445 1576 504; baseline 0 -14"><span class='ocrx_word' id='word_1_49' title='bbox 128 451 376 500; x_wconf 75' lang='lat' dir='ltr'>armarium,</span> <span class='ocrx_word' id='word_1_50' title='bbox 413 445 550 500; x_wconf 83' lang='grc' dir='ltr'><strong><em>βάλκα</em></strong></span> <span class='ocrx_word' id='word_1_51' title='bbox 579 450 737 489; x_wconf 83' lang='lat' dir='ltr'>Nicetae</span> <span class='ocrx_word' id='word_1_52' title='bbox 762 463 837 503; x_wconf 89' lang='lat' dir='ltr'>pro</span> <span class='ocrx_word' id='word_1_53' title='bbox 863 445 1015 503; x_wconf 80' lang='grc' dir='ltr'><strong><em>βάρκα,</em></strong></span> <span class='ocrx_word' id='word_1_54' title='bbox 1040 447 1250 502; x_wconf 78' lang='grc' dir='ltr'><strong><em>βούρκαν,</em></strong></span> <span class='ocrx_word' id='word_1_55' title='bbox 1295 450 1427 504; x_wconf 86' lang='lat' dir='ltr'>(quod</span> <span class='ocrx_word' id='word_1_56' title='bbox 1453 451 1576 490; x_wconf 87' lang='lat' dir='ltr'>etiam</span> 
     </span>
     <span class='ocr_line' id='line_1_7' title="bbox 132 506 1578 570; baseline 0.001 -15"><span class='ocrx_word' id='word_1_57' title='bbox 132 515 289 556; x_wconf 84' lang='lat' dir='ltr'>Arabes</span> <span class='ocrx_word' id='word_1_58' title='bbox 332 522 605 554; x_wconf 77' lang='lat' dir='ltr'><strong>assumserunt</strong></span> <span class='ocrx_word' id='word_1_59' title='bbox 643 506 838 570; x_wconf 56' lang='lat' dir='ltr'>&amp;524ss</span> <span class='ocrx_word' id='word_1_60' title='bbox 871 516 917 554; x_wconf 83' lang='lat' dir='ltr'>al</span> <span class='ocrx_word' id='word_1_61' title='bbox 949 516 1108 554; x_wconf 73' lang='lat' dir='ltr'>Bor-can</span> <span class='ocrx_word' id='word_1_62' title='bbox 1126 545 1136 563; x_wconf 95' lang='lat'>‚</span> <span class='ocrx_word' id='word_1_63' title='bbox 1184 516 1293 555; x_wconf 85' lang='lat' dir='ltr'>unde</span> <span class='ocrx_word' id='word_1_64' title='bbox 1330 516 1493 556; x_wconf 87' lang='lat' dir='ltr'>tandem</span> <span class='ocrx_word' id='word_1_65' title='bbox 1532 519 1578 557; x_wconf 82' lang='lat' dir='ltr'>in</span> 
     </span>
     <span class='ocr_line' id='line_1_8' title="bbox 131 570 1578 625; baseline 0.001 -15"><span class='ocrx_word' id='word_1_66' title='bbox 131 570 169 610; x_wconf 92' lang='lat' dir='ltr'><strong>F</strong></span> <span class='ocrx_word' id='word_1_67' title='bbox 170 571 371 610; x_wconf 85' lang='lat' dir='ltr'>rancicam</span> <span class='ocrx_word' id='word_1_68' title='bbox 388 571 568 610; x_wconf 87' lang='lat' dir='ltr'>manavit</span> <span class='ocrx_word' id='word_1_69' title='bbox 598 570 800 623; x_wconf 82' lang='lat' dir='ltr'>Oracan‚)</span> <span class='ocrx_word' id='word_1_70' title='bbox 831 577 962 610; x_wconf 80' lang='lat' dir='ltr'>crater</span> <span class='ocrx_word' id='word_1_71' title='bbox 979 573 1128 610; x_wconf 86' lang='lat' dir='ltr'>montis</span> <span class='ocrx_word' id='word_1_72' title='bbox 1149 571 1326 610; x_wconf 88' lang='lat' dir='ltr'>ardentis</span> <span class='ocrx_word' id='word_1_73' title='bbox 1340 601 1352 622; x_wconf 91' lang='lat'>‚</span> <span class='ocrx_word' id='word_1_74' title='bbox 1382 587 1456 625; x_wconf 89' lang='lat' dir='ltr'>pro</span> <span class='ocrx_word' id='word_1_75' title='bbox 1480 573 1527 611; x_wconf 93' lang='lat' dir='ltr'><em>V</em></span> <span class='ocrx_word' id='word_1_76' title='bbox 1521 573 1578 612; x_wconf 86' lang='lat' dir='ltr'>ul-</span> 
     </span>
     <span class='ocr_line' id='line_1_9' title="bbox 131 624 1579 682; baseline 0.002 -17"><span class='ocrx_word' id='word_1_77' title='bbox 131 640 232 666; x_wconf 81' lang='lat' dir='ltr'>cano</span> <span class='ocrx_word' id='word_1_78' title='bbox 248 654 262 677; x_wconf 93' lang='lat'>,</span> <span class='ocrx_word' id='word_1_79' title='bbox 299 625 378 664; x_wconf 88' lang='lat' dir='ltr'>nisi</span> <span class='ocrx_word' id='word_1_80' title='bbox 403 624 508 664; x_wconf 87' lang='lat' dir='ltr'>forte</span> <span class='ocrx_word' id='word_1_81' title='bbox 545 640 570 664; x_wconf 90' lang='lat' dir='ltr'>a</span> <span class='ocrx_word' id='word_1_82' title='bbox 595 639 745 679; x_wconf 72' lang='lat' dir='ltr'>vorago</span> <span class='ocrx_word' id='word_1_83' title='bbox 784 627 835 667; x_wconf 89' lang='lat' dir='ltr'>sit</span> <span class='ocrx_word' id='word_1_84' title='bbox 862 626 1140 679; x_wconf 84' lang='lat' dir='ltr'>repetendum.</span> <span class='ocrx_word' id='word_1_85' title='bbox 1197 627 1317 678; x_wconf 90' lang='lat' dir='ltr'>(Vid.</span> <span class='ocrx_word' id='word_1_86' title='bbox 1348 628 1415 666; x_wconf 87' lang='lat' dir='ltr'>Du</span> <span class='ocrx_word' id='word_1_87' title='bbox 1443 627 1579 682; x_wconf 84' lang='lat' dir='ltr'>Gange</span> 
     </span>
     <span class='ocr_line' id='line_1_10' title="bbox 133 680 1577 736; baseline 0.001 -16"><span class='ocrx_word' id='word_1_88' title='bbox 133 681 268 720; x_wconf 84' lang='lat' dir='ltr'>Gloss.</span> <span class='ocrx_word' id='word_1_89' title='bbox 296 681 388 719; x_wconf 85' lang='lat' dir='ltr'>Lat.</span> <span class='ocrx_word' id='word_1_90' title='bbox 408 694 450 719; x_wconf 92' lang='lat' dir='ltr'><strong>v.</strong></span> <span class='ocrx_word' id='word_1_91' title='bbox 468 680 640 732; x_wconf 78' lang='lat' dir='ltr'>But-ca.)</span> <span class='ocrx_word' id='word_1_92' title='bbox 671 682 872 721; x_wconf 80' lang='lat' dir='ltr'>Calbasius</span> <span class='ocrx_word' id='word_1_93' title='bbox 897 695 973 734; x_wconf 88' lang='lat' dir='ltr'>pro</span> <span class='ocrx_word' id='word_1_94' title='bbox 998 682 1222 732; x_wconf 65' lang='lat' dir='ltr'>car-basim,</span> <span class='ocrx_word' id='word_1_95' title='bbox 1250 695 1294 721; x_wconf 82' lang='lat' dir='ltr'><strong>v.</strong></span> <span class='ocrx_word' id='word_1_96' title='bbox 1323 682 1423 721; x_wconf 87' lang='lat' dir='ltr'><strong>ibid.</strong></span> <span class='ocrx_word' id='word_1_97' title='bbox 1453 682 1577 736; x_wconf 86' lang='lat' dir='ltr'><strong>h.v.,</strong></span> 
     </span>
     <span class='ocr_line' id='line_1_11' title="bbox 128 736 1579 792; baseline 0.002 -18"><span class='ocrx_word' id='word_1_98' title='bbox 128 736 356 775; x_wconf 63' lang='lat' dir='ltr'>oem’nankz</span> <span class='ocrx_word' id='word_1_99' title='bbox 392 749 466 788; x_wconf 87' lang='lat' dir='ltr'>pro</span> <span class='ocrx_word' id='word_1_100' title='bbox 501 737 604 775; x_wconf 83' lang='lat' dir='ltr'>cella</span> <span class='ocrx_word' id='word_1_101' title='bbox 638 738 800 776; x_wconf 73' lang='lat' dir='ltr'>vinaria</span> <span class='ocrx_word' id='word_1_102' title='bbox 814 766 827 787; x_wconf 91' lang='lat'><strong><em>,</em></strong></span> <span class='ocrx_word' id='word_1_103' title='bbox 868 738 1064 776; x_wconf 76' lang='lat' dir='ltr'>archimia</span> <span class='ocrx_word' id='word_1_104' title='bbox 1104 751 1180 790; x_wconf 91' lang='lat' dir='ltr'>pro</span> <span class='ocrx_word' id='word_1_105' title='bbox 1206 737 1410 790; x_wconf 72' lang='lat' dir='ltr'>alchimicz,</span> <span class='ocrx_word' id='word_1_106' title='bbox 1441 739 1579 792; x_wconf 88' lang='lat' dir='ltr'>(quod</span> 
     </span>
     <span class='ocr_line' id='line_1_12' title="bbox 133 792 1579 856; baseline 0.001 -15"><span class='ocrx_word' id='word_1_107' title='bbox 133 808 194 842; x_wconf 78' lang='lat' dir='ltr'>est</span> <span class='ocrx_word' id='word_1_108' title='bbox 219 800 272 841; x_wconf 88' lang='lat' dir='ltr'>ab</span> <span class='ocrx_word' id='word_1_109' title='bbox 298 799 476 840; x_wconf 88' lang='lat' dir='ltr'>Arabico</span> <span class='ocrx_word' id='word_1_110' title='bbox 503 801 673 841; x_wconf 85' lang='lat' dir='ltr'>articulo</span> <span class='ocrx_word' id='word_1_111' title='bbox 722 792 765 845; x_wconf 62' lang='lat' dir='ltr'>dl</span> <span class='ocrx_word' id='word_1_112' title='bbox 817 803 863 842; x_wconf 86' lang='lat' dir='ltr'>al</span> <span class='ocrx_word' id='word_1_113' title='bbox 873 833 886 853; x_wconf 91' lang='lat'>,</span> <span class='ocrx_word' id='word_1_114' title='bbox 935 799 984 853; x_wconf 80' lang='grc' dir='ltr'>ὅ,</span> <span class='ocrx_word' id='word_1_115' title='bbox 1011 797 1063 855; x_wconf 79' lang='grc' dir='ltr'>ἦ,</span> <span class='ocrx_word' id='word_1_116' title='bbox 1089 798 1160 854; x_wconf 84' lang='grc' dir='ltr'>τὸ,</span> <span class='ocrx_word' id='word_1_117' title='bbox 1192 810 1232 843; x_wconf 89' lang='lat' dir='ltr'>et</span> <span class='ocrx_word' id='word_1_118' title='bbox 1257 800 1415 855; x_wconf 71' lang='grc' dir='ltr'><em>χυμεία</em></span> <span class='ocrx_word' id='word_1_119' title='bbox 1444 818 1468 843; x_wconf 90' lang='lat' dir='ltr'>a</span> <span class='ocrx_word' id='word_1_120' title='bbox 1494 818 1579 856; x_wconf 81' lang='grc' dir='ltr'>χυ-</span> 
     </span>
     <span class='ocr_line' id='line_1_13' title="bbox 129 853 1579 912; baseline 0.001 -16"><span class='ocrx_word' id='word_1_121' title='bbox 129 853 316 908; x_wconf 75' lang='grc' dir='ltr'>μεύειν,)</span> <span class='ocrx_word' id='word_1_122' title='bbox 354 857 595 896; x_wconf 77' lang='lat' dir='ltr'>clamasten&#39;i</span> <span class='ocrx_word' id='word_1_123' title='bbox 619 872 692 911; x_wconf 89' lang='lat' dir='ltr'>pro</span> <span class='ocrx_word' id='word_1_124' title='bbox 719 859 1013 912; x_wconf 78' lang='grc' dir='ltr'><strong><em>κρεμαστῆρες,</em></strong></span> <span class='ocrx_word' id='word_1_125' title='bbox 1066 858 1188 898; x_wconf 71' lang='lat' dir='ltr'>dmm</span> <span class='ocrx_word' id='word_1_126' title='bbox 1214 873 1288 912; x_wconf 87' lang='lat' dir='ltr'>pro</span> <span class='ocrx_word' id='word_1_127' title='bbox 1315 859 1430 898; x_wconf 69' lang='lat' dir='ltr'>dulm-</span> <span class='ocrx_word' id='word_1_128' title='bbox 1443 889 1455 910; x_wconf 88' lang='lat'><strong>‚</strong></span> <span class='ocrx_word' id='word_1_129' title='bbox 1492 873 1579 899; x_wconf 86' lang='lat' dir='ltr'>ser-</span> 
     </span>
     <span class='ocr_line' id='line_1_14' title="bbox 135 910 1579 969; baseline 0.001 -17"><span class='ocrx_word' id='word_1_130' title='bbox 135 925 238 963; x_wconf 72' lang='lat' dir='ltr'>vm,</span> <span class='ocrx_word' id='word_1_131' title='bbox 264 910 433 950; x_wconf 72' lang='lat' dir='ltr'>dut-aria</span> <span class='ocrx_word' id='word_1_132' title='bbox 449 941 461 964; x_wconf 90' lang='lat'>,</span> <span class='ocrx_word' id='word_1_133' title='bbox 502 912 661 962; x_wconf 88' lang='lat' dir='ltr'>ancilla,</span> <span class='ocrx_word' id='word_1_134' title='bbox 686 915 911 969; x_wconf 72' lang='lat' dir='ltr'>paler-gizan</span> <span class='ocrx_word' id='word_1_135' title='bbox 938 927 1013 968; x_wconf 89' lang='lat' dir='ltr'>pro</span> <span class='ocrx_word' id='word_1_136' title='bbox 1035 916 1283 969; x_wconf 62' lang='lat' dir='ltr'>parergimn,</span> <span class='ocrx_word' id='word_1_137' title='bbox 1328 911 1579 964; x_wconf 81' lang='grc' dir='ltr'><strong><em>παλμουλά-</em></strong></span> 
     </span>
     <span class='ocr_line' id='line_1_15' title="bbox 131 966 1577 1024; baseline 0.003 -19"><span class='ocrx_word' id='word_1_138' title='bbox 131 979 224 1019; x_wconf 81' lang='grc' dir='ltr'><strong><em>ριος</em></strong></span> <span class='ocrx_word' id='word_1_139' title='bbox 251 966 360 1019; x_wconf 90' lang='lat' dir='ltr'>apud</span> <span class='ocrx_word' id='word_1_140' title='bbox 387 968 449 1006; x_wconf 91' lang='lat' dir='ltr'><strong>M.</strong></span> <span class='ocrx_word' id='word_1_141' title='bbox 478 967 677 1008; x_wconf 88' lang='lat' dir='ltr'>Antonin.</span> <span class='ocrx_word' id='word_1_142' title='bbox 707 969 817 1008; x_wconf 89' lang='lat' dir='ltr'>Phil.</span> <span class='ocrx_word' id='word_1_143' title='bbox 848 968 876 1008; x_wconf 93' lang='lat' dir='ltr'>l.</span> <span class='ocrx_word' id='word_1_144' title='bbox 912 985 947 1009; x_wconf 84' lang='lat'><strong>1.</strong></span> <span class='ocrx_word' id='word_1_145' title='bbox 978 983 1054 1023; x_wconf 89' lang='lat' dir='ltr'>pro</span> <span class='ocrx_word' id='word_1_146' title='bbox 1075 971 1373 1024; x_wconf 69' lang='lat' dir='ltr'>parmularius,</span> <span class='ocrx_word' id='word_1_147' title='bbox 1402 969 1473 1009; x_wconf 94' lang='lat' dir='ltr'>ubi</span> <span class='ocrx_word' id='word_1_148' title='bbox 1489 970 1577 1010; x_wconf 83' lang='lat' dir='ltr'>vid.</span> 
     </span>
     <span class='ocr_line' id='line_1_16' title="bbox 128 1021 1580 1078; baseline 0.001 -16"><span class='ocrx_word' id='word_1_149' title='bbox 128 1028 220 1062; x_wconf 86' lang='lat' dir='ltr'>not.</span> <span class='ocrx_word' id='word_1_150' title='bbox 265 1021 454 1061; x_wconf 75' lang='lat' dir='ltr'>Gatakeri</span> <span class='ocrx_word' id='word_1_151' title='bbox 503 1022 582 1062; x_wconf 89' lang='lat' dir='ltr'>alia</span> <span class='ocrx_word' id='word_1_152' title='bbox 620 1023 799 1078; x_wconf 88' lang='lat' dir='ltr'>exempla</span> <span class='ocrx_word' id='word_1_153' title='bbox 834 1024 955 1064; x_wconf 91' lang='lat' dir='ltr'>huius</span> <span class='ocrx_word' id='word_1_154' title='bbox 993 1026 1302 1078; x_wconf 79' lang='lat' dir='ltr'>permutationis</span> <span class='ocrx_word' id='word_1_155' title='bbox 1361 1024 1580 1076; x_wconf 86' lang='lat' dir='ltr'>afferentis,</span> 
     </span>
     <span class='ocr_line' id='line_1_17' title="bbox 116 1083 1580 1149; baseline 0.003 -23"><span class='ocrx_word' id='word_1_156' title='bbox 116 1086 273 1144; x_wconf 83' lang='lat' dir='ltr'>floccus</span> <span class='ocrx_word' id='word_1_157' title='bbox 299 1101 375 1141; x_wconf 86' lang='lat' dir='ltr'>pro</span> <span class='ocrx_word' id='word_1_158' title='bbox 386 1089 579 1142; x_wconf 73' lang='lat' dir='ltr'>floccus,</span> <span class='ocrx_word' id='word_1_159' title='bbox 610 1104 715 1143; x_wconf 90' lang='lat' dir='ltr'>quae</span> <span class='ocrx_word' id='word_1_160' title='bbox 742 1098 802 1130; x_wconf 90' lang='lat' dir='ltr'>est</span> <span class='ocrx_word' id='word_1_161' title='bbox 827 1105 904 1130; x_wconf 81' lang='lat' dir='ltr'>vox</span> <span class='ocrx_word' id='word_1_162' title='bbox 932 1091 1098 1144; x_wconf 85' lang='lat' dir='ltr'>originis</span> <span class='ocrx_word' id='word_1_163' title='bbox 1125 1090 1325 1130; x_wconf 82' lang='lat' dir='ltr'>Arabicae</span> <span class='ocrx_word' id='word_1_164' title='bbox 1357 1083 1480 1149; x_wconf 60' lang='lat' dir='ltr'>³239)ss</span> <span class='ocrx_word' id='word_1_165' title='bbox 1497 1093 1580 1144; x_wconf 79' lang='lat' dir='ltr'>fiz-</span> 
     </span>
     <span class='ocr_line' id='line_1_18' title="bbox 134 1143 1582 1202; baseline 0.003 -21"><span class='ocrx_word' id='word_1_166' title='bbox 134 1154 255 1191; x_wconf 72' lang='lat' dir='ltr'>raca,</span> <span class='ocrx_word' id='word_1_167' title='bbox 298 1143 408 1182; x_wconf 89' lang='lat' dir='ltr'>unde</span> <span class='ocrx_word' id='word_1_168' title='bbox 445 1151 587 1184; x_wconf 88' lang='lat' dir='ltr'>notum</span> <span class='ocrx_word' id='word_1_169' title='bbox 622 1145 725 1185; x_wconf 89' lang='lat' dir='ltr'>illud</span> <span class='ocrx_word' id='word_1_170' title='bbox 752 1161 950 1202; x_wconf 80' lang='lat' dir='ltr'>perquoe</span> <span class='ocrx_word' id='word_1_171' title='bbox 987 1147 1112 1185; x_wconf 78' lang='lat' dir='ltr'>venit.</span> <span class='ocrx_word' id='word_1_172' title='bbox 1172 1146 1210 1185; x_wconf 91' lang='lat' dir='ltr'>A</span> <span class='ocrx_word' id='word_1_173' title='bbox 1233 1148 1380 1200; x_wconf 81' lang='lat' dir='ltr'>frocco</span> <span class='ocrx_word' id='word_1_174' title='bbox 1418 1147 1582 1186; x_wconf 81' lang='lat' dir='ltr'>videtur</span> 
     </span>
     <span class='ocr_line' id='line_1_19' title="bbox 135 1198 1578 1249; baseline 0.004 -14"><span class='ocrx_word' id='word_1_175' title='bbox 135 1198 422 1237; x_wconf 78' lang='lat' dir='ltr'>Germanicum</span> <span class='ocrx_word' id='word_1_176' title='bbox 461 1200 568 1239; x_wconf 81' lang='lat' dir='ltr'>Rock</span> <span class='ocrx_word' id='word_1_177' title='bbox 595 1208 752 1249; x_wconf 79' lang='lat' dir='ltr'>natum.</span> <span class='ocrx_word' id='word_1_178' title='bbox 808 1201 1089 1241; x_wconf 86' lang='lat' dir='ltr'>Scribebamus</span> <span class='ocrx_word' id='word_1_179' title='bbox 1126 1203 1234 1240; x_wconf 90' lang='lat' dir='ltr'>enim</span> <span class='ocrx_word' id='word_1_180' title='bbox 1274 1201 1371 1241; x_wconf 88' lang='lat' dir='ltr'>olim</span> <span class='ocrx_word' id='word_1_181' title='bbox 1405 1202 1578 1241; x_wconf 75' lang='lat' dir='ltr'>lVrock.</span> 
     </span>
     <span class='ocr_line' id='line_1_20' title="bbox 133 1252 1582 1310; baseline 0.003 -19"><span class='ocrx_word' id='word_1_182' title='bbox 133 1252 215 1292; x_wconf 88' lang='lat' dir='ltr'>Sed</span> <span class='ocrx_word' id='word_1_183' title='bbox 252 1267 276 1292; x_wconf 88' lang='lat' dir='ltr'>a</span> <span class='ocrx_word' id='word_1_184' title='bbox 304 1252 424 1307; x_wconf 84' lang='lat' dir='ltr'>longo</span> <span class='ocrx_word' id='word_1_185' title='bbox 461 1255 540 1294; x_wconf 88' lang='lat' dir='ltr'>iam</span> <span class='ocrx_word' id='word_1_186' title='bbox 577 1262 759 1310; x_wconf 90' lang='lat' dir='ltr'>tempore</span> <span class='ocrx_word' id='word_1_187' title='bbox 797 1259 1044 1296; x_wconf 87' lang='lat' dir='ltr'>assuevimus</span> <span class='ocrx_word' id='word_1_188' title='bbox 1081 1256 1182 1295; x_wconf 87' lang='lat' dir='ltr'>illud</span> <span class='ocrx_word' id='word_1_189' title='bbox 1219 1272 1265 1296; x_wconf 78' lang='lat' dir='ltr'><em>w</em></span> <span class='ocrx_word' id='word_1_190' title='bbox 1293 1265 1332 1296; x_wconf 91' lang='lat' dir='ltr'>et</span> <span class='ocrx_word' id='word_1_191' title='bbox 1361 1273 1390 1298; x_wconf 88' lang='lat' dir='ltr'><em>v</em></span> <span class='ocrx_word' id='word_1_192' title='bbox 1427 1257 1582 1296; x_wconf 87' lang='lat' dir='ltr'>initiale</span> 
     </span>
     <span class='ocr_line' id='line_1_21' title="bbox 134 1309 1583 1366; baseline 0.004 -20"><span class='ocrx_word' id='word_1_193' title='bbox 134 1309 342 1357; x_wconf 88' lang='lat' dir='ltr'>omittere,</span> <span class='ocrx_word' id='word_1_194' title='bbox 380 1310 490 1363; x_wconf 92' lang='lat' dir='ltr'>quod</span> <span class='ocrx_word' id='word_1_195' title='bbox 517 1311 634 1351; x_wconf 92' lang='lat' dir='ltr'>Sueci</span> <span class='ocrx_word' id='word_1_196' title='bbox 662 1319 702 1351; x_wconf 84' lang='lat' dir='ltr'>et</span> <span class='ocrx_word' id='word_1_197' title='bbox 730 1312 854 1366; x_wconf 86' lang='lat' dir='ltr'>Angli</span> <span class='ocrx_word' id='word_1_198' title='bbox 881 1314 1151 1352; x_wconf 89' lang='lat' dir='ltr'>retinuerunt.</span> <span class='ocrx_word' id='word_1_199' title='bbox 1208 1313 1371 1352; x_wconf 80' lang='lat' dir='ltr'>Malina</span> <span class='ocrx_word' id='word_1_200' title='bbox 1397 1327 1472 1366; x_wconf 87' lang='lat' dir='ltr'>pro</span> <span class='ocrx_word' id='word_1_201' title='bbox 1500 1327 1583 1352; x_wconf 84' lang='lat' dir='ltr'>ma-</span> 
     </span>
    </p>
   </div>
   <div class='ocr_carea' id='block_1_3' title="bbox 74 1370 1583 1485">
    <p class='ocr_par' dir='ltr' id='par_1_3' title="bbox 74 1370 1583 1485">
     <span class='ocr_line' id='line_1_22' title="bbox 138 1370 1580 1434; baseline 0.006 -22"><span class='ocrx_word' id='word_1_202' title='bbox 138 1375 232 1412; x_wconf 81' lang='lat' dir='ltr'>rina</span> <span class='ocrx_word' id='word_1_203' title='bbox 249 1403 262 1426; x_wconf 89' lang='lat'>‚</span> <span class='ocrx_word' id='word_1_204' title='bbox 307 1388 487 1416; x_wconf 84' lang='lat' dir='ltr'>accessus</span> <span class='ocrx_word' id='word_1_205' title='bbox 514 1378 660 1429; x_wconf 83' lang='lat' dir='ltr'>maris,</span> <span class='ocrx_word' id='word_1_206' title='bbox 705 1379 782 1418; x_wconf 89' lang='lat' dir='ltr'>nisi</span> <span class='ocrx_word' id='word_1_207' title='bbox 810 1378 926 1417; x_wconf 87' lang='lat' dir='ltr'>malis</span> <span class='ocrx_word' id='word_1_208' title='bbox 954 1378 1006 1417; x_wconf 91' lang='lat' dir='ltr'>ab</span> <span class='ocrx_word' id='word_1_209' title='bbox 1034 1378 1209 1417; x_wconf 87' lang='lat' dir='ltr'>Arabico</span> <span class='ocrx_word' id='word_1_210' title='bbox 1241 1370 1343 1433; x_wconf 59' lang='lat' dir='ltr'>Usta</span> <span class='ocrx_word' id='word_1_211' title='bbox 1371 1380 1580 1434; x_wconf 78' lang='lat' dir='ltr'>plenitudo</span> 
     </span>
     <span class='ocr_line' id='line_1_23' title="bbox 74 1427 1583 1485; baseline 0.005 -18"><span class='ocrx_word' id='word_1_212' title='bbox 74 1442 88 1454; x_wconf 90' lang='lat'><strong>·</strong></span> <span class='ocrx_word' id='word_1_213' title='bbox 136 1427 320 1468; x_wconf 83' lang='lat' dir='ltr'>derivare</span> <span class='ocrx_word' id='word_1_214' title='bbox 335 1458 348 1480; x_wconf 91' lang='lat'>‚</span> <span class='ocrx_word' id='word_1_215' title='bbox 393 1437 440 1469; x_wconf 89' lang='lat' dir='ltr'>ut</span> <span class='ocrx_word' id='word_1_216' title='bbox 481 1435 708 1484; x_wconf 88' lang='lat' dir='ltr'>oppositum</span> <span class='ocrx_word' id='word_1_217' title='bbox 754 1434 838 1472; x_wconf 87' lang='lat' dir='ltr'>eius</span> <span class='ocrx_word' id='word_1_218' title='bbox 879 1434 1005 1482; x_wconf 87' lang='lat' dir='ltr'>Ledo,</span> <span class='ocrx_word' id='word_1_219' title='bbox 1030 1434 1329 1473; x_wconf 88' lang='lat' dir='ltr'>decrementum</span> <span class='ocrx_word' id='word_1_220' title='bbox 1347 1464 1359 1485; x_wconf 87' lang='lat'>‚</span> <span class='ocrx_word' id='word_1_221' title='bbox 1405 1448 1583 1474; x_wconf 87' lang='lat' dir='ltr'>recessus</span> 
     </span>
    </p>
   </div>
   <div class='ocr_carea' id='block_1_4' title="bbox 134 1489 1589 2711">
    <p class='ocr_par' dir='ltr' id='par_1_4' title="bbox 134 1489 1588 2429">
     <span class='ocr_line' id='line_1_24' title="bbox 134 1489 1583 1548; baseline 0.006 -16"><span class='ocrx_word' id='word_1_222' title='bbox 134 1494 283 1546; x_wconf 85' lang='lat' dir='ltr'>maris,</span> <span class='ocrx_word' id='word_1_223' title='bbox 310 1495 452 1547; x_wconf 88' lang='lat' dir='ltr'>procul</span> <span class='ocrx_word' id='word_1_224' title='bbox 479 1497 602 1537; x_wconf 87' lang='lat' dir='ltr'>dubio</span> <span class='ocrx_word' id='word_1_225' title='bbox 631 1505 690 1537; x_wconf 89' lang='lat' dir='ltr'>est</span> <span class='ocrx_word' id='word_1_226' title='bbox 721 1498 773 1537; x_wconf 91' lang='lat' dir='ltr'>ab</span> <span class='ocrx_word' id='word_1_227' title='bbox 798 1497 975 1538; x_wconf 84' lang='lat' dir='ltr'>Arabico</span> <span class='ocrx_word' id='word_1_228' title='bbox 1008 1489 1150 1536; x_wconf 59' lang='lat' dir='ltr'>..b-§kil</span> <span class='ocrx_word' id='word_1_229' title='bbox 1185 1499 1330 1548; x_wconf 55' lang='lat' dir='ltr'>&#39;llaectffi</span> <span class='ocrx_word' id='word_1_230' title='bbox 1357 1500 1583 1540; x_wconf 90' lang='lat' dir='ltr'>decremen-</span> 
     </span>
     <span class='ocr_line' id='line_1_25' title="bbox 135 1549 1580 1610; baseline 0.004 -22"><span class='ocrx_word' id='word_1_231' title='bbox 135 1555 252 1599; x_wconf 85' lang='lat' dir='ltr'>tum,</span> <span class='ocrx_word' id='word_1_232' title='bbox 299 1549 557 1603; x_wconf 86' lang='lat' dir='ltr'>imminutio,</span> <span class='ocrx_word' id='word_1_233' title='bbox 596 1553 836 1592; x_wconf 85' lang='lat' dir='ltr'>humiliatio.</span> <span class='ocrx_word' id='word_1_234' title='bbox 890 1551 1090 1607; x_wconf 77' lang='grc' dir='ltr'><em>Ἀρτῆρες</em></span> <span class='ocrx_word' id='word_1_235' title='bbox 1130 1553 1411 1594; x_wconf 85' lang='lat' dir='ltr'>Artemidorus</span> <span class='ocrx_word' id='word_1_236' title='bbox 1449 1555 1479 1594; x_wconf 94' lang='lat' dir='ltr'>l.</span> <span class='ocrx_word' id='word_1_237' title='bbox 1511 1555 1580 1610; x_wconf 83' lang='lat'><strong>57.</strong></span> 
     </span>
     <span class='ocr_line' id='line_1_26' title="bbox 136 1603 1584 1664; baseline 0.006 -22"><span class='ocrx_word' id='word_1_238' title='bbox 136 1617 181 1658; x_wconf 85' lang='lat' dir='ltr'>p.</span> <span class='ocrx_word' id='word_1_239' title='bbox 213 1603 282 1655; x_wconf 79' lang='grc'>48.</span> <span class='ocrx_word' id='word_1_240' title='bbox 324 1612 460 1659; x_wconf 83' lang='lat' dir='ltr'>antep.</span> <span class='ocrx_word' id='word_1_241' title='bbox 498 1621 572 1660; x_wconf 90' lang='lat' dir='ltr'>pro</span> <span class='ocrx_word' id='word_1_242' title='bbox 610 1606 797 1660; x_wconf 71' lang='grc' dir='ltr'>ἁλτῆρες.</span> <span class='ocrx_word' id='word_1_243' title='bbox 855 1608 968 1647; x_wconf 91' lang='lat' dir='ltr'>Idem</span> <span class='ocrx_word' id='word_1_244' title='bbox 995 1623 1035 1662; x_wconf 92' lang='lat' dir='ltr'>p.</span> <span class='ocrx_word' id='word_1_245' title='bbox 1063 1608 1132 1649; x_wconf 85' lang='lat'><strong>56.</strong></span> <span class='ocrx_word' id='word_1_246' title='bbox 1164 1607 1231 1647; x_wconf 87' lang='lat'><strong>28.</strong></span> <span class='ocrx_word' id='word_1_247' title='bbox 1276 1609 1486 1661; x_wconf 64' lang='grc' dir='ltr'>στεργάῖες</span> <span class='ocrx_word' id='word_1_248' title='bbox 1508 1624 1584 1664; x_wconf 88' lang='lat' dir='ltr'>pro</span> 
     </span>
     <span class='ocr_line' id='line_1_27' title="bbox 138 1658 1586 1716; baseline 0.003 -16"><span class='ocrx_word' id='word_1_249' title='bbox 138 1658 363 1711; x_wconf 76' lang='grc' dir='ltr'><strong><em>στελγίδες.</em></strong></span> <span class='ocrx_word' id='word_1_250' title='bbox 417 1661 605 1716; x_wconf 90' lang='lat' dir='ltr'>Utroque</span> <span class='ocrx_word' id='word_1_251' title='bbox 644 1665 753 1703; x_wconf 91' lang='lat' dir='ltr'>enim</span> <span class='ocrx_word' id='word_1_252' title='bbox 785 1663 907 1702; x_wconf 91' lang='lat' dir='ltr'>modo</span> <span class='ocrx_word' id='word_1_253' title='bbox 944 1664 1147 1703; x_wconf 88' lang='lat' dir='ltr'>scribitur.</span> <span class='ocrx_word' id='word_1_254' title='bbox 1204 1658 1376 1715; x_wconf 77' lang='grc' dir='ltr'><em>Ξύοτρα</em></span> <span class='ocrx_word' id='word_1_255' title='bbox 1404 1665 1461 1704; x_wconf 89' lang='lat' dir='ltr'>ibi</span> <span class='ocrx_word' id='word_1_256' title='bbox 1489 1673 1586 1705; x_wconf 87' lang='lat' dir='ltr'>sunt</span> 
     </span>
     <span class='ocr_line' id='line_1_28' title="bbox 138 1715 1587 1772; baseline 0.005 -20"><span class='ocrx_word' id='word_1_257' title='bbox 138 1727 222 1753; x_wconf 89' lang='lat' dir='ltr'>non</span> <span class='ocrx_word' id='word_1_258' title='bbox 249 1715 414 1768; x_wconf 79' lang='lat' dir='ltr'>strigiles</span> <span class='ocrx_word' id='word_1_259' title='bbox 427 1745 439 1767; x_wconf 89' lang='lat'>,</span> <span class='ocrx_word' id='word_1_260' title='bbox 468 1718 539 1756; x_wconf 90' lang='lat' dir='ltr'>sed</span> <span class='ocrx_word' id='word_1_261' title='bbox 564 1719 733 1765; x_wconf 67' lang='lat' dir='ltr'>Biia-stem</span> <span class='ocrx_word' id='word_1_262' title='bbox 748 1749 760 1767; x_wconf 83' lang='lat'>‚</span> <span class='ocrx_word' id='word_1_263' title='bbox 802 1718 1030 1758; x_wconf 77' lang='lat' dir='ltr'>defi-ictoria</span> <span class='ocrx_word' id='word_1_264' title='bbox 1059 1733 1082 1758; x_wconf 91' lang='lat' dir='ltr'>e</span> <span class='ocrx_word' id='word_1_265' title='bbox 1109 1720 1202 1758; x_wconf 78' lang='lat' dir='ltr'>setis</span> <span class='ocrx_word' id='word_1_266' title='bbox 1229 1720 1405 1772; x_wconf 86' lang='lat' dir='ltr'>porcinis</span> <span class='ocrx_word' id='word_1_267' title='bbox 1433 1720 1485 1758; x_wconf 91' lang='lat' dir='ltr'>ad</span> <span class='ocrx_word' id='word_1_268' title='bbox 1513 1720 1587 1759; x_wconf 88' lang='lat' dir='ltr'>fri-</span> 
     </span>
     <span class='ocr_line' id='line_1_29' title="bbox 139 1768 1586 1828; baseline 0.004 -19"><span class='ocrx_word' id='word_1_269' title='bbox 139 1768 310 1809; x_wconf 83' lang='lat' dir='ltr'>candam</span> <span class='ocrx_word' id='word_1_270' title='bbox 352 1772 477 1811; x_wconf 81' lang='lat' dir='ltr'>cutim</span> <span class='ocrx_word' id='word_1_271' title='bbox 517 1780 558 1813; x_wconf 90' lang='lat' dir='ltr'>et</span> <span class='ocrx_word' id='word_1_272' title='bbox 600 1774 859 1828; x_wconf 86' lang='lat' dir='ltr'>detergendas</span> <span class='ocrx_word' id='word_1_273' title='bbox 900 1789 923 1814; x_wconf 91' lang='lat' dir='ltr'>e</span> <span class='ocrx_word' id='word_1_274' title='bbox 961 1774 1138 1815; x_wconf 81' lang='lat' dir='ltr'>vestibus</span> <span class='ocrx_word' id='word_1_275' title='bbox 1176 1774 1329 1814; x_wconf 89' lang='lat' dir='ltr'>sordes.</span> <span class='ocrx_word' id='word_1_276' title='bbox 1386 1774 1586 1828; x_wconf 85' lang='lat' dir='ltr'>Agnellus</span> 
     </span>
     <span class='ocr_line' id='line_1_30' title="bbox 140 1823 1588 1885; baseline 0.005 -22"><span class='ocrx_word' id='word_1_277' title='bbox 140 1823 368 1874; x_wconf 82' lang='lat' dir='ltr'>Pontifical.</span> <span class='ocrx_word' id='word_1_278' title='bbox 399 1841 443 1879; x_wconf 90' lang='lat' dir='ltr'>p.</span> <span class='ocrx_word' id='word_1_279' title='bbox 480 1827 569 1869; x_wconf 88' lang='lat'><strong>108.</strong></span> <span class='ocrx_word' id='word_1_280' title='bbox 604 1830 657 1869; x_wconf 89' lang='lat' dir='ltr'>T.</span> <span class='ocrx_word' id='word_1_281' title='bbox 686 1831 742 1869; x_wconf 92' lang='lat' dir='ltr'><strong>II.</strong></span> <span class='ocrx_word' id='word_1_282' title='bbox 772 1832 972 1870; x_wconf 91' lang='lat' dir='ltr'>Murator.</span> <span class='ocrx_word' id='word_1_283' title='bbox 1017 1830 1180 1869; x_wconf 80' lang='lat' dir='ltr'>vascula</span> <span class='ocrx_word' id='word_1_284' title='bbox 1216 1829 1383 1885; x_wconf 50' lang='lat' dir='ltr'>mli-fiee</span> <span class='ocrx_word' id='word_1_285' title='bbox 1418 1831 1588 1884; x_wconf 80' lang='lat' dir='ltr'>anagri-</span> 
     </span>
     <span class='ocr_line' id='line_1_31' title="bbox 134 1880 1583 1941; baseline 0.006 -24"><span class='ocrx_word' id='word_1_286' title='bbox 134 1880 222 1934; x_wconf 79' lang='lat' dir='ltr'>pha</span> <span class='ocrx_word' id='word_1_287' title='bbox 263 1883 487 1935; x_wconf 80' lang='lat' dir='ltr'>operatione</span> <span class='ocrx_word' id='word_1_288' title='bbox 528 1898 603 1938; x_wconf 88' lang='lat' dir='ltr'>pro</span> <span class='ocrx_word' id='word_1_289' title='bbox 643 1886 886 1941; x_wconf 47' lang='lat' dir='ltr'>anagqypluz.</span> <span class='ocrx_word' id='word_1_290' title='bbox 944 1886 1075 1939; x_wconf 90' lang='lat' dir='ltr'>Supra</span> <span class='ocrx_word' id='word_1_291' title='bbox 1110 1885 1286 1924; x_wconf 86' lang='lat' dir='ltr'>vidimus</span> <span class='ocrx_word' id='word_1_292' title='bbox 1323 1880 1470 1937; x_wconf 77' lang='grc' dir='ltr'><em>βρύειν</em></span> <span class='ocrx_word' id='word_1_293' title='bbox 1505 1899 1583 1938; x_wconf 82' lang='grc' dir='ltr'>ΡιῸ</span> 
     </span>
     <span class='ocr_line' id='line_1_32' title="bbox 143 1929 1587 1995; baseline 0.006 -23"><span class='ocrx_word' id='word_1_294' title='bbox 143 1929 313 1986; x_wconf 74' lang='grc' dir='ltr'><em>βλῦειν·,</em></span> <span class='ocrx_word' id='word_1_295' title='bbox 339 1940 540 1979; x_wconf 67' lang='lat' dir='ltr'>scano-ire.</span> <span class='ocrx_word' id='word_1_296' title='bbox 569 1940 659 1979; x_wconf 90' lang='lat' dir='ltr'>Mos</span> <span class='ocrx_word' id='word_1_297' title='bbox 686 1955 710 1994; x_wconf 81' lang='grc' dir='ltr'><em>ρ</em></span> <span class='ocrx_word' id='word_1_298' title='bbox 739 1949 779 1981; x_wconf 88' lang='lat' dir='ltr'>et</span> <span class='ocrx_word' id='word_1_299' title='bbox 807 1942 831 1980; x_wconf 82' lang='grc' dir='ltr'><strong><em>λ</em></strong></span> <span class='ocrx_word' id='word_1_300' title='bbox 858 1939 1113 1995; x_wconf 84' lang='lat' dir='ltr'>permutandi</span> <span class='ocrx_word' id='word_1_301' title='bbox 1141 1941 1330 1993; x_wconf 89' lang='lat' dir='ltr'>antiquus</span> <span class='ocrx_word' id='word_1_302' title='bbox 1356 1946 1431 1980; x_wconf 90' lang='lat' dir='ltr'>est.</span> <span class='ocrx_word' id='word_1_303' title='bbox 1487 1939 1587 1980; x_wconf 78' lang='lat' dir='ltr'>Pro-</span> 
     </span>
     <span class='ocr_line' id='line_1_33' title="bbox 142 1987 1584 2049; baseline 0.005 -20"><span class='ocrx_word' id='word_1_304' title='bbox 142 1987 243 2028; x_wconf 84' lang='lat' dir='ltr'>bant</span> <span class='ocrx_word' id='word_1_305' title='bbox 270 2004 373 2043; x_wconf 89' lang='lat' dir='ltr'>quae</span> <span class='ocrx_word' id='word_1_306' title='bbox 398 1993 676 2035; x_wconf 87' lang='lat' dir='ltr'>Artemidorus</span> <span class='ocrx_word' id='word_1_307' title='bbox 703 2011 747 2049; x_wconf 89' lang='lat' dir='ltr'>p.</span> <span class='ocrx_word' id='word_1_308' title='bbox 781 2009 845 2035; x_wconf 79' lang='lat'><strong>12.</strong></span> <span class='ocrx_word' id='word_1_309' title='bbox 874 1997 924 2035; x_wconf 84' lang='lat' dir='ltr'>de</span> <span class='ocrx_word' id='word_1_310' title='bbox 951 1997 1098 2035; x_wconf 80' lang='lat' dir='ltr'>camelo</span> <span class='ocrx_word' id='word_1_311' title='bbox 1127 1997 1315 2035; x_wconf 84' lang='lat' dir='ltr'>somniat.</span> <span class='ocrx_word' id='word_1_312' title='bbox 1370 1995 1434 2034; x_wconf 88' lang='lat' dir='ltr'>De</span> <span class='ocrx_word' id='word_1_313' title='bbox 1461 1995 1584 2036; x_wconf 85' lang='lat' dir='ltr'>horto</span> 
     </span>
     <span class='ocr_line' id='line_1_34' title="bbox 143 2044 1587 2105; baseline 0.006 -22"><span class='ocrx_word' id='word_1_314' title='bbox 143 2044 390 2097; x_wconf 84' lang='lat' dir='ltr'>Magnaurae</span> <span class='ocrx_word' id='word_1_315' title='bbox 417 2049 504 2088; x_wconf 89' lang='lat' dir='ltr'>vid.</span> <span class='ocrx_word' id='word_1_316' title='bbox 535 2051 744 2091; x_wconf 87' lang='lat' dir='ltr'>Constant.</span> <span class='ocrx_word' id='word_1_317' title='bbox 771 2053 847 2091; x_wconf 86' lang='lat' dir='ltr'>vit.</span> <span class='ocrx_word' id='word_1_318' title='bbox 870 2051 992 2090; x_wconf 90' lang='lat' dir='ltr'>Basil.</span> <span class='ocrx_word' id='word_1_319' title='bbox 1022 2066 1065 2105; x_wconf 89' lang='lat' dir='ltr'>p.</span> <span class='ocrx_word' id='word_1_320' title='bbox 1095 2050 1191 2090; x_wconf 85' lang='lat'><strong>208.</strong></span> <span class='ocrx_word' id='word_1_321' title='bbox 1211 2050 1258 2089; x_wconf 92' lang='lat' dir='ltr'><strong>B.</strong></span> <span class='ocrx_word' id='word_1_322' title='bbox 1318 2049 1367 2088; x_wconf 90' lang='lat' dir='ltr'>In</span> <span class='ocrx_word' id='word_1_323' title='bbox 1395 2051 1587 2104; x_wconf 82' lang='lat' dir='ltr'>Magnan-</span> 
     </span>
     <span class='ocr_line' id='line_1_35' title="bbox 143 2100 1585 2157; baseline 0.006 -19"><span class='ocrx_word' id='word_1_324' title='bbox 143 2113 190 2138; x_wconf 85' lang='lat' dir='ltr'>ra</span> <span class='ocrx_word' id='word_1_325' title='bbox 210 2100 414 2141; x_wconf 77' lang='lat' dir='ltr'>condebat</span> <span class='ocrx_word' id='word_1_326' title='bbox 439 2104 590 2145; x_wconf 84' lang='lat' dir='ltr'>Bardas</span> <span class='ocrx_word' id='word_1_327' title='bbox 603 2135 616 2157; x_wconf 86' lang='lat'><strong>‚</strong></span> <span class='ocrx_word' id='word_1_328' title='bbox 650 2106 856 2146; x_wconf 80' lang='lat' dir='ltr'>Michaelis</span> <span class='ocrx_word' id='word_1_329' title='bbox 885 2107 1031 2146; x_wconf 88' lang='lat' dir='ltr'>ebriosi</span> <span class='ocrx_word' id='word_1_330' title='bbox 1060 2105 1283 2145; x_wconf 85' lang='lat' dir='ltr'>avunculus</span> <span class='ocrx_word' id='word_1_331' title='bbox 1298 2134 1310 2155; x_wconf 90' lang='lat'>‚</span> <span class='ocrx_word' id='word_1_332' title='bbox 1338 2104 1585 2146; x_wconf 88' lang='lat' dir='ltr'>academiam</span> 
     </span>
     <span class='ocr_line' id='line_1_36' title="bbox 145 2153 1583 2216; baseline 0.006 -22"><span class='ocrx_word' id='word_1_333' title='bbox 145 2153 222 2194; x_wconf 82' lang='lat' dir='ltr'>sub</span> <span class='ocrx_word' id='word_1_334' title='bbox 249 2154 467 2198; x_wconf 88' lang='lat' dir='ltr'>directione</span> <span class='ocrx_word' id='word_1_335' title='bbox 494 2161 639 2200; x_wconf 88' lang='lat' dir='ltr'>Leonis</span> <span class='ocrx_word' id='word_1_336' title='bbox 665 2161 907 2215; x_wconf 86' lang='lat' dir='ltr'>philosophi.</span> <span class='ocrx_word' id='word_1_337' title='bbox 965 2162 1129 2201; x_wconf 87' lang='lat' dir='ltr'>Contin.</span> <span class='ocrx_word' id='word_1_338' title='bbox 1157 2160 1395 2214; x_wconf 88' lang='lat' dir='ltr'>Theophan.</span> <span class='ocrx_word' id='word_1_339' title='bbox 1426 2174 1468 2214; x_wconf 88' lang='lat' dir='ltr'>p.</span> <span class='ocrx_word' id='word_1_340' title='bbox 1491 2175 1583 2216; x_wconf 84' lang='lat'><strong>117.</strong></span> 
     </span>
     <span class='ocr_line' id='line_1_37' title="bbox 145 2212 1586 2271; baseline 0.006 -23"><span class='ocrx_word' id='word_1_341' title='bbox 145 2216 187 2248; x_wconf 90' lang='lat' dir='ltr'>et</span> <span class='ocrx_word' id='word_1_342' title='bbox 211 2223 300 2264; x_wconf 86' lang='lat'>¹¹9·</span> <span class='ocrx_word' id='word_1_343' title='bbox 359 2212 598 2269; x_wconf 82' lang='lat' dir='ltr'>Contiguam</span> <span class='ocrx_word' id='word_1_344' title='bbox 622 2217 771 2269; x_wconf 89' lang='lat' dir='ltr'>palatio</span> <span class='ocrx_word' id='word_1_345' title='bbox 799 2231 962 2271; x_wconf 86' lang='lat' dir='ltr'>magno,</span> <span class='ocrx_word' id='word_1_346' title='bbox 991 2231 1061 2256; x_wconf 91' lang='lat' dir='ltr'>seu</span> <span class='ocrx_word' id='word_1_347' title='bbox 1089 2216 1438 2268; x_wconf 86' lang='lat' dir='ltr'>Constantiniano,</span> <span class='ocrx_word' id='word_1_348' title='bbox 1463 2215 1586 2256; x_wconf 84' lang='lat' dir='ltr'>fuisse</span> 
     </span>
     <span class='ocr_line' id='line_1_38' title="bbox 145 2264 1587 2325; baseline 0.006 -22"><span class='ocrx_word' id='word_1_349' title='bbox 145 2264 412 2318; x_wconf 87' lang='lat' dir='ltr'>Magnauram</span> <span class='ocrx_word' id='word_1_350' title='bbox 443 2283 466 2308; x_wconf 90' lang='lat' dir='ltr'>e</span> <span class='ocrx_word' id='word_1_351' title='bbox 489 2270 624 2311; x_wconf 77' lang='lat' dir='ltr'>multis</span> <span class='ocrx_word' id='word_1_352' title='bbox 651 2279 761 2325; x_wconf 89' lang='lat' dir='ltr'>patet</span> <span class='ocrx_word' id='word_1_353' title='bbox 788 2272 886 2311; x_wconf 89' lang='lat' dir='ltr'>locis</span> <span class='ocrx_word' id='word_1_354' title='bbox 913 2272 1033 2311; x_wconf 92' lang='lat' dir='ltr'>huius</span> <span class='ocrx_word' id='word_1_355' title='bbox 1061 2271 1210 2310; x_wconf 81' lang='lat' dir='ltr'>codicis</span> <span class='ocrx_word' id='word_1_356' title='bbox 1223 2301 1236 2321; x_wconf 83' lang='lat'>‚</span> <span class='ocrx_word' id='word_1_357' title='bbox 1278 2277 1318 2310; x_wconf 89' lang='lat' dir='ltr'>et</span> <span class='ocrx_word' id='word_1_358' title='bbox 1346 2272 1453 2310; x_wconf 90' lang='lat' dir='ltr'>inter</span> <span class='ocrx_word' id='word_1_359' title='bbox 1485 2271 1587 2311; x_wconf 84' lang='lat' dir='ltr'>alios</span> 
     </span>
     <span class='ocr_line' id='line_1_39' title="bbox 146 2319 1586 2416; baseline 0.007 -58"><span class='ocrx_word' id='word_1_360' title='bbox 146 2333 194 2416; x_wconf 55' lang='grc' dir='ltr'>ἓξ</span> <span class='ocrx_word' id='word_1_361' title='bbox 225 2319 303 2359; x_wconf 87' lang='lat' dir='ltr'>hoc</span> <span class='ocrx_word' id='word_1_362' title='bbox 317 2351 331 2372; x_wconf 90' lang='lat'>‚</span> <span class='ocrx_word' id='word_1_363' title='bbox 376 2323 447 2362; x_wconf 89' lang='lat' dir='ltr'>ubi</span> <span class='ocrx_word' id='word_1_364' title='bbox 487 2326 710 2380; x_wconf 86' lang='lat' dir='ltr'>Magnaura</span> <span class='ocrx_word' id='word_1_365' title='bbox 745 2328 850 2367; x_wconf 88' lang='lat' dir='ltr'>inter</span> <span class='ocrx_word' id='word_1_366' title='bbox 881 2327 1075 2381; x_wconf 87' lang='lat' dir='ltr'>palatium</span> <span class='ocrx_word' id='word_1_367' title='bbox 1113 2333 1153 2365; x_wconf 91' lang='lat' dir='ltr'>et</span> <span class='ocrx_word' id='word_1_368' title='bbox 1188 2327 1232 2365; x_wconf 91' lang='lat' dir='ltr'><strong>S.</strong></span> <span class='ocrx_word' id='word_1_369' title='bbox 1270 2325 1460 2380; x_wconf 86' lang='lat' dir='ltr'>Sophiam</span> <span class='ocrx_word' id='word_1_370' title='bbox 1498 2340 1586 2367; x_wconf 85' lang='lat' dir='ltr'>me-</span> 
     </span>
     <span class='ocr_line' id='line_1_40' title="bbox 177 2378 1109 2429; baseline 0.006 -15"><span class='ocrx_word' id='word_1_371' title='bbox 177 2388 214 2414; x_wconf 72' lang='lat' dir='ltr'>la</span> <span class='ocrx_word' id='word_1_372' title='bbox 243 2378 423 2429; x_wconf 85' lang='lat' dir='ltr'>ponitur.</span> <span class='ocrx_word' id='word_1_373' title='bbox 1104 2417 1109 2420; x_wconf 84' lang='lat'><strong>.</strong></span> 
     </span>
    </p>

    <p class='ocr_par' dir='ltr' id='par_1_5' title="bbox 147 2431 1589 2711">
     <span class='ocr_line' id='line_1_41' title="bbox 255 2431 1589 2490; baseline 0.005 -21"><span class='ocrx_word' id='word_1_374' title='bbox 255 2431 310 2470; x_wconf 93' lang='lat' dir='ltr'><strong>D.</strong></span> <span class='ocrx_word' id='word_1_375' title='bbox 343 2446 379 2472; x_wconf 93' lang='lat'><strong>1.</strong></span> <span class='ocrx_word' id='word_1_376' title='bbox 405 2433 525 2485; x_wconf 81' lang='lat'><strong>[125‚</strong></span> <span class='ocrx_word' id='word_1_377' title='bbox 546 2434 633 2490; x_wconf 83' lang='lat'><strong>25.]</strong></span> <span class='ocrx_word' id='word_1_378' title='bbox 663 2436 807 2490; x_wconf 83' lang='grc' dir='ltr'><em>κηρίον</em></span> <span class='ocrx_word' id='word_1_379' title='bbox 833 2432 1053 2489; x_wconf 72' lang='grc' dir='ltr'><em>λιτανίκην.</em></span> <span class='ocrx_word' id='word_1_380' title='bbox 1110 2436 1173 2475; x_wconf 90' lang='lat' dir='ltr'>Ita</span> <span class='ocrx_word' id='word_1_381' title='bbox 1206 2449 1350 2490; x_wconf 86' lang='lat' dir='ltr'>nempe</span> <span class='ocrx_word' id='word_1_382' title='bbox 1375 2442 1435 2475; x_wconf 87' lang='lat' dir='ltr'>est</span> <span class='ocrx_word' id='word_1_383' title='bbox 1464 2436 1589 2476; x_wconf 89' lang='lat' dir='ltr'>inco-</span> 
     </span>
     <span class='ocr_line' id='line_1_42' title="bbox 147 2483 1586 2547; baseline 0.006 -25"><span class='ocrx_word' id='word_1_384' title='bbox 147 2483 236 2523; x_wconf 85' lang='lat' dir='ltr'>dice</span> <span class='ocrx_word' id='word_1_385' title='bbox 265 2499 339 2538; x_wconf 87' lang='lat' dir='ltr'>pro</span> <span class='ocrx_word' id='word_1_386' title='bbox 369 2488 608 2529; x_wconf 71' lang='grc' dir='ltr'><strong><em>λιτανίκιον.</em></strong></span> <span class='ocrx_word' id='word_1_387' title='bbox 665 2492 803 2531; x_wconf 76' lang='lat' dir='ltr'>Cereus</span> <span class='ocrx_word' id='word_1_388' title='bbox 830 2500 965 2531; x_wconf 86' lang='lat' dir='ltr'>autem</span> <span class='ocrx_word' id='word_1_389' title='bbox 986 2491 1288 2546; x_wconf 63' lang='lat' dir='ltr'>processionalis</span> <span class='ocrx_word' id='word_1_390' title='bbox 1314 2490 1455 2547; x_wconf 80' lang='lat' dir='ltr'>absque</span> <span class='ocrx_word' id='word_1_391' title='bbox 1463 2493 1586 2546; x_wconf 78' lang='lat' dir='ltr'>&#39;phia-</span> 
     </span>
     <span class='ocr_line' id='line_1_43' title="bbox 148 2539 1587 2601; baseline 0.005 -23"><span class='ocrx_word' id='word_1_392' title='bbox 148 2539 192 2578; x_wconf 85' lang='lat' dir='ltr'>la</span> <span class='ocrx_word' id='word_1_393' title='bbox 223 2547 305 2592; x_wconf 86' lang='lat' dir='ltr'>est,</span> <span class='ocrx_word' id='word_1_394' title='bbox 347 2543 412 2582; x_wconf 91' lang='lat' dir='ltr'>cui</span> <span class='ocrx_word' id='word_1_395' title='bbox 444 2543 555 2584; x_wconf 89' lang='lat' dir='ltr'>deest</span> <span class='ocrx_word' id='word_1_396' title='bbox 590 2545 725 2599; x_wconf 87' lang='lat' dir='ltr'>phiala</span> <span class='ocrx_word' id='word_1_397' title='bbox 743 2577 754 2598; x_wconf 91' lang='lat'>‚</span> <span class='ocrx_word' id='word_1_398' title='bbox 801 2561 871 2586; x_wconf 92' lang='lat' dir='ltr'>seu</span> <span class='ocrx_word' id='word_1_399' title='bbox 905 2546 1055 2585; x_wconf 88' lang='lat' dir='ltr'>lamina</span> <span class='ocrx_word' id='word_1_400' title='bbox 1084 2545 1165 2585; x_wconf 89' lang='lat' dir='ltr'>lata</span> <span class='ocrx_word' id='word_1_401' title='bbox 1196 2561 1289 2585; x_wconf 89' lang='lat' dir='ltr'>cum</span> <span class='ocrx_word' id='word_1_402' title='bbox 1323 2560 1448 2600; x_wconf 85' lang='lat' dir='ltr'>parvo</span> <span class='ocrx_word' id='word_1_403' title='bbox 1482 2546 1587 2601; x_wconf 84' lang='lat' dir='ltr'>stylo</span> 
     </span>
     <span class='ocr_line' id='line_1_44' title="bbox 149 2593 1587 2656; baseline 0.006 -25"><span class='ocrx_word' id='word_1_404' title='bbox 149 2593 216 2632; x_wconf 85' lang='lat' dir='ltr'>vel</span> <span class='ocrx_word' id='word_1_405' title='bbox 242 2609 387 2649; x_wconf 84' lang='lat' dir='ltr'>scapo,</span> <span class='ocrx_word' id='word_1_406' title='bbox 429 2613 511 2652; x_wconf 88' lang='lat' dir='ltr'>quo</span> <span class='ocrx_word' id='word_1_407' title='bbox 542 2608 675 2641; x_wconf 85' lang='lat' dir='ltr'>rectus</span> <span class='ocrx_word' id='word_1_408' title='bbox 703 2609 862 2640; x_wconf 89' lang='lat' dir='ltr'>tenetur</span> <span class='ocrx_word' id='word_1_409' title='bbox 893 2615 1029 2640; x_wconf 87' lang='lat' dir='ltr'>cereus</span> <span class='ocrx_word' id='word_1_410' title='bbox 1049 2631 1061 2651; x_wconf 91' lang='lat'>‚</span> <span class='ocrx_word' id='word_1_411' title='bbox 1100 2608 1141 2640; x_wconf 89' lang='lat' dir='ltr'>et</span> <span class='ocrx_word' id='word_1_412' title='bbox 1172 2601 1213 2640; x_wconf 86' lang='lat' dir='ltr'>in</span> <span class='ocrx_word' id='word_1_413' title='bbox 1240 2615 1361 2656; x_wconf 90' lang='lat' dir='ltr'>quam</span> <span class='ocrx_word' id='word_1_414' title='bbox 1394 2600 1587 2640; x_wconf 82' lang='lat' dir='ltr'>laminam</span> 
     </span>
     <span class='ocr_line' id='line_1_45' title="bbox 153 2646 1586 2711; baseline 0.007 -26"><span class='ocrx_word' id='word_1_415' title='bbox 153 2646 334 2690; x_wconf 81' lang='lat' dir='ltr'>defluunt</span> <span class='ocrx_word' id='word_1_416' title='bbox 347 2682 359 2700; x_wconf 93' lang='lat'>‚</span> <span class='ocrx_word' id='word_1_417' title='bbox 388 2667 491 2707; x_wconf 89' lang='lat' dir='ltr'>quae</span> <span class='ocrx_word' id='word_1_418' title='bbox 519 2669 543 2694; x_wconf 94' lang='lat' dir='ltr'>a</span> <span class='ocrx_word' id='word_1_419' title='bbox 571 2670 685 2696; x_wconf 90' lang='lat' dir='ltr'>cereo</span> <span class='ocrx_word' id='word_1_420' title='bbox 712 2656 986 2711; x_wconf 90' lang='lat' dir='ltr'>deliquescunt</span> <span class='ocrx_word' id='word_1_421' title='bbox 1015 2663 1056 2695; x_wconf 88' lang='lat' dir='ltr'>et</span> <span class='ocrx_word' id='word_1_422' title='bbox 1085 2657 1171 2696; x_wconf 81' lang='lat' dir='ltr'>eius</span> <span class='ocrx_word' id='word_1_423' title='bbox 1204 2657 1354 2697; x_wconf 84' lang='lat' dir='ltr'>sordes.</span> <span class='ocrx_word' id='word_1_424' title='bbox 1413 2656 1586 2696; x_wconf 82' lang='lat' dir='ltr'>Contra·</span> 
     </span>
    </p>
   </div>
   <div class='ocr_carea' id='block_1_5' title="bbox 153 2702 1590 2768">
    <p class='ocr_par' dir='ltr' id='par_1_6' title="bbox 153 2702 1590 2768">
     <span class='ocr_line' id='line_1_46' title="bbox 153 2702 1590 2768; baseline 0.007 -27"><span class='ocrx_word' id='word_1_425' title='bbox 153 2702 204 2742; x_wconf 81' lang='lat' dir='ltr'>rii</span> <span class='ocrx_word' id='word_1_426' title='bbox 234 2713 326 2746; x_wconf 87' lang='lat' dir='ltr'>sunt</span> <span class='ocrx_word' id='word_1_427' title='bbox 345 2705 397 2747; x_wconf 73' lang='grc' dir='ltr'>τὰ</span> <span class='ocrx_word' id='word_1_428' title='bbox 425 2706 645 2765; x_wconf 55' lang='lat' dir='ltr'>&amp;neptam</span> <span class='ocrx_word' id='word_1_429' title='bbox 671 2707 822 2766; x_wconf 77' lang='grc' dir='ltr'><strong><em>κηρία,</em></strong></span> <span class='ocrx_word' id='word_1_430' title='bbox 850 2726 891 2768; x_wconf 84' lang='lat' dir='ltr'>p.</span> <span class='ocrx_word' id='word_1_431' title='bbox 916 2712 983 2767; x_wconf 79' lang='lat'><strong>93.</strong></span> <span class='ocrx_word' id='word_1_432' title='bbox 1016 2711 1088 2766; x_wconf 66' lang='lat' dir='ltr'>A„</span> <span class='ocrx_word' id='word_1_433' title='bbox 1117 2713 1222 2754; x_wconf 85' lang='lat' dir='ltr'>cerei</span> <span class='ocrx_word' id='word_1_434' title='bbox 1250 2726 1342 2755; x_wconf 88' lang='lat' dir='ltr'>cum</span> <span class='ocrx_word' id='word_1_435' title='bbox 1374 2712 1590 2767; x_wconf 81' lang='lat' dir='ltr'>suppositis</span> 
     </span>
    </p>
   </div>
  </div>
 </body>
</html>
