1884 3132
290 138 399 195 792
569 138 792 186 10.‚1AC.
850 140 1045 180 REISKII
1092 134 1466 179 COMMENTARH

290 244 548 296 discrepuissc
569 274 579 294 ‚
605 242 678 281 'illa
708 245 859 282 maiora
877 271 889 292 ‚
930 242 1004 281 hos
1034 243 1206 281 minores
1234 242 1382 291 fuisse,
1426 238 1544 278 ambo
1571 236 1739 278 circulos

290 299 438 338 ferreos
477 299 526 336 ad
567 298 949 351 apprehendendum
978 297 1130 350 aliquid
1161 304 1231 336 aut
1264 297 1316 334 ad
1357 294 1568 348 illigandos
1609 293 1735 332 funes.

290 354 387 392 Post
417 353 595 404 σιδηραῖ
616 360 686 391 aut
715 353 971 392 inserendum
1003 360 1063 391 est
1089 350 1181 402 καὶ,
1221 359 1292 390 aut
1330 350 1462 390 saltim
1491 362 1648 388 comma
1675 349 1740 387 in-

291 409 604 462 terponendum.
1721 423 1725 426 ⁴

405 464 454 502 C.
484 478 523 501 2.
568 463 684 517 [Sym
714 462 795 517 16.]
836 462 1014 509 σείστας.
1078 461 1289 511 Dubitavi,
1329 474 1410 514 quo
1437 458 1558 498 modo
1596 470 1740 496 vocem

292 520 396 557 lianc
412 518 634 557 redderem.
665 518 851 557 Poteram
864 527 1018 556 catenas
1031 517 1282 570 interpretari
1308 523 1348 555 et
1373 517 1430 555 sic
1444 515 1519 554 feci
1532 512 1742 567 p.*59o.D.

294 575 335 612 5.
359 575 463 612 Nam
477 588 595 626 supra
615 573 665 611 ad
683 588 724 626 p.
754 574 848 612 356.
886 573 941 611 D.
960 575 1003 612 3.
1029 573 1317 621 demonstravi,
1352 565 1471 622 σειρὰ
1505 576 1546 608 et
1577 563 1743 607 σειστόν

295 643 416 668 omne
444 629 678 682 pendulum,
721 629 889 678 laxam,
931 628 1114 666 oscillans
1141 641 1239 666 esse.
1284 625 1413 665 Malui
1430 632 1564 665 tamen
1579 622 1744 662 malleos

296 691 480 734 vertere,
511 680 593 722 ἀπὸ
623 683 701 721 τοῦ
726 680 879 733 σείειν,
906 683 959 721 ab
985 682 1229 721 incutiendo.
1278 687 1282 690 '

298 787 300 790 v
407 739 453 781 C.
473 737 514 790 4.
548 738 657 792 [(ὶςο,
687 738 772 792 17.]
804 735 1020 779 καηοῦλια.
1075 738 1198 776 Venit
1227 751 1248 775 a
1268 737 1412 775 Latino
1438 735 1614 790 capulus,
1635 731 1744 785 quod

297 809 436 832 aream
466 807 549 832 esse
581 796 740 832 mortuis
770 793 993 845 qffbrendis,
1031 807 1149 831 nemo
1179 793 1350 845 ignorat.
1407 791 1575 843 Proprie
1610 795 1744 826 tamen

297 850 456 902 capulus
497 855 555 887 cst
604 851 732 886 omnis
772 862 862 886 arca
904 849 1175 900 cuiuscunque
1215 861 1336 896 usus,
1380 845 1486 884 facta
1529 843 1582 883 ad
1619 843 1743 881 instar

299 902 455 955 κάπης,
492 905 723 957 praesepis,
768 898 949 955 φάτνης,
987 903 1095 940 unde
1127 903 1302 941 iumenta
1335 900 1529 954 pabulum
1566 899 1744 951 capiunt.

301 958 431 1010 Κάπη
459 965 519 996 est
551 958 592 995 id
623 958 731 1010 quod
762 955 977 1003 κάπτεται,
1009 957 1201 1010 pabulum
1219 986 1231 1005 ,
1268 963 1307 995 et
1328 970 1396 994 vas
1414 955 1602 1008 ligneum,
1635 966 1746 991 saxe-

302 1028 448 1061 umve,
470 1012 576 1051 unde
595 1012 812 1058 κάπτεται,
844 1010 910 1049 die
938 1012 1108 1067 Krippe.
1165 1011 1264 1049 Inde
1291 1007 1475 1055 κάπαλος
1496 1016 1535 1047 et
1560 1007 1745 1061 capulus,

306 1083 397 1107 arca
411 1069 590 1120 praesepi
610 1067 764 1115 similis,
781 1074 820 1104 et
835 1066 996 1104 tandem
1008 1063 1234 1105 καπούλιον
1247 1066 1363 1103 novis
1376 1064 1539 1103 Graecis
1554 1070 1614 1101 est
1623 1075 1750 1116 capu-

307 1125 380 1172 lus,
408 1137 498 1161 arca
516 1122 666 1160 ahenea
679 1121 744 1160 vel
765 1121 907 1174 lignea,
932 1119 1106 1172 labrum,
1124 1121 1162 1159 in
1185 1134 1265 1174 quo
1284 1120 1456 1169 lavatur,
1474 1119 1559 1157 eine
1581 1117 1750 1155 PVasch-

302 1192 460 1217 warine.
517 1176 633 1215 Clare
660 1177 737 1215 hoc
769 1183 877 1228 patet
904 1190 949 1215 ex
982 1175 1070 1215 loco
1100 1176 1284 1215 Pseudo·
1304 1173 1576 1220 Dioscoridis,
1623 1184 1744 1225 quem

303 1233 371 1271 Du
405 1234 538 1285 Gange
567 1247 611 1270 v.
643 1229 890 1270 Καπούλιον
920 1232 1042 1270 citat:
1091 1230 1164 1269 καί
1199 1230 1334 1268 ταῦτα
1374 1225 1557 1279 ἔμβαλον
1585 1226 1645 1273 εἰς
1672 1240 1748 1265 κω·

306 1281 481 1326 πούλιον
508 1283 582 1325 καί
617 1282 824 1331 ἐπιθύσας
861 1283 1069 1350 ζξπιθύειν
1108 1292 1167 1324 est
1195 1285 1300 1323 idem
1326 1284 1433 1337 quod
1462 1279 1746 1328 ἐπισπένδειν,

308 1341 496 1392 ἐπιχεῖν,
537 1339 840 1395 supersterzdere]
870 1340 1013 1388 οξους,
1061 1338 1245 1392 κάθησον
1273 1337 1318 1377 ἐν
1346 1338 1403 1394 τῷ
1421 1334 1632 1390 καπουλίῳ
1651 1330 1752 1381 roffi,-

307 1391 534 1446 κάμνοντας
579 1392 815 1442 κοιλιακούς
831 1426 844 1445 ,
884 1395 1020 1434 inditis
1055 1396 1115 1433 lais
1152 1395 1195 1433 in
1235 1393 1391 1433 labrum
1406 1425 1418 1445 ‚
1473 1401 1511 1431 et
1551 1392 1757 1446 superfit-50

307 1452 460 1489 tantillo
487 1452 588 1489 aceti
613 1451 697 1489 iube
724 1465 778 1489 ex
809 1460 943 1490 ventre
974 1451 1194 1489 laborantes
1220 1451 1262 1488 in
1290 1449 1401 1487 labro
1433 1447 1622 1490 desidere.
1678 1446 1750 1484 Li-

307 1505 380 1544 ber
408 1506 501 1556 ille,
543 1505 649 1544 unde
681 1505 778 1544 haec
806 1505 931 1544 rhesis
959 1505 1221 1558 deprompta,
1254 1502 1395 1557 procul
1421 1503 1545 1543 dubio
1571 1516 1617 1542 ex
1647 1499 1752 1540 Ara-

308 1562 399 1599 bico
431 1562 581 1599 Graece
611 1575 751 1599 versus
779 1567 862 1613 estj
896 1561 930 1600 si
965 1560 1203 1600 haberemus
1231 1558 1430 1612 Arabica,
1473 1557 1640 1597 dubium
1669 1568 1753 1594 non

310 1635 395 1678 est,
426 1628 523 1679 quin
552 1641 626 1679 pro
657 1621 882 1666 καπούλιον
902 1626 959 1665 ibi
991 1640 1132 1665 vocem
1150 1626 1296 1680 Apzan
1324 1614 1415 1682 Uj-Jl
1473 1633 1752 1674 repemremus·

418 1682 460 1719 C.
496 1681 534 1721 5.
565 1682 679 1736 [670‚
712 1680 791 1733 18.]
820 1678 1100 1734 α’ρμιλαύσια.
1159 1679 1448 1719 Armilausium
1484 1684 1543 1715 est
1576 1675 1659 1727 sagi
1686 1687 1754 1727 ge·

312 1751 389 1775 niis
427 1736 530 1774 infra
560 1737 708 1789 pubem
739 1738 872 1775 statim
905 1737 1088 1775 desinens
1116 1742 1155 1775 et
1184 1735 1351 1773 manicis
1378 1745 1539 1782 tarem,
1582 1742 1752 1783 quarum

314 1792 402 1830 loco
443 1792 574 1830 hiatus
602 1792 665 1831 vel
698 1792 886 1831 fenestras
928 1790 1108 1830 habebat
1136 1790 1286 1844 amplas
1315 1785 1536 1828 exserendis
1565 1784 1752 1825 brachiis.

316 1847 407 1885 Non
431 1846 638 1886 differebat
667 1861 690 1885 a
719 1847 901 1886 Romano
928 1860 1021 1900 sago
1047 1847 1123 1884 nisi
1151 1846 1189 1884 in
1221 1857 1293 1895 eo,
1321 1843 1430 1897 quod
1450 1843 1624 1880 manicas
1648 1852 1756 1893 prox:-

317 1916 383 1940 sus
414 1901 582 1940 haberet
608 1901 764 1951 nullas,
793 1916 886 1940 cum
917 1901 1144 1940 Romanum
1172 1900 1386 1954 perbreves
1410 1897 1576 1937 haberet
1609 1902 1649 1935 et
1674 1908 1756 1933 non

320 1957 371 1994 ad
399 1956 613 1995 articulum
654 1956 904 1996 humei-icum
942 1957 1078 1999 cubito
1115 1957 1374 2008 pertinentes.
1429 1952 1601 1992 Videtur
1639 1949 1758 1990 vestis

320 2025 342 2049 e
373 2012 588 2050 Germania
617 2012 658 2049 in
690 2012 844 2050 Italiam
873 2019 912 2051 et
938 2011 1122 2064 deinceps
1150 2011 1191 2049 in
1220 2010 1429 2049 Graeciam
1449 2008 1617 2047 venisse.
1675 2005 1757 2043 No-

321 2080 412 2104 men
446 2073 552 2105 certc
581 2067 862 2106 Germanicum
895 2073 967 2105 est.
1023 2066 1274 2106 Armelausia
1304 2065 1408 2103 idem
1439 2069 1498 2103 est
1525 2068 1646 2114 atque
1675 2060 1760 2098 Ar-

324 2122 471 2167 ιηείοε,
514 2122 623 2174 quod
665 2130 772 2160 caret
805 2121 1021 2162 armalihus
1061 2135 1130 2160 seu
1170 2120 1377 2170 manicis,·j‘
1406 2118 1469 2158 vel
1501 2119 1635 2172 potius
1665 2114 1759 2153 bra-

328 2174 538 2214 chialibus.
622 2175 707 2215 Aut
756 2177 876 2215 salsus
926 2183 965 2215 et
1012 2183 1182 2229 nugatus
1241 2174 1316 2213 fuit
1375 2173 1549 2213 Isidorus
1601 2172 1652 2210 L.
1700 2183 1762 2223 19.

327 2245 360 2271 c.
383 2244 472 2278 22„
515 2238 583 2268 aut
618 2246 698 2269 non
733 2231 838 2270 idem
877 2232 1156 2270 vestimentum
1184 2230 1293 2268 omni
1320 2235 1499 2282 tempore
1529 2240 1577 2266 eo
1603 2224 1764 2264 nomine

330 2286 455 2325 venit.
510 2285 711 2324 Describit
744 2286 811 2325 ille
851 2288 933 2325 sic:
980 2287 1201 2324 armelausa
1226 2285 1342 2337 vulgo
1369 2286 1424 2322 sic
1463 2290 1618 2329 vocata,
1658 2279 1766 2335 quod

330 2349 421 2378 ante
447 2348 483 2378 et
510 2349 612 2378 retro
643 2341 776 2379 divisa
802 2350 916 2396 atque
942 2349 1086 2396 aperta
1116 2350 1171 2379 est
1188 2370 1200 2390 ‚
1229 2341 1271 2378 in
1297 2340 1418 2377 armis
1444 2346 1591 2376 tantiam
1616 2336 1760 2382 clausa,

332 2396 447 2448 quasi
472 2395 708 2433 armiclausa
723 2424 734 2444 ‚
780 2396 894 2434 litera
925 2396 962 2434 C
983 2397 1133 2437 ablata.
1190 2395 1301 2433 Idem
1332 2395 1475 2447 repetit
1499 2391 1660 2445 Uguti0‚
1691 2388 1763 2426 ad-

335 2450 433 2488 dens
465 2450 726 2488 armelausam
751 2460 788 2488 et
813 2451 1044 2489 Sclavinam
1071 2448 1236 2488 eandem
1264 2458 1404 2488 vestem
1436 2462 1528 2486 esse.
1586 2443 1706 2495 Quod
1733 2445 1766 2481 si

334 2511 441 2541 recte
486 2503 694 2556 perhibet,
744 2505 926 2558 idemque
975 2513 1032 2544 est
1069 2505 1258 2543 Sclavina
1297 2511 1416 2555 atque
1461 2501 1764 2548 vestimentum,

337 2558 445 2608 quod
491 2560 532 2595 in
572 2558 739 2598 Saxonia
778 2559 974 2599 vocabulo
1012 2560 1103 2598 inde
1138 2560 1316 2598 derivato
1346 2558 1561 2596 Schalaune
1595 2553 1766 2606 appella-

335 2624 452 2660 mus,
492 2619 576 2650 toto
621 2615 730 2653 coelo
774 2615 962 2653 differunt
999 2614 1233 2653 armelausia
1273 2613 1411 2651 Isidori
1455 2617 1495 2649 et
1535 2608 1768 2647 armelausia

339 2664 538 2703 sclavina.
599 2668 671 2706 Illa
715 2671 820 2708 enim
854 2670 994 2708 Isidori
1026 2671 1269 2708 Graecorum
1298 2674 1356 2706 est
1382 2663 1560 2714 ἑπωμίς,
1603 2665 1769 2702 Latino-

338 2731 484 2762 norum
525 2723 760 2776 scapulare‘,
804 2725 914 2763 cuius
954 2723 1174 2777 elegantem
1210 2722 1330 2762 habet
1369 2720 1579 2773 imaginem
1606 2717 1774 2760 Paullus
