1884 3132
293 130 401 183 622
606 150 678 190 10.
722 151 825 193 mc.
865 154 1057 195 Reisxu
1094 146 1468 199 COMMENTARH

298 258 339 290 et
365 250 534 291 alterum
567 251 810 296 ἐπανελθών
837 272 908 310 pro
934 255 1258 311 ἐπανελθόιτοςς
1287 259 1411 300 nolim
1431 266 1564 300 tamen
1581 261 1631 302 de
1652 277 1731 303 non

295 307 469 346 admisso
498 309 672 360 quodam
704 310 856 351 librarii
884 322 1046 366 peccato
1073 329 1227 354 cavere.

381 364 475 412 514.
497 365 542 401 C.
569 379 601 402 1.
628 365 738 418 [54ss
772 369 852 421 19.]
882 365 1094 418 μυστικὸς.
1150 370 1342 409 Fueritne
1369 370 1576 423 peculiaris
1603 372 1731 412 aulica

298 417 468 470 dignitas
499 420 684 472 Mystiei‚
718 436 768 460 an
797 423 1016 475 appellatus
1048 426 1102 463 sic
1131 438 1154 462 a
1197 425 1318 479 vulgo
1347 433 1384 464 et
1413 425 1634 477 historicis,
1661 430 1731 480 qui

299 475 449 512 amicus
490 474 745 527 Imperatoris
781 477 1015 517 familiarior
1060 487 1157 518 esset
1176 511 1188 530 ,
1225 481 1423 519 interioris
1460 481 1730 534 admissionis,

296 541 379 566 non
410 530 520 567 novi.
579 531 681 569 Satis
708 531 936 585 frequenter
968 542 1212 574 memoratur
1251 536 1517 589 Scriptoribus
1545 537 1734 591 Byzanti-

295 584 373 622 nis.
433 583 556 636 Apud
586 586 760 625 Leonem
789 589 1012 627 Grammat.
1032 604 1073 641 p.
1104 588 1198 640 480.
1221 591 1274 628 D.
1296 605 1387 643 pen.
1414 592 1579 631 retinuit
1603 593 1729 631 Goar.

294 652 436 677 vocem
479 640 673 679 Graecam
717 643 908 696 Mysticus
947 645 985 682 in
1027 645 1178 684 Latinis
1199 675 1210 695 ‚
1253 646 1305 684 ad
1348 646 1575 685 Cedrenum
1634 660 1731 687 vero

294 708 339 747 p.
362 693 455 748 599.
477 694 531 733 A.
565 696 769 748 adscripsit
795 700 837 736 in
877 700 1055 751 margine
1076 729 1087 748 ‚
1132 709 1348 739 senatorem
1387 703 1601 741 secretioris
1637 716 1732 741 con-

294 750 380 787 silii
408 764 506 788 esse.
595 750 711 790 Conf.
745 753 887 806 Script.
915 762 1002 806 post
1030 754 1264 807 Theophan.
1293 770 1334 807 p.
1355 754 1449 807 224.
1473 756 1520 795 C.
1542 756 1585 796 6.
1621 764 1661 795 et
1685 771 1733 810 p.

296 804 390 844 251.
413 805 485 855 C.‚
512 804 582 842 ubi
614 815 858 847 memoratur
885 809 1029 862 aliquis
1072 807 1094 847 ὁ
1133 809 1337 859 μυστικὸς
1380 807 1454 849 καί
1491 810 1732 864 παραδυνα-

295 857 470 898 στεύων.
530 860 683 900 Ibidem
711 877 753 915 p.
778 863 871 917 276.
895 864 947 902 D.
967 866 1140 903 occurrit
1167 865 1308 918 aliquis
1333 862 1533 916 μυστικὸς
1561 864 1633 905 καί
1658 881 1732 905 κα-

294 910 476 966 θηγητὴς
502 915 584 953 τῶν
612 914 872 970 φιλοσόφων.
928 918 1138 973 *[Ioannes
1166 920 1348 959 Nicolaus
1377 922 1610 974 cognomine
1638 922 1731 975 My-

295 970 415 1008 sticus
444 972 617 1010 occurrit
645 974 685 1010 in
715 973 806 1011 cod.
836 973 1024 1012 Lambec.
1059 974 1180 1013 iurid.
1212 989 1279 1029 77.
1312 990 1347 1014 1.
1367 976 1417 1013 L.
1451 974 1591 1029 Vll.]*
1619 975 1732 1016 Conf.

297 1024 366 1062 Du
387 1024 519 1078 Cange
546 1039 588 1064 v.
616 1023 839 1074 Mvormdg
872 1036 911 1067 et
937 1029 1109 1068 Mis-eico.

408 1079 454 1117 C.
479 1096 519 1134 7.
541 1079 657 1134 [545‚
681 1080 744 1134 5.]
772 1081 1114 1136 δημηγοροῦντος.
1174 1084 1236 1123 1)8
1265 1084 1342 1123 hac
1371 1083 1523 1123 solenni
1551 1085 1732 1123 oratione

298 1133 379 1174 vid.
408 1134 554 1173 dictata
581 1138 762 1188 superius
790 1137 842 1176 ad
873 1153 914 1191 p.
939 1153 1004 1192 9¹·

409 1190 459 1229 D.
484 1191 519 1229 5.
543 1190 657 1244 [545,
679 1190 738 1245 8.]
779 1192 852 1243 τῆς
894 1193 1110 1246 βασιλικῆς
1147 1194 1404 1244 περιουσίας.
1470 1194 1644 1244 Quinam
1689 1192 1734 1232 hi

300 1245 407 1294 sint,
440 1259 521 1284 non
550 1253 710 1298 exputo.
768 1247 928 1286 Debent
969 1248 1018 1287 de
1045 1255 1314 1301 protectorum
1343 1262 1485 1301 genere
1513 1263 1618 1296 esse,
1651 1249 1734 1287 sive

299 1299 484 1338 scholarii
512 1302 591 1339 iam
621 1302 699 1339 sint
716 1331 727 1351 ‚
759 1303 841 1340 sive
870 1304 1039 1355 Barangi
1060 1332 1071 1350 ‚
1101 1305 1183 1342 sive
1211 1303 1261 1341 de
1294 1303 1372 1342 alio
1403 1317 1643 1356 quocunque
1668 1318 1736 1356 ge-

299 1368 416 1405 nere,
446 1369 545 1408 quos
574 1357 794 1408 Imperator
823 1356 983 1410 elegerit
1011 1358 1086 1396 sibi
1126 1365 1334 1411 perpetuos
1374 1359 1536 1397 comites
1572 1358 1733 1397 scutife-

298 1423 395 1458 ros,
426 1412 496 1463 qui
524 1411 628 1449 circa
654 1425 694 1450 se
723 1413 825 1462 sint,
867 1427 1105 1466 quocunque
1144 1421 1220 1452 eat.
1282 1414 1386 1452 Hinc
1426 1409 1526 1458 λαός
1562 1410 1734 1465 περιού-

298 1478 389 1510 σιος
417 1473 475 1504 est
514 1466 656 1504 militia
684 1481 799 1517 cara,
829 1467 979 1506 delecta
1007 1476 1046 1506 et
1085 1468 1251 1516 dilecta,
1296 1467 1436 1506 militia
1471 1466 1544 1519 τῆς
1568 1480 1735 1520 περιου-

300 1519 409 1568 σιάς,
442 1521 586 1574 peculii
615 1535 684 1560 seu
712 1521 950 1574 peculiaris3
980 1523 1061 1562 vid.
1093 1523 1327 1576 Theophan.
1366 1537 1407 1575 p.
1432 1521 1522 1565 505.
1550 1521 1619 1569 C.‚
1662 1521 1735 1560 uhi

300 1575 357 1613 ait
391 1577 442 1615 de
474 1577 693 1615 Iustiniano
732 1577 1020 1616 Rhinotmeto:
1069 1574 1316 1630 ἐστράτευσε
1350 1574 1548 1628 χιλιάδας
1589 1575 1621 1615 λ’
1664 1574 1740 1615 καί

301 1626 478 1676 ὁπλίσας
506 1628 661 1677 αὐτούς
687 1629 960 1682 ἐπωνόμασεν
988 1628 1140 1677 αὐτοὺς
1169 1629 1270 1671 λαὸν
1298 1628 1554 1684 περιούσιον.

386 1687 479 1727 515.
500 1686 551 1728 A.
579 1700 639 1724 10.
664 1685 779 1740 [545⁷
801 1686 891 1741 22.]
920 1687 1074 1742 ἐκνικᾷ.
1107 1688 1171 1726 Sic
1189 1688 1344 1741 reposui
1366 1700 1442 1740 pro
1462 1684 1584 1738 ἡνίκα
1607 1699 1736 1724 mem-

299 1740 518 1780 branarum
546 1741 731 1780 lectione.

411 1797 461 1836 A.
483 1811 545 1835 12.
567 1796 684 1850 [546,
707 1795 765 1850 2.]
806 1793 906 1844 τούς
933 1794 1178 1849 οἷσεκρήτας.
1238 1794 1302 1835 Illi
1342 1810 1486 1849 nempe
1522 1794 1736 1848 tachygra-

300 1852 426 1905 phicis
455 1854 559 1891 notis
601 1854 778 1905 excipere
815 1851 1014 1891 debebant
1045 1851 1346 1890 sermonemvab
1375 1851 1617 1906 Imperatore
1644 1863 1737 1904 pro-

299 1909 562 1957 nuntiatum3
593 1906 677 1945 vid.
707 1905 828 1959 paulo
857 1914 946 1960 post
973 1908 1018 1945 B.
1050 1907 1091 1945 3.

410 1963 459 2000 C.
491 1975 551 2000 11.
578 1960 691 2014 [547,
721 1961 778 2014 1.]
815 1958 928 2013 ποιή.
987 1963 1047 1999 Ita
1087 1968 1212 1999 exstat
1252 1963 1293 1999 in
1335 1961 1589 2000 membranis.
1645 1959 1737 1998 Non

301 2017 443 2056 dubito
482 2017 523 2055 id
567 2017 847 2069 compendium
887 2030 970 2055 esse
1013 2015 1208 2054 formulae
1238 2018 1432 2055 usitatae:
1463 2010 1738 2066 πολυχρόνιον

299 2071 463 2124 ποιήσει
492 2070 514 2110 ὁ
543 2068 642 2117 θεὸς
669 2068 744 2122 τήν
761 2071 977 2121 βασιλείαν
996 2069 1128 2119 ὑμῶν.
1163 2071 1319 2109 Auctor
1339 2070 1581 2124 apographi,
1601 2070 1736 2107 Drau-

247 2121 263 2141 ⁸
300 2127 411 2177 dius,
441 2127 604 2165 dederat
631 2126 804 2178 ποιήμα.
866 2127 912 2163 111
940 2127 1092 2164 Latinis
1121 2125 1211 2164 dedi
1241 2126 1391 2179 aliquid
1410 2156 1420 2173 ,
1465 2125 1573 2178 quod
1601 2123 1735 2173 ἐπαμ-

302 2181 511 2235 φοτερίζει
528 2212 538 2228 ,
571 2188 609 2220 et
637 2180 748 2219 illam
776 2180 895 2219 simul
926 2188 1043 2234 atque
1078 2179 1182 2219 hanc
1211 2182 1484 2219 coniecturam
1512 2178 1709 2232 exprimit.

385 2238 477 2290 517.
501 2235 550 2275 A.
577 2250 633 2274 10.
658 2235 773 2289 [549.
798 2234 863 2288 8.]
883 2230 1159 2286 προσκύνησιν
1179 2232 1355 2275 πάντων.
1383 2235 1593 2274 Dominica
1621 2232 1737 2270 tertia

300 2292 621 2345 quadragesimae
640 2305 708 2329 seu
726 2292 861 2328 ieiunii
880 2289 1244 2342 quadragesimalis,
1262 2291 1368 2343 quod
1385 2290 1521 2342 incipit
1533 2303 1555 2327 a
1573 2287 1737 2326 domini-

303 2361 349 2385 ca
370 2346 642 2386 Orthodoxiae
667 2346 794 2396 dicta,
827 2347 988 2383 Graecis
1013 2344 1235 2397 appellatur
1276 2338 1708 2408 σταυροπροσκύνησις
1724 2370 1736 2390 ,

303 2401 398 2451 (vid.
429 2402 495 2440 Du
523 2401 656 2453 Cange
683 2400 724 2438 h.
756 2401 839 2450 v.,)
871 2407 909 2437 ct
934 2396 1109 2451 κυριακὴ
1161 2400 1233 2450 τῆς
1279 2409 1610 2452 προσκυνησεως,
1641 2396 1737 2447 quia

302 2456 446 2494 Graeci
477 2464 573 2494 tunc
611 2455 855 2508 propositam
895 2454 1053 2506 publice
1081 2456 1121 2492 in
1163 2454 1333 2492 ecclesiis
1370 2466 1527 2492 crucem
1555 2450 1738 2489 adorant.

388 2512 480 2551 5¹8.
504 2511 555 2549 A.
573 2525 665 2564 pen.
690 2509 809 2564 [551,
833 2507 888 2562 2.]
919 2506 1154 2547 λούσασθαι
1192 2508 1235 2546 ἑν
1277 2506 1550 2558 Βλαχέρναις.
1600 2505 1734 2544 Habe-

302 2564 402 2603 bant
427 2566 691 2618 Imperatores
725 2566 866 2602 Graeci
901 2562 1088 2602 balneum
1117 2564 1374 2601 domesticum
1405 2567 1444 2598 et
1477 2558 1616 2612 procul
1661 2560 1738 2597 du-

302 2617 372 2656 bio
403 2620 517 2671 plura
563 2621 602 2658 in
630 2633 774 2672 magno
804 2618 954 2672 palatio
972 2647 982 2665 ‚
1034 2632 1136 2670 quae
1176 2617 1350 2669 quotidie
1388 2622 1456 2652 aut
1481 2616 1633 2666 saepius
1661 2629 1735 2666 pro

302 2685 415 2710 more
443 2675 554 2712 istius
585 2676 755 2713 nationis
784 2673 1097 2726 frequentarent.
1156 2671 1442 2709 Blachernense
1478 2670 1598 2722 igitur
1635 2668 1734 2707 illud

311 2729 590 2766 tantummodo
635 2730 881 2767 ceremoniae
927 2741 1044 2765 causa
1067 2756 1077 2774 ‚
1128 2739 1171 2764 ex
1216 2730 1346 2764 vetere
1374 2725 1476 2772 ritu,
1520 2722 1638 2763 semel
1668 2738 1740 2777 per
