1832 3126
266 199 367 234 102
567 198 640 238 10.
680 196 785 238 IAC.
825 198 1021 237 REISKII
1056 196 1437 239 COMMENTARII

255 300 381 348 ticos,
402 298 472 351 qui
502 298 790 350 Imperatorem
821 311 947 350 usque
973 297 1024 336 ad
1054 296 1203 336 soleam
1234 298 1545 337 comitabantur.
1603 298 1698 338 Dis-

255 350 411 393 cessum
447 353 569 405 igitur
596 352 672 391 fuit
703 367 727 391 a
752 367 888 404 more,
923 367 1044 406 quem
1076 353 1294 392 obtinuisse
1331 353 1488 392 saeculo
1507 353 1563 392 V.
1589 360 1699 406 patet

255 423 278 449 e
310 408 594 447 constitutione
626 408 843 447 Theodosii
877 383 1054 446 'Iunioris
1082 423 1263 461 supe11us
1294 409 1435 448 citata:
1493 408 1577 447 Dei
1601 418 1700 447 tem-

246 465 364 520 plum
401 465 564 516 ingr-essi
577 464 690 515 fori-5²
719 477 835 502 arma
867 464 1139 518 relmquz'mus,
1181 473 1219 502 et
1251 466 1377 518 ipsum
1403 466 1520 503 etiam
1554 463 1699 502 diade-

253 534 322 558 ma
359 519 602 573 deponz‘ſtrmcs
659 520 748 557 Mos
789 517 858 557 ille
898 519 1042 557 milites
1084 521 1331 571 pompaticos
1366 534 1460 558 cum
1499 519 1619 569 armis
1657 519 1699 564 in

254 573 461 613 ecclesiam
502 574 783 613 introducendi
822 581 861 612 et
892 589 963 627 per
1004 588 1092 612 eam
1135 575 1370 627 disponendi
1407 574 1540 614 adhuc
1579 573 1701 613 hodie

254 629 411 669 obtinet
450 630 492 668 in
524 628 782 678 Wallachia,
819 644 871 668 ne
903 630 953 668 de
982 630 1208 683 plincipum
1244 630 1377 669 Latini
1406 632 1508 669 ritus
1540 628 1617 667 hac
1657 629 1700 669 in

253 699 301 724 re
333 685 523 724 institutis
553 684 698 725 dicam.
755 686 820 724 De
852 686 1027 739 Despota
1058 685 1312 725 Wallachiae
1349 685 1494 725 festum
1522 679 1700 724 Pascha-

254 741 306 780 tis
335 740 562 780 celebrante
586 741 686 780 haec
713 747 851 779 nariat
885 742 943 780 La
966 740 1084 779 Croix
1112 739 1201 779 loco
1230 741 1410 794 superius
1442 740 1592 782 allato:
1625 741 1701 779 Les

254 794 422 848 qffi'cz'ers
456 797 506 835 de
544 797 587 835 la
617 810 713 835 com·
749 797 805 835 da
837 798 980 850 prince
1006 805 1094 835 sont
1122 796 1296 835 <lert-ihre
1330 796 1402 835 lui.
1421 819 1442 826 -
1457 819 1477 826 -
1495 797 1538 835 la
1572 797 1701 836 miliae

237 853 331 905 fizit
361 866 434 890 une
468 853 638 890 enceinte
671 866 779 906 pom·
807 853 1009 906 empecher
1043 852 1079 890 le
1101 853 1268 906 peuple,
1302 853 1374 906 qui
1392 852 1503 891 vient
1520 866 1569 891 en
1579 853 1703 906 finde

254 908 346 946 voit*
365 908 407 946 la
429 907 666 955 ce're'monie,
702 907 1011 946 d’incommoder
1034 908 1088 945 les
1115 909 1311 946 assistam.

367 963 415 1001 C.
443 977 505 1001 12.
537 961 628 1016 [15‚
661 961 723 1016 5.]
772 959 887 1010 δεξιὰ
915 958 988 1000 καί
1019 957 1233 1015 ἄριστερά.
1290 961 1466 1013 Quando
1497 961 1548 1002 de
1575 962 1702 1002 eccle-

255 1018 322 1057 siis
364 1032 494 1056 sermo
520 1025 607 1069 est,
657 1017 851 1071 significat
894 1018 1031 1056 dextra
1060 1017 1175 1071 plaga
1216 1017 1325 1056 illam
1344 1048 1356 1068 ,
1393 1032 1496 1072 quae
1535 1019 1702 1057 intranti

254 1072 307 1111 ad
333 1072 513 1112 dextram
541 1080 599 1112 est
619 1103 630 1123 ,
673 1074 831 1112 sinistra
857 1087 953 1112 vero
985 1087 1071 1112 eam
1089 1103 1100 1124 ,
1131 1087 1234 1126 quac
1259 1073 1330 1126 ipsi
1349 1074 1515 1112 intranti
1530 1074 1581 1112 ad
1612 1074 1703 1116 sini-,

255 1135 379 1167 stram
408 1136 482 1168 est.
540 1129 659 1168 Patet
691 1143 735 1168 ex
767 1128 836 1167 illo
869 1129 1119 1176 Simonidem,
1156 1128 1265 1182 quod
1300 1129 1341 1167 in
1369 1128 1616 1182 Anthologia
1643 1129 1700 1169 H.

255 1184 449 1236 Stephani
482 1199 524 1237 p.
549 1184 645 1223 561.
691 1183 852 1237 legitur.
911 1185 1015 1222 Cum
1054 1185 1174 1237 igitur
1209 1183 1397 1223 ecclesiae
1442 1185 1632 1223 Graecae>
1655 1191 1710 1223 ut*v

253 1246 414 1277 nostrae
444 1240 495 1277 ad
529 1240 724 1278 orientem
756 1253 893 1278 versae
927 1247 1082 1290 essent,
1132 1246 1171 1278 et
1208 1240 1402 1279 intrantes
1428 1239 1480 1278 ad
1507 1240 1703 1280 orientem

253 1296 525 1348 prospicerent
540 1325 551 1345 ,
591 1295 849 1348 consequitur
865 1309 910 1333 ex
927 1309 973 1334 eo
991 1294 1206 1334 australem
1223 1294 1380 1348 plagam
1398 1309 1483 1334 esse
1506 1295 1702 1342 dextram,

256 1349 459 1388 borealem
489 1364 586 1389 vero
617 1351 833 1390 sinistram.
892 1351 928 1390 E
956 1352 1156 1388 contrario
1201 1357 1335 1389 autem
1373 1351 1441 1388 Du
1477 1350 1610 1404 Cange
1650 1351 1704 1390 ad

255 1405 460 1444 Silentiar.
493 1420 535 1458 p.
561 1405 655 1460 579.
685 1405 886 1445 borealem
920 1406 1078 1460 plagam
1110 1406 1290 1444 dextram
1319 1405 1443 1456 facit,
1480 1412 1520 1444 et
1545 1407 1704 1460 opposi-

253 1467 336 1499 tam
377 1461 593 1500 sinistram
651 1462 807 1500 Verum
839 1462 1002 1500 abunde
1030 1460 1227 1500 refellitui
1257 1468 1296 1500 et
1321 1475 1345 1500 a
1366 1468 1504 1500 nostro
1535 1461 1700 1526 codice,

253 1522 294 1554 et
321 1515 373 1554 ab
400 1516 469 1555 illo
497 1516 582 1555 solo
612 1518 819 1581 Liturgiae
841 1518 1115 1583 Chrysostomi
1146 1516 1275 1555 dictae
1302 1516 1416 1568 loco,
1442 1511 1477 1579 ,ὅ
1511 1510 1702 1562 διάκονος

252 1569 485 1623 ευτοεπίζει
515 1568 567 1610 τὰ
612 1568 725 1635 ἱεοά,
775 1568 848 1611 τὸν
878 1573 957 1622 μὲν
998 1567 1115 1623 ἅγιον
1147 1570 1289 1611 ὸισκον
1324 1569 1369 1610 ἐν
1404 1569 1462 1625 τῶ
1493 1565 1704 1635 ἆριστερῷ

251 1624 392 1679 μέρει,
434 1625 482 1665 τὸ
524 1626 570 1665 ὁὲ-
602 1604 799 1680 ποτήοιον
827 1627 872 1666 ἐν
906 1627 964 1666 ‘cni
1003 1626 1138 1682 begua.
1195 1627 1299 1666 Sane
1330 1627 1476 1666 nostris
1508 1627 1550 1666 in
1577 1610 1703 1666 eccle-

253 1681 321 1720 siis
351 1696 461 1720 sacel
463 1682 534 1720 dos
562 1697 705 1735 panem
731 1682 916 1721 fidelibus
940 1667 1045 1722 disti
1047 1683 1211 1735 lbuenS
1245 1696 1386 1723 versus
1408 1682 1576 1721 boream
1592 1689 1699 1734 stat,

254 1736 355 1775 alter
386 1736 589 1791 calycem,
623 1753 760 1778 versus
785 1746 983 1777 austr.um

365 1793 413 1831 C.
434 1792 589 1845 penult.
622 1793 712 1848 [15,
736 1793 797 1848 5.]
843 1793 915 1845 τῆς
947 1791 1122 1836 σωλέας.
1177 1794 1240 1831 De
1267 1792 1375 1832 solea
1403 1799 1488 1831 tam
1527 1791 1703 1831 multum

253 1847 331 1886 fuit
357 1848 628 1901 disputatum,
667 1857 713 1887 ut
740 1851 822 1888 Leo
861 1848 1034 1887 Allatius
1070 1849 1269 1901 integrum
1298 1848 1480 1887 libellum
1510 1847 1560 1886 de
1592 1846 1702 1887 solea

254 1904 401 1942 veteris
435 1903 622 1943 ecclesiae
653 1905 692 1943 in
722 1907 772 1944 L.
804 1904 838 1943 I.
873 1904 1183 1958 Symmictorum
1217 1903 1400 1942 ediderit.
1459 1902 1704 1942 Conferendi

75 1965 189 2000 Ed.L.
205 1968 246 2002 33
262 1973 421 2012 quoque
455 1961 523 1997 Du
560 1961 687 2013 Cang.
723 1975 767 1999 v.
808 1958 977 2005 Σωλέας
1015 1966 1055 1996 et
1087 1961 1130 1996 in
1160 1958 1292 1998 Gloss.
1320 1959 1457 1997 Latin.
1496 1958 1541 1997 h.
1574 1972 1703 2010 voce,

257 2015 351 2053 item
384 2015 436 2053 ad
466 2014 640 2054 Paulum
670 2015 941 2054 SilentiarIum
967 2029 1008 2066 p.
1029 2013 1123 2064 584.
1143 2028 1253 2067 seqq.
1310 2013 1537 2068 *[Thomas
1555 2013 1702 2053 Smith.

256 2083 348 2123 pag.
373 2069 441 2123 47.
473 2070 522 2109 de
549 2071 711 2111 ecelesia
736 2073 903 2110 Graeca.
961 2069 1079 2108 Solea
1106 2069 1212 2107 idem
1230 2076 1300 2118 est,
1327 2070 1438 2122 quod
1457 2070 1702 2124 peribolum,

258 2126 314 2163 ait
337 2125 513 2164 Moleon.
547 2140 638 2179 pag.
659 2126 755 2181 427.
813 2125 1037 2165 Peribolam
1068 2131 1227 2177 autem,
1260 2125 1331 2163 ubi
1352 2125 1428 2164 {hit
1454 2124 1551 2163 olim
1571 2125 1704 2163 schola

256 2189 472 2220 cantorum.
531 2182 642 2220 Idem
659 2196 700 2235 p.
723 2181 864 2235 206.]*
922 2181 983 2218 La
1007 2180 1103 2231 fo,
1140 2181 1195 2218 ait
1226 2182 1286 2219 La
1321 2181 1440 2220 Croix
1468 2180 1518 2218 de
1544 2179 1706 2232 l'Eglise

259 2236 317 2273 Gi
321 2250 442 2288 ecque
471 2252 512 2290 p.
538 2250 604 2276 22.
596 2267 621 2286 .‚
645 2247 722 2276 sert
750 2240 776 2275 ῑι
802 2250 977 2275 rec-erimu-
1004 2236 1059 2273 les
1069 2235 1239 2291 fidele-9,
1265 2259 1285 2266 -
1306 2259 1326 2266 -
1348 2237 1404 2275 les
1436 2236 1639 2274 Mi‘mstms
1668 2243 1708 2274 et

259 2291 313 2327 les
333 2305 544 2344 personnes
567 2293 620 2331 les
639 2294 730 2347 plus
749 2291 978 2345 di5tingue'es
1001 2300 1186 2346 occupent
1203 2292 1246 2330 la
1261 2294 1394 2358 partie
1416 2293 1458 2330 la
1474 2292 1566 2345 plus
1583 2304 1705 2329 avan-

258 2345 322 2382 (εἰ)
361 2361 502 2400 altpt-es
541 2348 594 2386 dn
631 2350 868 2396 sanctuaire,
922 2347 1090 2401 laquelle
1125 2355 1182 2385 est
1216 2347 1392 2386 encoure'e
1429 2346 1497 2386 des
1534 2347 1702 2394 σῙιαιν-ες,

259 2414 406 2439 comme
432 2398 630 2441 darm‘nos
661 2405 837 2452 choears,
877 2410 915 2442 et
941 2417 968 2440 n
972 2403 1038 2440 'est
1059 2404 1176 2456 point
1197 2402 1354 2457 separe'e
1383 2403 1434 2442 de
1457 2402 1487 2440 l'
1486 2410 1616 2450 autre,
1651 2401 1704 2439 οιι

261 2455 299 2492 le
321 2458 464 2509 peuple
493 2472 531 2495 se
558 2473 693 2512 range.
755 2459 865 2497 Olim
904 2465 1039 2495 autem
1072 2459 1235 2496 omnino
1264 2465 1444 2512 separata
1482 2463 1568 2495 erat
1599 2455 1707 2495 solea

256 2510 447 2548 cancellis
463 2540 473 2559 ,
511 2521 581 2550 aut
603 2529 746 2563 muro,
791 2515 841 2552 ad
857 2515 1025 2567 pectoris
1051 2511 1304 2552 altitudinem
1333 2513 1514 2562 elevato,
1550 2526 1574 2550 a
1594 2512 1704 2561 Nao3

229 2565 368 2603 nunde
401 2566 520 2604 etiim
547 2583 693 2607 nomen
723 2569 858 2608 habet.
920 2569 1023 2607 Nam
1049 2569 1198 2618 solear,
1236 2577 1276 2607 et
1301 2570 1446 2618 soleas,
1487 2569 1556 2619 (ut
1582 2568 1710 2605 honor·

256 2627 303 2659 et
329 2622 465 2668 honos,
500 2624 620 2661 arbor
645 2632 684 2663 ct
710 2625 847 2675 urbm)
883 2624 1075 2677 significat
1100 2621 1343 2676 δρύφακτον
1375 2636 1507 2676 sepem
1534 2621 1707 2675 ligneam

262 2683 302 2714 et
330 2677 502 2728 spatium
524 2677 594 2715 tali
620 2681 700 2731 sepi
725 2680 1003 2732 interceptum.
1061 2678 1224 2717 Glossae
1252 2686 1405 2718 veteres
1430 2678 1574 2726 solear,
1605 2672 1706 2728 δρυ-

263 2730 347 2783 φαξ
363 2763 373 2781 ‚
409 2745 487 2769 non
517 2730 685 2785 ὁ”ιφραξ,
692 2742 761 2773 sut
786 2736 932 2773 editui.
965 2734 1110 2773 Codin.
1132 2735 1174 2772 in
1203 2734 1317 2787 Orig.
1349 2732 1533 2781 CPtanis,
1563 2731 1633 2770 ubi
1657 2731 1707 2770 de

264 2785 556 2840 Hippodromo.
595 2785 720 2828 Mera*
752 2790 833 2829 τῶν
862 2789 908 2829 ἐν
940 2784 1188 2843 σφενδόναις
1217 2785 1424 2842 στηθείων
1451 2782 1480 2839 ἢ
1508 2799 1706 2841 συστρεμ-
