1884 3132
203 148 280 192 An
326 144 623 192 consrmr.
658 142 856 186 noun.
896 142 968 184 m:
1005 139 1187 184 cmm.
1228 138 1327 179 us.
1354 139 1407 179 n.
1451 136 1554 192 79¹

127 252 225 292 novi
251 252 393 292 Graeci
419 264 496 305 pro
523 246 695 315 ῥίπτειν.
752 247 917 287 νάει-ω
942 258 1103 300 quoque
1122 256 1309 297 persaepe
1332 255 1356 281 κ
1376 248 1416 281 et
1431 255 1460 280 n
1477 254 1567 295 per-

130 307 340 347 mutabant
357 337 369 355 ‚
412 313 461 345 nt
486 317 590 344 κοσα
617 310 657 343 et
681 299 811 353 πόσα,
841 299 932 341 κοτέ
959 307 999 340 et
1025 299 1141 338 ποτέ.

238 362 292 401 Δ.
333 360 375 402 5.
401 360 526 454 ἕὴο,
553 358 611 410 1.]
656 356 817 410 κορδῶν
850 355 1108 406 μεταξωτῶν.
1186 353 1263 392 Hic
1302 358 1341 390 et
1381 350 1566 403 deinceps

130 418 234 456 verti
271 416 376 455 hane
433 415 616 453 'ctionem
645 426 717 466 per
723 412 850 464 fimes
870 425 947 465 per·
970 410 1085 448 strias
1111 417 1195 446 arte
1218 408 1426 446 restiom'ca
1460 407 1567 445 torti.

130 472 256 512 Notat
279 470 378 510 alias
401 463 632 520 μεταξωτὸς
665 468 822 516 senen-53
850 465 934 504 vid.
965 479 1005 517 p.
1041 463 1135 515 273.
1191 462 1246 501 Et
1274 476 1367 500 sane
1394 475 1475 499 non
1505 460 1568 498 in-

132 526 269 565 audita
297 539 362 564 τω
387 531 445 564 est
474 523 580 562 funis
609 523 734 560 serico
765 527 805 559 et
833 519 1003 559 cannabi
1030 519 1264 556 intertextus
1282 546 1293 563 ‚
1327 530 1407 569 quo
1427 515 1569 554 fortior

131 580 217 621 fiat.
269 579 423 620 Verum
450 591 576 631 quum
602 578 645 615 in
676 576 821 615 nostris
853 575 963 614 hisce
988 573 1085 612 locis
1117 571 1268 625 ubique
1287 572 1467 609 iunctum
1495 569 1569 608 ha-

131 636 297 675 beamus
324 631 570 685 σπαρτίναι,
610 630 749 670 malim
775 630 907 684 potius
934 628 1060 668 altero
1089 626 1210 665 modo
1235 633 1407 665 vertere.
1465 625 1571 664 Nam

134 691 167 730 si
194 689 382 730 voluisset
410 694 552 727 auctor
580 686 754 725 indicare
797 685 910 724 funes
942 684 1091 737 partim
1131 683 1256 720 serico
1289 682 1434 734 partim
1475 693 1572 718 can-

134 745 231 784 nabi
255 751 406 792 tortos,
437 742 596 781 dixisset
622 755 709 779 mea
734 741 927 779 sententia
943 734 1327 788 μεταξοσπιιρτιίἀς
1353 749 1434 774 una
1454 748 1568 773 voce.

134 801 254 840 Ratio
291 812 403 838 meae
443 796 780 850 interpretationis
814 796 855 834 in
895 794 971 832 hoc
1007 798 1080 831 est.
1146 791 1316 828 Metam
1353 804 1427 828 usu

134 868 293 909 quoque
318 867 392 907 pro
419 852 542 901 stria,
577 850 690 890 radio
709 879 722 899 ,
758 850 892 888 taenia
917 878 928 899 ‚
967 861 1014 886 eo
1053 844 1160 898 quod
1190 850 1387 883 nostrates
1415 843 1576 882 Str-ach!

132 908 335 963 appellant
355 923 367 947 ε
416 908 480 947 ein
508 905 667 947 Str-aelel
690 903 832 943 Haare
872 918 907 942 e.
943 917 981 941 c.
1010 898 1246 953 Significant
1290 912 1386 938 voce
1413 898 1575 937 Semela}

133 965 293 1019 plexum
330 961 503 1015 aliquem
539 959 768 1005 modicum,
809 955 997 1009 μαλλὸν,
1046 955 1210 1007 longum
1254 955 1295 992 in
1331 960 1439 992 recta
1466 952 1573 992 linea

134 1018 430 1073 procedentem3
461 1015 543 1055 vid.
575 1015 643 1053 Du
662 1014 796 1066 Gange
821 1027 864 1052 v.
892 1012 1074 1050 Metam.
1131 1009 1196 1048 Sic
1226 1015 1361 1047 autem
1385 1008 1575 1047 dicuntur

132 1070 316 1127 χόρδαι,
355 1072 468 1111 funes
487 1098 500 1121 ,
529 1076 575 1108 ut
601 1069 643 1108 hi
671 1082 695 1107 a
722 1067 962 1106 restionibus
988 1064 1157 1104 striatim
1191 1077 1214 1102 e
1240 1062 1375 1102 multis
1405 1063 1573 1101 minori—

137 1129 213 1168 bus
252 1126 415 1166 funibus
442 1125 670 1178 compositis
695 1124 791 1162 torti
820 1122 872 1161 ad
901 1124 1026 1160 instar
1051 1119 1262 1157 columnae
1290 1116 1575 1157 canaliculatae

135 1198 159 1223 a
185 1182 343 1223 chordis
368 1195 438 1221 seu
464 1179 624 1230 nervis,
653 1179 721 1231 qui
754 1191 799 1216 ex
827 1177 1023 1217 intestinis
1054 1172 1286 1213 animalium
1324 1173 1400 1212 toti
1431 1179 1578 1211 teretes

136 1246 177 1279 et
208 1237 370 1277 rotundi
410 1242 532 1288 atque
581 1231 808 1286 aequabiles
849 1232 975 1280 fiunt,
1019 1230 1372 1281 distinguerentur.
1438 1227 1577 1266 Potest

138 1305 300 1347 qnoque
327 1289 459 1342 χορδή
498 1287 733 1338 μεταξωτὸς
743 1289 894 1338 funem
925 1301 946 1324 e
974 1284 1158 1334 bomlgrce
1186 1281 1251 1321 vel
1277 1297 1300 1320 e
1330 1281 1444 1332 byblo
1482 1295 1575 1320 con-

137 1357 279 1387 tortum
310 1353 463 1384 notare.
523 1342 728 1381 Herodoto
758 1342 914 1394 saepius
941 1339 1099 1392 byblini
1138 1337 1252 1376 fimes
1284 1343 1574 1375 memorantur.

138 1403 192 1442 Et
219 1410 380 1440 metaxa
409 1405 469 1437 est
498 1398 628 1437 omnis
656 1397 839 1435 materies
868 1396 910 1433 in
944 1395 1107 1446 longum
1135 1391 1255 1438 duci,
1288 1391 1437 1443 plecti,
1478 1405 1576 1429 con-

141 1457 350 1510 torqueri,
399 1453 451 1492 ad
492 1452 656 1491 modum
701 1450 800 1499 lini,
850 1449 991 1497 lanae,
1033 1446 1269 1499 bombycis,
1298 1446 1437 1492 serici,
1466 1452 1575 1496 apta.

139 1511 369 1551 Chronicon
394 1508 624 1547 cassinense
652 1506 731 1544 111.
750 1505 831 1558 57.:
860 1504 971 1543 albas
997 1502 1047 1542 de
1074 1510 1234 1540 noetaxa
1267 1500 1326 1551 [id
1356 1507 1414 1538 est
1442 1497 1576 1551 πήνῃ,

125 1565 226 1626 filo]
258 1565 457 1604 bombacii‘
471 1572 568 1602 octo.

250 1621 305 1659 A.
333 1619 374 1659 6.
411 1617 522 1672 [θλ-ο,
543 1614 602 1668 2.]
629 1613 761 1665 μῦας..
814 1613 871 1650 V.
893 1612 963 1649 Du
980 1611 1114 1662 Gange
1133 1609 1260 1648 Gloss.
1279 1609 1352 1647 Gr.
1388 1623 1431 1646 v.
1451 1607 1577 1647 MvYa

141 1682 183 1715 et
208 1677 295 1715 Lat.
326 1688 367 1712 v.
395 1673 622 1711 Meschetta.
678 1671 740 1708 lta
769 1669 875 1707 enim
907 1665 1163 1704 scribendum
1192 1677 1275 1702 esse
1313 1663 1469 1712 μυίας,
1497 1676 1582 1701 non

142 1730 253 1781 μῦας
267 1760 280 1778 ,
323 1727 519 1782 Rigaltius
559 1725 775 1774 existimat,
816 1729 855 1762 et
891 1723 1175 1772 interpretatur
1211 1719 1370 1770 sagittas
1392 1731 1546 1771 pat-vas
1566 1747 1577 1765 ‚

145 1799 247 1838 quae
271 1783 383 1824 velut
408 1795 566 1821 muscae
590 1793 739 1833 parvae
755 1807 768 1829 ‚
808 1774 1057 1816 muschettae
1091 1773 1160 1813 ve}
1196 1779 1448 1824 musquettae
1477 1786 1582 1823 pun-

143 1847 250 1894 gant.
308 1838 421 1878 Idem
443 1837 494 1876 de
521 1842 659 1875 nostro
690 1833 771 1872 hoc
796 1832 886 1871 loco
911 1843 1064 1876 censm,
1097 1835 1135 1866 et
1167 1827 1221 1867 de
1258 1842 1303 1879 p.
1332 1827 1424 1879 590.
1458 1826 1503 1864 C.
1537 1841 1576 1880 9.

250 1893 302 1933 A.
328 1892 370 1932 6.
401 1891 517 1946 [67o‚
539 1888 602 1942 2.]
629 1883 847 1942 ἇγρίφους.
902 1885 1071 1923 Videtur
1105 1897 1179 1921 vox
1220 1883 1459 1920 Germanica
1496 1895 1579 1919 esse

143 1947 356 2002 angtipkzcs
369 1976 381 1994 ‚
422 1945 657 1999 angl-effen
686 1949 798 1982 notat
824 1954 952 1979 ιιιεεος.
1010 1938 1109 1976 Inde
1145 1936 1386 1975 Francicnra
1413 1934 1582 1987 agrcffi.

146 2003 263 2043 Conf.
289 2003 438 2041 Murat.
474 2001 525 2039 T.
557 2001 611 2038 11.
637 1998 734 2037 Ant.
763 1995 852 2037 Ital.
881 2009 918 2047 p.
947 1993 1045 2044 2585.
1064 2022 1076 2041 ,
1123 1992 1192 2030 ubi
1223 1991 1273 2029 de
1297 1991 1474 2044 graphiis
1501 1990 1583 2041 agit

144 2071 216 2097 seu
241 2056 395 2095 uncinis
425 2055 560 2094 ferreis
575 2084 593 2104 ‚‚
630 2052 875 2106 quibuscum
902 2063 975 2102 pei·
1000 2061 1135 2086 muros
1161 2046 1338 2084 demissis
1365 2046 1584 2096 appropin-

143 2118 310 2165 quantes
333 2111 463 2150 hostes
481 2122 639 2148 sursum
670 2105 953 2145 attrahebant:
979 2101 1115 2155 quales
1147 2100 1238 2138 unci
1265 2101 1380 2138 ctiam
1410 2099 1475 2136 hic
1506 2097 1583 2136 loci

145 2167 332 2206 videntur
357 2165 570 2218 designari.
633 2163 772 2202 Posset
793 2168 925 2198 tamen
940 2188 952 2203 ,
983 2159 1015 2195 si
1044 2157 1133 2209 quis
1155 2154 1266 2206 velit,
1295 2151 1500 2206 ἀγράφως
1526 2159 1587 2191 et-

147 2224 229 2262 iam
257 2235 282 2260 a
309 2221 462 2258 Graeco
486 2212 679 2271 γρυπός,
709 2229 871 2262 curvus,
902 2225 1111 2252 arcessere.

253 2276 300 2315 B.
329 2289 370 2327 9.
399 2273 511 2327 [67⁰2
538 2270 619 2324 im]
652 2267 895 2322 λαβδαρέαι,
952 2267 1056 2305 Sunt
1087 2266 1222 2317 tigna,
1269 2262 1493 2310 cantherii,
1531 2261 1587 2300 ad

145 2332 318 2385 figuram
357 2326 716 2366 litterasGraecae
742 2324 791 2365 A
805 2323 1018 2373 commissi3
1049 2320 1130 2359 vid.
1160 2319 1228 2357 Du
1259 2318 1392 2370 Gange
1421 2316 1490 2354 (Ἀ.
1509 2317 1582 2355 Gr.

150 2401 190 2429 v.
218 2378 502 2434 Λαμβὸαρὲα.

262 2439 308 2478 B.
348 2451 411 2476 ιι.
441 2435 553 2490 [670‚
582 2432 672 2489 ¹4⁴1
702 2427 1077 2485 κρικελοπάγοιᾮοι,
1129 2426 1329 2465 Videntur
1364 2423 1470 2463 mihi·
1501 2425 1590 2464 sor-

152 2495 258 2547 eipes
294 2492 436 2539 fuisse,
483 2503 656 2543 quorum
686 2487 806 2525 ambo
840 2491 971 2524 rostra
998 2483 1062 2522 vel
1100 2480 1356 2520 mandibulae
1392 2479 1589 2532 perfectos

154 2549 234 2588 duo
260 2545 527 2588 semicirculos
545 2551 559 2595 ,'
588 2550 627 2582 et
646 2542 875 2581 commissae
895 2553 1020 2577 unum
1038 2538 1235 2588 integrum
1255 2534 1465 2583 circulum,
1494 2532 1588 2583 κρί-

155 2605 292 2641 κελλον
318 2601 511 2641 referrent
525 2627 538 2648 ,
584 2597 651 2637 sed
693 2595 762 2648 qui
801 2594 936 2633 reduci
964 2600 1005 2631 et
1031 2592 1174 2644 aperiri
1205 2596 1335 2643 posset
1362 2589 1412 2627 ad
1442 2601 1588 2640 appre-

155 2656 409 2697 hendendum
430 2651 593 2707 anquid.
653 2646 809 2690 Ψελλία
844 2655 883 2687 et
919 2642 1150 2691 δακτύλους
1177 2645 1292 2696 (forte
1324 2642 1589 2690 δακτυλίους)

155 2720 303 2769 tonjtoes,
330 2717 370 2752 et
398 2710 560 2751 annulos
576 2736 590 2758 ,
619 2719 700 2746 non
728 2710 825 2759 puto
851 2702 1002 2753 forma,
1033 2701 1102 2741 scd
1129 2707 1288 2740 tantum
1313 2697 1598 2752 magnitudine-
