1884 3132
97 179 126 227 g
193 170 268 218 An
307 173 607 219 CONSTANT.
647 173 846 216 romi.
883 174 954 214 DE
993 171 1174 214 emim.
1208 174 1305 214 Lm.
1346 174 1399 214 11.
1446 152 1555 228 785

230 278 283 318 Α.
305 277 380 318 ult.
412 277 528 331 [661‚
554 275 631 331 ¹4]
662 275 853 317 ἀλειπτά.
906 277 1144 316 Debuerant
1170 290 1265 329 ergo
1292 276 1390 316 haec
1411 276 1558 330 aleipta

123 332 299 372 bursulis
325 340 396 372 aut
421 332 633 386 pyxidibus
660 347 694 375 e.
723 347 756 373 c.
780 333 954 371 stanneis
985 332 1136 371 inclusa
1163 331 1284 370 fuisse
1302 360 1314 381 ,
1359 333 1454 384 quia
1481 346 1561 370 nu-

119 388 393 427 metabantur.
449 388 559 426 Inter
586 387 664 425 alia
691 387 820 437 dona,
858 401 961 439 quae
991 386 1158 425 Alexius
1186 387 1414 433 Comnenus
1446 386 1559 425 Hen-

121 443 205 481 rioo
221 443 271 481 V.
298 442 504 491 mittebat,
530 449 589 480 est
618 455 778 494 quoque
804 442 1114 494 opobalsamum.
1173 441 1330 494 Dignus
1357 447 1416 479 est
1448 441 1559 480 locus

119 497 286 547 Annae,
314 498 384 550 qui
410 503 518 536 totus
545 504 782 548 apponatur.
808 497 910 548 Pag.
931 495 998 549 94.
1026 496 1104 534 fine
1131 495 1188 533 ait
1214 495 1379 548 epistola
1411 495 1466 535 ibi
1495 497 1560 535 in-

120 558 232 604 tegra
258 552 437 590 inserta:
478 550 527 604 τῇ
561 550 703 600 μέντοι
731 544 914 604 εὖγενείᾳ
944 563 1021 588 σου
1062 550 1137 588 νῦν
1163 546 1455 601 ἀπεστάλησαν
1493 550 1560 591 δε-

121 601 339 655 ’ξιωμάτων
380 604 512 644 ἕνεκεν
553 599 769 655 ἐγκόλπιον
803 603 993 656 χρυσοῦν
1032 600 1138 654 μετὰ
1180 605 1555 656 μαργαριταρίων,

120 657 232 712 θήκη
258 655 486 711 διάχρυσος
515 654 671 710 ἔχουσα
703 654 899 710 τμήματα
925 655 1042 697 ἔνδον
1072 654 1290 711 διαφόρων
1316 658 1471 710 ἁγίων,
1501 653 1560 700 ὧν

123 713 299 760 ἕκαστος
330 709 403 752 διὰ
432 713 515 752 τῶν
541 713 607 766 ἐφ’
635 708 806 752 ἑκάστου
839 708 979 752 αὐτῶν
1009 712 1240 759 ἐντεθέντος
1257 712 1434 764 χαρτίον
1454 729 1560 765 γνω-

120 767 280 820 ρίζεται
298 798 311 816 ,
362 768 533 807 ηιιῖςίηιιω·
563 769 760 806 nobilitati
783 777 870 806 tuae
904 769 1076 820 [semper
1104 782 1151 806 eo
1170 767 1367 807 vocabulo
1384 769 1558 808 Graecus

120 823 344 875 Imperator
370 824 409 861 in
439 822 507 861 illa
535 822 700 874 epistola
730 823 1012 861 Germanicum
1041 821 1274 876 compellat]
1301 824 1496 863 amicitiae
1521 834 1559 863 et

125 877 248 916 bonae
274 877 486 916 voluntatis
514 891 628 929 ergo,
662 878 853 915 insinuale
879 891 1038 915 aureum
1068 877 1275 930 [pyxidem
1301 879 1343 916 in
1372 878 1460 917 sinu
1490 893 1559 932 ge-

123 930 326 985 stabilem]
355 933 579 983 mazgarilis
606 932 791 979 obsitum,
816 931 1020 986 pyxidem
1050 946 1211 970 aut-eam
1237 933 1435 971 habentem
1455 935 1498 972 in
1520 949 1560 972 se

125 986 371 1026 diver-sarm
395 987 582 1041 mliqzu'as
607 995 827 1025 sanctorum
840 1015 852 1035 ,
895 1000 990 1040 qnos
1030 987 1255 1040 inscriptum
1289 1002 1557 1041 pergamena,

121 1040 234 1095 quod
273 1054 391 1080 unum
420 1042 570 1095 aothue
592 1042 869 1094 fragmentwn
911 1041 1102 1079 involvit.
1154 1055 1292 1079 nomen
1337 1043 1531 1097 signficat
1544 1073 1556 1091 ,

119 1091 289 1135 καυκίον
302 1109 384 1146 σαρ
408 1093 608 1146 “ωνυ’χιον,
628 1097 770 1150 patina
797 1110 818 1133 e
842 1082 1396 1149 εαντίοιῃϊ]ιε,“και“ἐμπότης
1415 1093 1556 1149 κρύος,

115 1150 299 1203 poczdum
334 1151 630 1200 crystallinum,
687 1149 990 1201 α’στροπέλεκυν
1018 1150 1234 1199 δεδεμένον
1258 1149 1362 1200 μετὰ
1397 1165 1561 1203 χρυσα-

121 1203 223 1256 φιόυ
249 1204 324 1243 καί
348 1199 653 1255 ὀποβάλσαμον.
733 1205 840 1254 Quid
870 1207 911 1243 in
940 1203 1001 1244 bis
1029 1206 1079 1243 sit
1107 1203 1432 1256 ιῖστροπέλεκυς,
1461 1207 1560 1246 sate-

80 1256 83 1261 ’
125 1258 194 1297 tur
223 1259 291 1298 Du
321 1259 453 1312 Gange
481 1259 534 1298 ad
561 1258 603 1296 h.
635 1259 663 1297 l.
696 1273 738 1298 se
766 1261 965 1312 ignorare.
1022 1259 1131 1309 Quid
1159 1261 1192 1298 si
1223 1259 1395 1312 lapidem
1424 1275 1561 1300 cerau-

128 1315 240 1351 nium
269 1314 489 1366 significet,
531 1327 654 1366 genus
695 1328 873 1364 gemmae
909 1314 1139 1362 rutilantis,
1186 1315 1356 1366 ignitae,
1397 1315 1450 1354 de
1472 1319 1562 1368 qui-

123 1367 202 1406 bus
241 1367 513 1406 Tertullianus
542 1368 650 1419 apud
685 1367 852 1406 Salmas.
899 1369 1039 1407 Exerc-
1071 1369 1180 1406 Plin.
1216 1369 1304 1416 (ubi
1342 1369 1393 1407 de
1420 1385 1563 1409 cerau-

121 1422 199 1460 niis
213 1420 358 1474 plura):
390 1423 598 1461 Ceramuis»
610 1424 770 1474 gemmis
790 1437 866 1461 non
882 1424 968 1462 ideo
987 1424 1197 1461 substancia
1214 1425 1338 1475 ignita
1360 1433 1428 1471 est,
1458 1427 1566 1479 quod

121 1486 318 1516 coruscent
341 1478 500 1515 rutilato
522 1477 674 1515 rubore.
733 1478 857 1516 Forte
885 1477 1046 1530 capsula
1076 1492 1148 1530 pro
1175 1477 1432 1530 opobalsamo
1460 1493 1560 1517 con-

125 1531 256 1575 dendo
282 1531 356 1569 suit
381 1546 404 1570 e
432 1531 502 1570 tali
531 1546 697 1584 gemma.
753 1532 979 1570 Traductus
1007 1532 1073 1570 hic
1103 1546 1188 1570 mos
1208 1533 1357 1584 species
1374 1533 1560 1573 odoratas

125 1585 233 1629 dono
263 1586 444 1624 mittendi
471 1600 565 1624 cum
601 1589 692 1638 ipsis
732 1587 935 1638 speciebus
974 1586 1114 1639 procul
1150 1587 1275 1625 dubio
1318 1601 1363 1625 ex
1409 1590 1562 1627 oriente

126 1642 233 1678 venit
250 1670 262 1688 ,
293 1641 363 1680 ubi
391 1642 583 1679 missitata
607 1643 711 1679 inter
737 1643 933 1693 principes
963 1643 1067 1680 viros
1095 1643 1199 1680 inter
1236 1641 1314 1679 alia
1340 1642 1445 1681 dona
1471 1657 1562 1681 mu-

127 1708 241 1734 scum
257 1725 269 1743 ,
300 1696 479 1734 ambram
511 1702 551 1734 et
575 1695 815 1748 agalloctum
842 1697 1009 1734 tradunt
1036 1696 1238 1734 historiae.
1278 1696 1479 1736 Abulfeda
1508 1699 1560 1737 ad

125 1748 210 1788 An.
237 1748 330 1789 255.
358 1749 475 1804 [Chr.
506 1750 622 1804 869]
649 1751 698 1789 de
726 1751 884 1799 Iacobo,
914 1751 995 1789 filio
1024 1751 1214 1800 Laitschi,
1246 1750 1439 1790 Soss'arida
1467 1767 1561 1791 nar-

126 1810 207 1853 rat,
241 1818 360 1854 eum,
390 1812 579 1857 occupata
609 1805 786 1853 Perside,
823 1807 926 1844 inter
957 1807 1083 1852 dona,
1115 1806 1259 1858 quibus
1287 1813 1327 1844 et
1353 1808 1560 1846 victoriam

128 1859 357 1909 nuntiaret,
395 1867 436 1898 et
462 1860 698 1913 obsequium
736 1868 854 1913 atque
892 1860 1114 1899 clientelam
1142 1860 1322 1899 Chalifae
1349 1861 1556 1911 ‘desei-ret,

127 1911 221 1951 huic
249 1914 406 1953 misisse
425 1914 555 1952 decem
566 1916 754 1966 falcones
780 1916 968 1954 ccmdidos
996 1925 1032 1953 et
1050 1925 1200 1954 centum
1218 1916 1349 1966 globos
1370 1915 1450 1967 (vel
1470 1917 1561 1954 bur-

124 1982 651 2038 smnthQ
683 1981 718 2024 as
758 1985 913 2040 &0³⁹5
963 1981 1109 2024 mecm
1158 1972 1287 2024 „ze-Q
1330 1985 1375 2035 ὸς
1411 1989 1560 2028 ,ΑΛ-Ξ.

128 2054 262 2100 ηιξκιε-ὓ
293 2079 351 2110 0·
381 2057 481 2115 ἐἶ-ᾖα,
527 2075 631 2115 υαυ
678 2060 747 2126 ‘³3qu
793 2063 919 2124 Βίῳ-ε.
970 2059 1100 2116 ῑ--ῑοίο
1166 2069 1318 2107 Locum
1357 2069 1465 2108 hunc
1503 2072 1560 2110 sic

127 2132 249 2167 vertit
275 2130 456 2170 ‘retxeira
497 2131 748 2186 [Relaciones
778 2133 854 2172 d'el
882 2134 1031 2186 Origen
1063 2143 1138 2172 etc.
1169 2133 1220 2172 de
1261 2134 1319 2172 los
1347 2135 1475 2189 Reyes
1510 2136 1561 2175 de

128 2183 266 2223 Persia
292 2191 368 2224 etc.
394 2186 616 2238 Amberes,
665 2188 780 2227 1610.
806 2187 847 2226 8.
875 2203 915 2240 p.
955 2187 1071 2241 248]
1115 2203 1137 2227 e
1177 2202 1248 2227 suo
1285 2189 1561 2229 Rhondemiro

128 2238 250 2290 paulo
278 2238 392 2278 aliter
418 2241 599 2280 tradente
615 2257 627 2280 :
668 2252 807 2294 veynte
817 2244 1003 2294 fitlcones
1030 2266 1083 2271 —
1107 2243 1191 2281 dies
1219 2244 1373 2282 blancos
1412 2259 1439 2289 γ
1477 2245 1560 2283 dies

127 2292 370 2332 decliner-sas
389 2296 533 2334 colores
547 2311 584 2346 y
614 2310 706 2335 200.
733 2311 867 2335 manos
886 2298 935 2336 de
952 2298 1153 2336 Almiscar
1163 2312 1255 2348 may
1276 2313 1378 2352 piu-o
1395 2314 1470 2352 que
1490 2314 1559 2338 son

131 2345 211 2397 450
239 2347 385 2396 lihras3
404 2364 441 2400 y
466 2359 543 2388 esto
568 2365 640 2389 con
665 2352 723 2389 los
741 2352 926 2402 falcones
954 2351 1098 2390 mando'
1125 2351 1175 2389 de
1196 2362 1371 2405 presente
1397 2355 1442 2391 al
1471 2353 1560 2392 Kn-

129 2401 238 2452 Iescilt
262 2402 313 2440 de
331 2403 541 2455 Bagadad.
598 2405 823 2443 Renaudot.
854 2421 894 2458 p.
916 2405 1005 2447 538.
1040 2407 1186 2448 Histor.
1215 2407 1439 2446 Patriarch.
1463 2407 1562 2459 Ale-⁸

131 2455 269 2494 xandr.
301 2457 405 2495 inter
431 2459 535 2496 dona
573 2473 596 2496 a
635 2459 823 2498 Saladino
866 2460 916 2499 ad
962 2460 1242 2498 Nuroddiuum
1285 2463 1403 2500 missa
1438 2463 1560 2502 refert

130 2511 318 2549 umharae
342 2513 562 2564 fragmenta
589 2513 666 2551 duo
691 2527 860 2565 magna,
898 2515 1061 2552 allentm
1090 2516 1255 2566 viginti,
1295 2517 1458 2555 alterum
1486 2520 1560 2555 tri-

130 2565 239 2614 ginta
265 2566 471 2605 librarum.
528 2568 862 2620 Gynaeconitides
888 2582 1029 2620 nempe
1057 2571 1277 2621 principum
1305 2570 1559 2611 orientalium

133 2617 228 2655 talia
255 2628 470 2672 appetunt,
518 2628 558 2660 ct
594 2629 751 2673 stupeas
787 2622 1021 2674 diffidasque
1058 2624 1139 2661 fere
1181 2624 1312 2677 legens
1330 2655 1340 2670 ‚
1387 2633 1558 2678 quantos

135 2669 224 2709 illae
251 2682 406 2714 sumtus
434 2677 647 2728 quotannis
677 2677 716 2714 in
745 2676 1013 2715 odoramentis
1041 2677 1218 2716 fecerint.
1288 2679 1412 2733 [Inter
1442 2695 1556 2734 prae-

135 2725 248 2776 cipua
276 2727 404 2779 dona,
433 2731 578 2783 quibus
604 2731 808 2770 Romanus
838 2731 1048 2784 Hugonem
1075 2731 1127 2771 ad
1153 2735 1443 2786 suscipiendum
1470 2735 1555 2774 bel-

183 2801 441 2839 Constantinus
461 2807 636 2852 Porphyr.
667 2807 742 2840 Vol.
768 2807 815 2840 11.
1255 2810 1298 2846 5ο
