1884 3132
257 133 368 190 300
543 154 614 196 10.
657 153 761 196 mc.
805 155 999 197 nmsxu
1041 153 1419 203 COMMENTARH

369 258 543 297 Iustinus
579 274 741 298 uxorem
776 262 939 300 nomine
966 263 1177 316 Lupiciam
1207 258 1380 315 ἔστεψεν
1418 259 1700 319 Αὔγουσταν,

259 310 312 367 ἢν
341 309 379 351 οἱ
407 312 531 364 δῆμοι
566 311 764 354 ἐκάλεσαν
789 314 1020 368 Εὕφημῖαν
1044 317 1103 364 εἰς
1128 315 1173 357 τὸ
1198 317 1353 370 στέψαι
1373 315 1518 374 αὔτῆν.
1539 335 1581 375 p.
1605 321 1670 374 14.

366 369 428 406 De
451 369 620 408 factione
649 370 1018 410 Prasino-Veneta
1051 386 1089 411 v.
1117 387 1160 425 p.
1202 372 1292 427 194.

369 422 591 476 Imperator
614 425 664 463 ad
685 426 872 466 factiones
897 429 1090 467 circenses
1123 423 1308 479 ἔπεμψεν
1348 424 1559 480 μανδὰτα,
1594 431 1705 471 misit

257 478 471 525 mandata,
501 479 552 518 ad
580 481 755 520 Venetos
784 481 846 520 his
874 483 1029 522 verbis:
1070 483 1302 538 Imperator
1320 484 1561 525 lastinianus
1581 501 1705 541 penes

257 549 330 572 vos·
372 535 468 573 obiit
479 549 495 584 ‚·
534 536 584 574 ad
629 536 851 576 Prasinos:
899 538 1007 593 Imp.
1035 538 1276 578 Iustiniana-s·
1314 554 1435 595 penes
1469 555 1540 580 vos
1581 542 1700 581 vivit.

259 588 447 642 Theoph.
481 605 521 643 p.
547 591 638 632 205.

373 645 535 697 Sergius
582 642 799 698 δήμαρχος
847 648 1084 700 (tribunus)
1112 649 1304 689 Prasinae
1340 649 1546 700 factionis,
1591 653 1707 692 cuius

259 713 335 754 ope
364 700 589 740 Germanus
617 702 829 755 imperium
850 705 1022 756 quaerit.
1052 719 1095 757 p.
1112 703 1206 756 242.
1223 705 1410 758 Theoph.

370 756 502 795 Locus
532 757 732 796 notandus
752 772 792 810 p.
808 757 900 809 246.
935 759 1011 798 sub
1039 760 1174 799 Phoca
1192 790 1204 810 ‚
1224 760 1350 800 'cuius
1372 761 1413 799 in
1436 761 1586 814 nuptiis
1614 761 1704 800 lau-

258 817 392 849 reatae
411 811 537 850 Prisci
567 820 606 851 et
634 813 871 852 Dementiae
900 815 1091 868 imagines
1119 829 1332 869 suspensae
1358 823 1452 855 sunt
1469 846 1482 869 ‚
1510 817 1553 855 in
1583 831 1705 870 eque-

260 867 333 905 stri
361 869 589 906 certamine.
629 869 929 908 Protocursoris
961 870 1016 908 ibi
1049 872 1200 910 mentio
1228 884 1255 925 p
1285 869 1380 926 247.

367 923 431 961 De
458 924 565 961 circo
597 930 637 961 et
658 923 761 962 ludis
784 925 876 968 circ.
934 925 1075 964 Giorn.
1108 926 1172 965 dei
1199 927 1392 966 Letterati
1418 926 1537 966 VIII.
1559 925 1648 967 160.

367 978 431 1015 De
463 978 636 1017 obelisco
669 980 710 1017 in
737 980 877 1022 scenis.
903 980 1002 1020 XV.
1024 980 1093 1032 54.
1129 981 1186 1020 ib.

367 1031 507 1071 Urnae
532 1036 753 1087 praemium
778 1035 978 1074 victorum
999 1036 1041 1074 in
1073 1035 1193 1075 ludis.
1220 1035 1293 1075 lV.
1315 1035 1411 1091 287.

368 1089 533 1140 Organa
571 1090 712 1128 Graeci
754 1089 857 1128 inter
898 1104 969 1129 sua
1010 1093 1224 1145 praecipua
1247 1090 1392 1130 decora
1424 1091 1707 1132 numerabant.
1731 1112 1740 1123 ι

257 1157 300 1184 v.
324 1142 504 1194 Nigellus
533 1158 575 1196 p.
610 1143 676 1197 76.
706 1151 746 1183 et
769 1144 826 1182 ibi
847 1146 998 1185 Murat-

368 1199 486 1237 Demi
507 1200 548 1237 in
570 1201 676 1238 circo
697 1199 970 1240 conciderunt.
988 1200 1099 1254 Sym.
1131 1200 1308 1254 Logoth.
1328 1215 1368 1254 p.
1384 1202 1483 1256 491.

366 1253 429 1292 De
469 1254 712 1294 circensibus
749 1255 852 1294 ludis
875 1257 916 1294 in
957 1258 1156 1295 encaeniis
1183 1256 1294 1295 urbis
1325 1263 1364 1294 et
1386 1257 1536 1309 nuptiis
1571 1256 1706 1308 Impe-

255 1316 436 1348 ratorum
457 1309 649 1349 celebrari
673 1310 800 1349 solitis
834 1324 874 1350 v.
901 1310 953 1350 ad
980 1313 1151 1366 Martyr.
1177 1312 1250 1351 SS.
1275 1310 1584 1367 Anargyrorum
1602 1312 1706 1353 Wa-

256 1367 485 1419 gnereccius
501 1380 541 1418 p.
574 1363 637 1416 14.
666 1380 754 1419 sqq.

365 1421 519 1458 Eadem
563 1419 788 1474 spectacula
829 1421 1032 1460 interdum
1066 1421 1109 1460 in
1143 1421 1376 1461 Blachernis
1414 1419 1607 1460 celebrari
1640 1434 1707 1460 so-

255 1474 394 1515 lebant
413 1490 454 1528 p.
485 1476 548 1515 15.

369 1532 477 1569 Loco
515 1537 712 1570 metarum
754 1529 956 1572 interdum
995 1533 1175 1587 ingentes
1211 1532 1557 1586 pneumaticorum
1588 1544 1708 1584 orga-

257 1599 405 1624 norum
432 1585 548 1625 folles
580 1586 849 1639 ponebantur.
881 1580 1013 1642 p¹.15.

370 1639 605 1694 Σφενδόνη,
637 1642 760 1681 sunda
799 1645 842 1682 in
861 1685 863 1687 ,
883 1645 1002 1682 circo.
1062 1641 1213 1682 Μανία
1240 1641 1379 1696 populi
1409 1642 1453 1680 in
1478 1641 1705 1696 sponsioni-

260 1694 338 1735 bus
369 1697 626 1735 circensibus.
659 1712 700 1750 p.
739 1712 802 1752 17.
833 1698 1081 1752 Anargyror.

369 1752 431 1790 De
474 1752 712 1792 factionibus
741 1754 780 1792 in
820 1753 1050 1793 solennibus
1091 1746 1362 1805 προελεύσεσι
1389 1765 1435 1791 ex
1478 1750 1702 1804 negotiato-

261 1806 375 1845 ribus
407 1807 684 1847 constantibus
706 1809 979 1863 Luitprandus
993 1809 1126 1848 locum
1147 1807 1366 1847 notabilem
1382 1806 1504 1846 habet
1530 1821 1575 1860 p.
1610 1804 1703 1845 136.

259 1862 359 1901 Lerr.

320 1893 342 1916 0
370 1918 581 1971 Equorum
608 1918 805 1957 nobilium
834 1919 1062 1974 genealogia
1080 1917 1176 1958 olim
1194 1931 1218 1955 a
1239 1916 1430 1955 Romanis
1459 1914 1602 1955 litteris
1617 1921 1704 1978 tra-

266 1971 452 2012 debatur.
525 1973 620 2012 Vid.
655 1975 818 2013 Graevii
862 1975 988 2028 praef.
1033 1975 1084 2013 ad
1114 1974 1165 2012 T.
1201 1973 1298 2010 XII.
1338 1971 1470 2010 Thes.
1504 1971 1611 2021 (Fa.
1659 1984 1703 2010 m

259 2026 437 2081 Equus.)
496 2029 697 2068 Hactenus
726 2029 977 2069 Collectanea
1004 2028 1234 2068 Leichiana.

353 2083 438 2124 165.
457 2085 509 2122 D.
541 2098 573 2122 1.
599 2083 714 2138 [284,
738 2084 802 2138 6.]
853 2082 1115 2138 τετράλεκτα.
1170 2083 1232 2121 Ut
1272 2078 1326 2120 τὰ
1359 2079 1543 2131 τριλὲξια
1580 2086 1701 2130 sunt,

262 2151 354 2177 mea
383 2140 602 2187 sententia,
632 2138 773 2192 longae
801 2139 936 2179 rheses
965 2140 1089 2178 ternis
1115 2138 1247 2192 pausis
1275 2143 1456 2175 actorum
1485 2134 1704 2198 interpola-

261 2200 352 2238 tae,
403 2195 458 2234 ita
491 2193 697 2234 tetralecta
734 2202 853 2233 erunt
889 2194 1082 2233 dictiones
1109 2193 1314 2246 quaternis
1342 2199 1523 2230 actorum
1550 2189 1704 2253 vicibus

263 2248 491 2288 distinctae.
549 2249 703 2299 Quodsi
745 2263 842 2288 vero
882 2249 951 2288 illa
997 2250 1147 2287 fuerint
1197 2248 1418 2293 dictiones,
1462 2256 1562 2298 quas
1598 2251 1704 2282 term

266 2311 449 2343 cantores
480 2303 599 2342 simul
631 2305 871 2354 recitarent3
902 2313 1020 2343 erunt
1044 2304 1119 2343 hae
1147 2317 1308 2356 quoque
1333 2301 1526 2340 dictiones
1551 2313 1575 2337 a
1603 2313 1707 2361 qua-

264 2359 387 2397 ternis
407 2359 525 2398 simul
545 2359 786 2398 recitandae.
844 2358 1016 2399 Difficile
1042 2361 1085 2398 in
1110 2359 1230 2398 rebus
1258 2358 1431 2410 antiquis
1459 2362 1499 2394 et
1525 2354 1706 2393 obscuris

267 2420 422 2452 certum
454 2422 494 2453 et
521 2428 662 2453 verum
690 2414 837 2453 dicere.

374 2469 427 2507 D.
450 2484 544 2522 pen.
566 2467 682 2523 [284⁹
712 2468 795 2523 10.]
833 2466 993 2508 δίδοται
1020 2463 1064 2508 τὸ
1096 2462 1288 2519 περάτον.
1341 2465 1481 2506 Datur
1498 2470 1702 2518 paratum,

266 2519 308 2558 id
338 2529 420 2572 est,
461 2526 707 2577 imperatur,
750 2531 797 2563 ut
823 2537 961 2563 omnes
988 2525 1116 2578 parati
1145 2523 1239 2563 sint.
1296 2519 1414 2560 Conf.
1454 2533 1496 2572 p.
1534 2517 1623 2558 166.
1655 2518 1703 2556 B.

266 2574 344 2613 ult.
375 2584 414 2614 et
449 2579 537 2617 168.
567 2580 620 2616 D.

354 2631 443 2669 166.
466 2632 515 2670 A.
541 2647 575 2671 1.
598 2630 712 2686 [284.
740 2632 826 2688 ιῐ.]
854 2633 929 2687 τῆς
948 2633 1026 2672 τοῦ
1053 2630 1174 2685 ἁγίου
1204 2627 1383 2671 Μουκίου
1412 2621 1710 2680 προελεύσεως.

268 2683 369 2722 Nam
398 2700 444 2724 eo
474 2687 537 2724 die
567 2688 768 2726 dominico
794 2690 845 2728 ad
863 2689 906 2728 S.
927 2690 1104 2728 Mocium
1130 2684 1368 2740 procedebat
1387 2683 1633 2734 Imperator,
1664 2687 1711 2721 ut

271 2745 378 2792 patet
407 2754 453 2779 ex
483 2742 743 2796 inscriptione
770 2756 859 2798 cap.
886 2744 1004 2784 XVI.
1035 2758 1078 2797 p.
1102 2741 1171 2783 58.
1192 2747 1230 2781 et
1249 2755 1290 2793 p.
1312 2737 1379 2793 59.
1400 2739 1490 2793 init.
