1832 3126
138 194 216 237 An
255 192 555 236 cons'rm.
594 191 793 234 roam.
832 192 905 233 m:
944 184 1129 235 cmm.
1170 194 1273 236 un.
1315 197 1352 237 1.
1400 176 1506 251 ¹93

57 296 201 340 urbem
229 311 319 337 sera
345 309 513 350 vespera
539 294 718 335 rediisse.
776 295 836 335 Ita
866 293 1118 345 μεθιστάναι
1142 292 1233 336 τινά
1262 297 1341 350 τῆς
1367 294 1508 351 α’ρχῆς

57 361 119 393 oet
147 354 323 408 aliquem
357 365 384 391 a
412 353 641 404 magistratu
678 365 900 399 removere,
944 350 1205 391 translomre.
1262 352 1340 392 Hic
1372 360 1509 395 autem

56 408 134 448 loci
163 415 223 447 aet
241 408 451 460 emigratio
479 413 660 459 receptus
690 419 902 458 procerum
935 419 958 445 e
988 415 1205 460 conspectu
1228 406 1397 448 domini.
1443 410 1506 449 lta

55 477 218 517 quoque
244 464 289 501 in
315 461 486 501 Novella
515 460 714 499 Manuelis
743 460 874 499 Alexii
901 461 1009 514 apud
1039 463 1248 502 Labbeum
1275 479 1316 517 p.
1346 463 1436 515 134.
1459 462 1501 516 4.

53 517 307 569 μετάστασις
349 524 409 556 est
434 530 609 555 excessus
644 530 701 554 ex
726 516 802 553 hac
827 517 912 553 vita
926 544 938 564 ,
987 517 1094 568 quod
1128 518 1195 556 alii
1224 518 1416 570 κοιζιιησιν
1442 520 1507 559 di-

53 581 181 624 cunt3
237 567 310 611 διά
338 567 413 622 τήν
447 567 676 619 ὖπέρδοξον
716 570 790 621 τῆς
829 568 952 621 ἁγίας
977 568 1181 610 θεοτόκου
1220 572 1505 625 μετάστασινς

54 629 116 668 uti
149 642 173 668 e
198 627 402 667 contrario
438 619 727 676 παράστασις,
767 621 816 663 τὸ
839 622 1126 677 παρεστάναι,
1162 628 1322 667 adstare
1349 636 1409 668 est
1435 645 1508 669 co-

54 697 142 723 ram
168 696 216 722 eo
254 688 360 720 stare
379 710 392 731 ,
439 681 483 718 in
521 680 755 718 consistorio
794 680 952 719 adstare
991 681 1169 728 sedenti,
1219 683 1270 721 de
1297 698 1377 736 qua
1406 699 1507 725 voce

53 738 137 778 vid.
167 736 220 776 ad
244 737 406 775 initium
433 735 574 788 capitis
601 735 669 786 67.
729 734 788 773 Ex
818 736 959 774 eodem
987 735 1100 776 fonte
1128 737 1266 785 ssuxit,
1297 740 1406 792 quod
1435 755 1504 779 ae·

37 793 124 833 -des
152 791 448 831 conversarum
463 819 474 836 ‚
528 804 599 828 seu
627 789 842 829 mulierum
857 821 868 837 ‚
920 806 1024 844 quae
1049 807 1074 831 a
1102 793 1271 845 pristina
1310 793 1506 848 flagitiosa

51 855 98 887 et
121 846 365 901 propudiosa
394 845 477 884 vita
505 844 556 884 ad
598 845 805 884 meliorem
832 846 989 900 frugem
1017 848 1224 887 redierunt
1241 879 1252 895 ‚
1293 856 1333 887 et
1361 864 1503 889 mona-

53 903 185 942 dicam
213 903 338 941 vitam
368 899 572 953 amplexae
599 900 764 939 fuerunt
784 930 795 951 ,
819 897 1117 952 μεταστάσιμα
1144 903 1421 956 appellarunt,
1451 921 1505 944 se·

49 972 192 1007 cessus,
221 956 326 1006 loca,
354 956 395 994 in
416 955 564 1008 quibus
593 963 718 1009 agunt
744 953 782 995 οἱ
811 954 1115 1007 μεταστάντες,
1148 962 1219 1012 qui
1239 959 1505 1000 deseruerunt

51 1012 249 1052 mundum
262 1042 274 1059 ‚
313 1011 379 1050 die
405 1012 481 1049 det·
510 1009 630 1050 lVelc
656 1012 906 1064 abgestorben
930 1012 1035 1051 sind.
1094 1013 1191 1053 Vid.
1230 1014 1378 1068 Script.
1411 1023 1504 1068 post

49 1066 290 1120 Theophan.
323 1081 415 1120 pag.
441 1065 537 1106 266.
567 1067 622 1104 D.
647 1081 688 1120 7.
745 1066 988 1120 Appositum
1016 1076 1076 1107 est
1105 1069 1156 1108 ad
1184 1084 1269 1108 rem
1292 1078 1472 1110 nostram
1489 1098 1502 1123 ,

50 1123 160 1176 quod
197 1121 307 1175 apud
337 1121 651 1160 Demosthenem
692 1128 732 1160 et
770 1122 952 1162 rhetores
979 1122 1135 1163 Atticos
1162 1127 1339 1165 occurrit
1376 1127 1505 1176 μεθι-

51 1173 224 1227 στάναι,
263 1177 372 1230 quod
399 1175 531 1214 facere
558 1177 749 1216 dicuntur
778 1178 951 1225 iudices,
994 1193 1122 1232 quum
1148 1179 1349 1234 litigantes
1379 1195 1401 1220 e
1428 1183 1503 1221 tri-

50 1231 189 1271 bunali
221 1232 404 1271 secedere
431 1232 597 1282 iubent,
646 1246 727 1285 quo
767 1235 919 1286 possint
946 1234 1021 1287 ipsi
1049 1249 1122 1288 per
1152 1237 1281 1274 otium
1309 1243 1350 1275 et
1379 1235 1503 1276 liber-

52 1294 177 1327 tatem
214 1287 316 1340 dispi
364 1301 407 1326 re
423 1316 434 1336 ‚
478 1301 583 1339 quae
619 1290 816 1326 sententia
855 1289 1018 1328 ferenda
1060 1293 1127 1329 sit.
1185 1291 1248 1330 De
1285 1305 1361 1330 usu
1391 1293 1504 1331 vocis

51 1339 310 1392 μετάστασις
359 1356 387 1387 ,ε
415 1341 621 1395 republica
638 1373 651 1393 ‚
681 1358 763 1395 quo
791 1351 904 1383 notat
931 1345 1162 1398 prolapsum
1189 1361 1214 1386 a
1243 1347 1399 1386 meliori
1427 1355 1502 1387 sta-

49 1403 110 1437 tut
134 1396 187 1449 ad
224 1396 483 1444 deteriorem,
536 1398 615 1450 egit
642 1397 778 1437 vales.
818 1399 869 1437 ad
900 1400 1139 1453 Harpocrat.
1173 1415 1214 1440 v.
1247 1398 1503 1455 Στασιώτης.

53 1451 143 1490 Non
180 1465 342 1504 possum
378 1451 531 1499 facere,
575 1454 674 1504 quin
702 1453 779 1491 hae
816 1456 1022 1494 occasione
1048 1456 1271 1509 elegantem
1301 1456 1502 1496 Athenaei

52 1505 186 1545 locum
202 1534 214 1555 ‚
261 1513 331 1544 aut
362 1506 494 1558 potius
532 1507 691 1545 scholae
730 1508 1022 1562 Pythagoricae
1064 1513 1301 1549 sententiam
1333 1512 1500 1564 perpul-

50 1561 194 1599 chram
221 1559 439 1607 illustrem,
470 1568 590 1614 atque
619 1576 644 1600 a
674 1576 863 1614 perversa
893 1565 1181 1617 interpretandi
1201 1566 1356 1604 ratione
1374 1595 1385 1615 ,
1420 1581 1503 1619 qua

56 1616 100 1654 in
129 1629 178 1654 eo
204 1616 266 1653 usi
301 1615 464 1654 fuerunt
491 1617 567 1654 viri
597 1616 731 1666 docti,
772 1631 962 1658 asseram.
1020 1620 1229 1659 Statuebat
1255 1634 1302 1658 ea
1334 1621 1469 1660 schola
1485 1649 1500 1672 ,

52 1672 207 1708 animas
234 1671 391 1723 corpori
420 1685 443 1708 a
471 1671 546 1709 diis
586 1670 753 1724 illigatas
781 1672 928 1723 ffiisse,
973 1674 1095 1728 idque
1126 1682 1339 1728 propterea
1367 1674 1500 1725 δέμας

53 1727 171 1778 quasi
200 1725 407 1764 vinculum
435 1733 504 1764 aut
534 1740 733 1765 carcerem
762 1727 838 1766 dici
854 1758 865 1775 ,
901 1743 982 1782 quo
1016 1731 1086 1783 qui
1113 1738 1256 1783 sponte
1282 1745 1355 1769 sua
1381 1745 1499 1783 praeq

55 1787 213 1819 mature
240 1780 430 1819 excedant
443 1810 455 1831 ‚
489 1788 559 1819 aut
587 1789 800 1835 erumpant
826 1785 958 1836 potius
974 1814 986 1836 ‚
1016 1799 1083 1824 eos
1110 1785 1239 1824 multo
1263 1787 1402 1838 peiora
1427 1786 1499 1825 de-

43 1835 190 1888 inceps
222 1835 327 1874 mala
353 1843 392 1874 et
414 1843 623 1883 *tormenta
652 1837 813 1888 subire3
871 1835 936 1876 διὸ
966 1835 1125 1886 πάντας
1161 1838 1499 1890 εὐλαβουμένους

54 1886 129 1942 τὴν
154 1890 237 1929 τῶν
253 1889 411 1943 κυρίων
436 1888 687 1941 ἀνάστασιν,
718 1893 947 1945 φοβεῖσθαι
974 1895 1051 1934 τοῦ
1081 1894 1155 1949 ζῇν
1184 1889 1346 1940 ἑκόντες
1373 1894 1500 1947 ἐκβῆ-

54 1957 139 1994 ναι,
166 1955 405 2000 quapropter·
429 1960 560 1985 omnes
585 1947 791 1986 observare
818 1957 857 1986 ec
879 1963 1036 1988 manere
1063 1958 1210 2005 tempus
1236 1950 1359 1995 illud,
1390 1950 1502 2005 quod

54 2008 316 2053 opportunum
341 2002 605 2053 vzkumfioerit
627 2005 711 2048 τοῖς
738 2001 897 2054 κυρίοις
923 2004 1002 2043 τοῦ
1027 2001 1277 2056 ἀναστῆσαι,
1304 2005 1406 2054 illis,
1421 2019 1502 2060 ‘pe-

54 2067 123 2092 nes
147 2068 242 2109 quos
270 2058 478 2095 auctoritas
502 2058 554 2095 sic
577 2058 870 2110 emigrationem
895 2073 951 2098 ex
978 2061 1052 2098 hac
1079 2062 1164 2099 vita
1183 2059 1430 2114 imperandi,
1461 2069 1502 2102 et
1552 2074 1556 2078 ·

52 2109 132 2147 sihi
159 2123 187 2147 a
217 2109 437 2150 volrmtario
457 2111 551 2167 fine
587 2127 741 2151 cavere.
799 2113 911 2151 Idem
951 2115 1073 2168 igitur
1102 2115 1168 2154 hic
1198 2114 1276 2153 loci
1302 2122 1362 2154 est
1394 2111 1496 2154 a‘vd-

56 2176 201 2210 στασις
236 2171 356 2217 atque
382 2164 649 2216 μετάστασις,
678 2169 793 2206 iussio
819 2183 841 2206 e
868 2169 974 2218 loco,
1005 2171 1047 2209 in
1073 2184 1149 2225 quo
1175 2171 1261 2224 quis
1290 2171 1364 2218 sit,
1403 2183 1494 2208 sur-

53 2217 178 2312 {⁸⁷¹AE
197 2228 236 2257 et
253 2220 334 2258 alio
360 2221 579 2273 migrandi,
614 2223 723 2275 quod
743 2223 787 2261 fit
806 2223 849 2261 in
876 2228 961 2270 τοῖς
989 2219 1260 2274 ἄναστάτοις,
1289 2223 1386 2276 illis,
1413 2225 1498 2278 quiq

86 2286 135 2312 us
164 2273 332 2313 dicitur:
370 2285 517 2314 veteres
535 2278 699 2324 migrate
722 2279 866 2317 coloni.
1486 2312 1491 2316 -

114 2326 181 2368 52.
201 2328 256 2368 A.
274 2329 348 2368 ult.
371 2329 462 2384 [86‚
480 2330 570 2386 25]
589 2319 816 2384 κἐξέρχεται
844 2331 889 2371 ἐν
914 2332 973 2388 τῷ
997 2333 1201 2387 τρικλίνῳ.
1250 2332 1497 2375 Membranis

57 2381 167 2422 deest
196 2381 252 2424 ἐν.
306 2385 363 2423 Et
393 2386 448 2424 sic
476 2401 636 2440 quoque
661 2387 799 2440 paullo
829 2395 918 2440 post
948 2388 994 2426 C.
1026 2403 1062 2428 1.
1120 2388 1266 2442 ἐξέλθῃ
1298 2387 1356 2443 τῷ
1382 2385 1498 2441 ἱππο-

60 2435 228 2492 δρόμῳ,
262 2441 443 2494 procedit
479 2442 522 2480 in
552 2444 709 2482 circum.
768 2443 894 2496 Saepe
925 2450 1039 2481 notat
1073 2444 1232 2482 Graecis
1269 2450 1309 2482 et
1343 2444 1495 2482 Latinis

58 2490 217 2532 dativus
248 2502 404 2534 motum
431 2495 482 2534 ad
515 2496 673 2548 locum3
730 2500 808 2536 ποῖ
829 2505 889 2537 est
916 2499 1104 2550 antiquus
1132 2499 1291 2538 dativus
1321 2511 1372 2543 πο
1402 2513 1496 2547 cum

59 2545 256 2601 adscripto
286 2550 381 2589 iota.
441 2551 606 2592 Veteres
634 2553 741 2591 enim
768 2565 789 2590 ο
808 2568 881 2606 pro
898 2567 932 2591 ω
955 2554 1198 2593 scribebant.
1253 2552 1338 2608 Πῷ
1349 2584 1361 2601 ,
1389 2568 1499 2600 nemf

61 2611 113 2652 pe
137 2599 269 2658 τόπῳ,
300 2609 393 2655 ποῖ,
421 2612 632 2661 quorsum?
685 2607 877 2661 Exempla
914 2607 1032 2660 plura
1067 2611 1112 2648 in
1137 2609 1223 2649 sola
1250 2608 1498 2662 Anthologia

62 2653 250 2709 Stephani
273 2669 512 2710 occurrunt,
542 2670 590 2702 ut
610 2678 653 2716 p.
678 2664 745 2703 31.
775 2677 817 2701 n.
852 2662 942 2702 166.
959 2677 971 2701 :

158 2712 328 2790 ''1253th
357 2725 429 2766 καί
453 2727 621 2784 ποταμῷ
650 2726 951 2779 Κλειτώνυμον
975 2725 1134 2782 ἐχθρὸς
1160 2721 1307 2780 ὅμιλος

170 2788 275 2817 ωσὲν
293 2803 500 2813 ------

110 2841 369 2879 Constantinus
389 2848 563 2892 Porphyr.
597 2849 671 2882 Vol.
698 2850 747 2882 ΙΙ.
1197 2852 1235 2883 ¹3
