1826 3126
227 188 302 230 An
341 186 643 231 CONSTANT.
682 185 882 229 PORPH.
919 183 992 228 DE
1029 186 1209 228 cmm.
1252 187 1350 227 Lm.
1390 189 1424 227 1
1473 168 1543 242 37

215 288 258 342 4.
271 290 320 330 Β.
342 304 386 344 9.
417 289 482 344 [6,
501 288 566 344 8.]
619 285 774 338 τάξεσι.
827 289 916 329 Vox
950 285 1066 337 τάξις
1092 296 1133 329 et
1172 284 1312 340 τάγμα
1348 287 1418 328 illo
1446 302 1546 327 aevo

104 345 188 385 fere
200 351 362 384 tantum
375 345 426 384 de
440 343 582 384 militia
595 343 889 398 usurpabatur,
921 351 968 383 ut
989 343 1181 396 σέκρετον
1206 343 1256 383 de
1271 343 1401 384 officio
1419 342 1542 384 civili.

107 394 236 448 Τάξις
262 407 321 440 est
338 399 482 439 cohors
498 399 670 453 speciose
696 406 850 438 armata
875 399 1078 439 custodiae
1093 406 1133 438 et
1148 399 1352 439 comitatui
1368 407 1407 439 et
1434 413 1545 453 pom-

103 469 178 508 pae
193 469 432 509 magnorum
447 455 627 494 virorum
636 483 651 517 ,⁷
681 460 727 493 ut
742 452 916 493 consulis
930 483 942 506 ,
970 455 1187 507 praetoris,
1216 455 1402 507 praefecti
1419 454 1544 505 Urbi,

104 517 145 548 et
170 510 399 563 provinciae
420 509 689 574 correctoris,
733 508 802 548 sed
831 510 1041 562 praecipue
1057 510 1346 561 Imperatoris,
1392 509 1542 549 addita.

103 565 251 619 Georg.
267 563 386 604 Alex.
418 564 460 603 in
489 566 572 603 vita
586 565 634 603 Β.
653 563 924 631 Chrysostomi
942 563 1050 617 apud
1068 564 1267 627 Ἑιῲιοῑῑ.
1275 564 1405 604 Gloss.
1423 565 1542 604 Cedr.

102 633 200 659 vooe
219 619 514 659 (kabel-alana:
571 617 758 683 παοὲστη
782 633 851 658 και
879 614 905 671 ἦ
934 617 1161 670 βασίλισσα
1188 614 1269 669 πρὸ
1297 620 1379 659 τῶν
1396 620 1544 671 θυρῶν

101 674 176 726 τῆς
199 670 416 741 ἐκκλησίας
440 669 548 724 ’μετα
576 669 713 726 πάσης
739 672 874 726 αὕτῆς
905 671 1139 727 φαντασίας
1165 687 1234 713 και
1262 688 1346 712 των
1376 676 1542 724 κουβου·

99 725 282 782 κλαρώον
309 742 379 767 και
407 727 484 782 τῆς
517 725 695 780 τάξεως,
729 743 816 768 cum
842 730 952 768 omni
974 742 1045 767 sua
1073 742 1247 783 pompa,
1286 737 1325 767 et
1347 730 1542 768 cubicula-

23 816 27 820 .
99 784 194 832 n‘is,
231 793 270 824 et
295 783 459 835 ordine,
496 783 537 823 id
562 790 621 823 est
645 782 787 823 militia
804 784 1027 837 pompatica
1053 784 1228 836 corporis
1249 782 1421 837 Augusti
1449 799 1540 836 pro-
1563 814 1568 817 -

99 838 272 892 tegendi.
326 837 519 892 Exempla
534 837 652 893 plura
673 838 794 878 habet
810 840 877 878 Du
895 839 1028 893 Gange
1047 837 1177 878 Gloss.
1195 840 1338 878 Graec.
1363 838 1407 877 h.
1425 853 1537 878 v.oce

98 892 231 933 Erant
253 901 387 934 autem
416 893 551 948 plures
576 893 674 934 tales
698 893 881 934 ordines:
919 901 965 933 ut
996 894 1201 947 sequentia
1233 894 1367 933 statim
1395 893 1540 932 docent

97 942 250 1002 exaio-tq
270 945 333 989 rd'
326 954 388 998 ξις
418 951 671 1006 ιυιιιεᾳιιιῖςφιε
701 950 816 989 ordo.
873 950 1002 991 Erant
1027 948 1254 1001 Scholarii,
1287 955 1402 988 crant
1420 949 1540 988 Hica-

98 1003 210 1055 nati,
247 1004 438 1055 Numeri,
472 1012 551 1044 etc.

204 1059 248 1100 B.
260 1074 304 1114 9.
340 1059 405 1115 [6,
426 1057 492 1113 8.]
548 1059 653 1100 πᾶσι
693 1062 781 1108 τοῖς
825 1059 1046 1112 σεκοὲτοις.
1112 1059 1310 1099 Secoetwn
1350 1067 1390 1098 et
1427 1062 1537 1100 curia
1550 1067 1611 1101 Ed.
1624 1068 1662 1101 L
1679 1080 1717 1102 ια

96 1111 203 1152 idem
226 1122 302 1154 est.
356 1115 550 1154 Sec-maun
579 1123 635 1155 est
658 1115 784 1166 Iocus,
835 1117 878 1155 in
911 1130 986 1171 quo
1018 1116 1151 1156 sedent
1180 1115 1325 1155 italices
1352 1129 1432 1169 pro
1466 1118 1536 1154 tri-

94 1166 256 1220 bunali,
289 1170 346 1209 ait
362 1169 498 1210 Vales.
522 1169 573 1209 ad
596 1170 1151 1225 Ammian.1t[arcell.p..97
1159 1200 1171 1223 ,
1197 1171 1268 1209 ubi
1291 1170 1376 1208 fuse
1402 1171 1452 1209 de
1477 1185 1537 1209 se-

93 1225 207 1265 cretis
234 1225 331 1279 agit.
386 1225 543 1264 Secreta
565 1225 759 1265 meabant
774 1227 890 1278 loca,
917 1227 973 1265 ait
989 1226 1217 1266 Gasaubon
1231 1226 1283 1264 ad
1300 1226 1534 1279 Vopiscum,

93 1278 162 1317 ubi
93 1278 226 1372 bamde
241 1281 404 1334 negotiis
418 1295 497 1336 pro
513 1281 664 1320 racione
680 1282 848 1320 nmnen‘s
861 1282 1019 1338 quisque
1035 1283 1099 1322 sui
1112 1283 1319 1320 tractatum
1331 1283 1535 1320 convenie-

93 1332 202 1373 bant.
258 1334 376 1375 Gonf.
408 1337 532 1375 Goar.
563 1335 615 1374 ad
644 1335 788 1375 Godin.
815 1349 858 1390 p.
875 1335 943 1391 74.
968 1351 1013 1376 ιι.
1037 1336 1104 1376 5ι.
1124 1337 1357 1376 etGretser.
1376 1350 1417 1388 Ρ.
1442 1335 1532 1389 167.

93 1386 178 1482 Ἠ
179 1389 440 1430 eSeeretariis
456 1391 524 1429 Du
540 1390 673 1444 Gange
687 1390 739 1429 ad
749 1389 865 1431 Alex.
885 1406 927 1445 p.
941 1391 1037 1446 2.69
1057 1391 1107 1431 de
1123 1392 1333 1430 secretario
1346 1391 1532 1443 episcopi,

153 1458 165 1482 ι
180 1443 233 1482 ab
249 1446 438 1485 universo
454 1444 560 1485 clero
574 1445 840 1486 salutabatur.
882 1447 994 1485 Idem
1011 1446 1126 1486 GPlis
1144 1446 1360 1485 Christian.
1378 1460 1422 1498 p.
1437 1446 1531 1484 255.

93 1504 135 1537 et
150 1497 203 1537 ad
220 1500 369 1540 Zonar.
393 1501 658 1540 Secretarium
684 1508 742 1540 est
759 1501 868 1555 quod
895 1503 1036 1541 Graeci
1061 1497 1293 1540 διακονικὸν
1315 1499 1532 1554 appellant.

94 1551 288 1592 Altoeerr.
306 1555 358 1593 ad
381 1555 567 1594 Anastas.
586 1570 629 1609 Ρ.
650 1555 701 1597 58
707 1555 763 1618 .]*
805 1555 924 1594 Conf.
942 1557 1011 1594 Du
1030 1556 1164 1608 Gange
1189 1554 1320 1594 Gloss.
1347 1562 1532 1607 utroque.

205 1609 253 1647 B.
272 1607 349 1648 ult.
370 1608 434 1663 [6,
460 1624 506 1649 10
511 1609 545 1663 .]
587 1606 691 1648 κατὰ
708 1606 777 1648 τὸν
795 1606 902 1649 ἴδιον
921 1610 998 1649 τοῦ
1015 1610 1211 1661 σεκρέτου
1229 1604 1371 1648 τύπον.
1391 1609 1534 1647 Unum

91 1663 201 1702 enim
215 1671 413 1703 secretum
431 1663 510 1703 alio
527 1663 670 1703 habitu
688 1663 857 1731 locoque
871 1664 1135 1704 conveniebat
1151 1678 1273 1717 quam
1290 1662 1476 1702 alterum.

203 1718 323 1758 G.1.
361 1718 544 1773 [6,11.]
589 1717 958 1772 προευτρεπισωσι.
1015 1719 1252 1772 Congruunt
1293 1718 1384 1784 huc,
1407 1718 1533 1758 verba

90 1771 249 1813 Nicetae
267 1773 539 1827 Ghoniataep
540 1773 665 1814 ..252
685 1774 741 1813 Α,
758 1774 823 1812 ed.
853 1774 957 1812 Ven.
973 1788 985 1798 ·
1014 1774 1089 1837 τῆς
1119 1771 1332 1835 γενεθλίου
1362 1769 1533 1812 ἐπιστά-

89 1840 166 1879 σης
194 1825 355 1881 ἡμέρας
379 1828 598 1882 Χριστοῦ,
624 1825 752 1891 azir-'69
783 1841 828 1867 τε
854 1824 930 1880 τήν
960 1823 1154 1867 διάλιθον
1187 1824 1336 1879 στολὴν
1368 1826 1531 1881 ἤμφιιέ-

89 1895 219 1932 cato,
251 1897 322 1922 και
353 1887 441 1931 τοῖς
470 1885 629 1930 λοιποῖς
655 1883 784 1923 πᾶσιν
809 1878 1047 1934 ἐπετετάχει
1080 1896 1157 1929 τας
1184 1881 1443 1935 χρυσοϋφεῖς
1467 1895 1532 1921 πε-

89 1935 295 1990 ριθέσθαι
322 1952 392 1977 και
421 1934 719 2004 πλατυσήμους
745 1936 938 1990 ἐσθῆτας.
995 1938 1120 1976 Loros
1154 1937 1347 1990 designat.

101 2019 105 2022 -
201 1992 250 2032 C.
271 2007 311 2032 2.
341 1993 406 2048 [6,
434 1993 518 2048 ι2.]
573 1992 632 2048 τῷ
655 1991 837 2048 υποίρχω
862 1993 937 2059 τῆς
963 1989 1133 2038 πόλεως.
1190 1991 1263 2030 Est
1289 2006 1336 2030 ex
1364 1992 1529 2046 antiqua

86 2046 233 2087 Roma.
289 2048 518 2088 Pmefectus
548 2049 660 2088 urbis
688 2048 808 2087 modo
852 2042 1069 2101 ὕπαρχος,
1097 2045 1219 2086 modo
1246 2042 1431 2098 ἔπαρχος
1459 2061 1528 2100 ap-

86 2101 275 2154 pellatur.
332 2103 419 2142 Hal
420 2104 568 2143 duinus
594 2104 647 2143 ad
676 2102 873 2143 Themist.
900 2117 942 2155 p.
962 2101 1059 2152 480.
1089 2102 1145 2140 ait
1172 2101 1389 2154 praefectos
1415 2100 1527 2142 urbis

87 2156 275 2196 GPtanae
290 2156 346 2196 A.
365 2158 413 2197 G.
433 2157 527 2212 559.
555 2159 728 2212 primum
748 2158 946 2197 institutos
971 2164 1011 2196 et
1028 2157 1231 2210 Principes
1254 2163 1412 2195 senatus
1428 2157 1528 2196 fuis-

85 2226 144 2251 se.
202 2212 325 2262 Quod
343 2212 644 2267 intelligendum
662 2215 797 2253 stricte
821 2213 871 2252 de
897 2219 1038 2252 senatu
1069 2212 1226 2250 urbano
1241 2241 1253 2262 ‚
1286 2212 1354 2265 qui
1378 2207 1427 2250 τὸ
1452 2225 1523 2253 πο-

83 2265 263 2317 λίτευμα
294 2267 530 2321 appellatur.
586 2270 688 2308 Erat
720 2268 819 2307 haec
849 2268 1018 2322 dignitas
1041 2267 1231 2306 maximae
1262 2267 1522 2305 auctmntat1s

34 2320 44 2327 ’
86 2320 265 2360 Absente
293 2322 536 2375 Imperatore
566 2324 728 2378 regebat
761 2323 904 2362 urbem
936 2337 1017 2361 una
1050 2336 1142 2360 cum
1168 2335 1224 2360 τω
1251 2320 1524 2371 ἑναπομονεῖ,

84 2383 132 2414 ut
156 2390 202 2415 ex
219 2377 382 2416 Tactico
410 2377 570 2418 militari
597 2387 732 2419 nostro
755 2393 798 2432 p.
819 2377 914 2432 259.
943 2384 1066 2431 patet.
1121 2377 1182 2416 Ex
1204 2383 1407 2429 praesente
1436 2374 1524 2415 loco

85 2438 240 2470 constat
258 2431 372 2472 illum
395 2433 480 2471 vias
496 2463 509 2484 ‚
541 2448 615 2487 per
639 2449 738 2488 quas
760 2434 955 2488 processio
980 2431 1142 2485 publica
1173 2432 1280 2485 regia
1305 2431 1524 2470 transitura

84 2493 184 2525 esset
197 2516 208 2537 ,
243 2488 404 2541 purgari
433 2489 713 2542 vestibusque,
746 2489 867 2528 cereis
895 2495 935 2526 et
951 2488 1090 2551 sertis,
1125 2493 1247 2540 atque
1252 2500 1381 2550 opere
1394 2486 1521 2537 topia-

84 2540 145 2580 rio
172 2543 305 2581 ornari
342 2557 514 2582 curasse.
571 2544 657 2583 Sub
690 2558 738 2583 eo
767 2551 853 2582 erat
879 2538 926 2581 τὸ
959 2517 1090 2605 ἱερὸν
1104 2537 1382 2594 πραιτώριοι
1422 2540 1519 2580 Vid.

84 2595 230 2659 Script.
249 2604 338 2650 post
355 2598 595 2651 Theophan.
614 2615 656 2652 p.
675 2598 771 2653 294.
791 2599 839 2637 Β.
896 2597 963 2636 Ad
990 2598 1118 2648 ipsum
1141 2596 1394 2650 pertinebat,
1426 2609 1520 2658 poe-

84 2663 156 2688 nas
172 2651 212 2690 in
227 2652 407 2692 sontibus
424 2654 612 2707 exsequi,
645 2654 782 2707 quod
773 2669 813 2692 ιιι
829 2652 945 2690 Circo
962 2651 1096 2691 fiebat.
1151 2651 1274 2690 Cuius
1298 2651 1357 2689 rei
1376 2651 1519 2703 passim

85 2705 1520 2816 ἓεέξὲᾏῗζοῗζῗζέἑῗοῖῗ.ῗῗὲἳὲῗέἒέιξζιῗῗζῖῗιειᾷῗῗωὲέῖιῗὲἓ
