1884 3132
248 106 356 163 582
556 123 629 163 10.
670 119 779 162 1Αο.
819 122 1013 162 REISKn
1050 118 1429 162 colvmssNTARn

247 218 342 271 asb-
374 213 524 281 ests-sss
559 224 681 284 452>
726 210 843 281 0503&
880 231 948 276 μμ
992 206 1168 259 odulfi-.-
1203 222 1281 261 etc.
1338 221 1458 261 Anno
1500 222 1594 262 523.
1626 236 1691 262 00-

248 284 348 321 cisus
388 282 446 321 uit
461 279 718 332 Maraawigj
741 279 990 326 Dailomita,
1027 277 1207 317 dominus
1239 277 1430 316 Parthiae
1457 285 1494 316 et
1522 278 1694 316 aliarum

250 338 449 389 regionum
470 365 480 382 ,
523 335 631 390 quod
665 336 737 373 hac
782 334 833 372 de
880 347 1003 372 causa
1035 342 1073 371 et
1107 334 1258 371 ratione
1295 333 1469 385 contigit.
1524 331 1697 370 Iusserat

250 405 389 446 nempe
407 421 418 437 o
441 404 517 445 quo
541 390 848 445 splendidiorem
875 389 1087 427 celebraret
1111 388 1216 426 diem
1254 402 1362 426 snum
1390 387 1565 426 natalem
1579 416 1590 436 ,
1617 401 1696 440 per

252 447 491 485 circumsitos
517 445 734 499 Iffahanae
765 452 910 482 montes
947 453 984 482 et
1010 444 1128 482 colles
1160 443 1357 494 lignorum
1383 444 1551 495 ingentes
1587 456 1697 480 acer-

252 517 324 542 vos
365 502 537 540 construi
549 532 559 548 ‚
602 515 680 555 per
719 509 865 538 noctem
889 500 1078 553 proxime
1109 507 1325 536 secuturam
1357 511 1516 536 arsuros
1562 505 1601 535 et
1625 511 1698 551 ope

253 571 462 602 corvorum
498 555 763 595 accendendos
782 585 792 604 ‚
831 568 997 609 quorum
1027 567 1232 592 numerum
1266 553 1371 591 ultra
1400 553 1456 590 bis
1474 552 1584 591 mille
1611 553 1699 590 coii-

252 621 387 666 gerat‚
426 620 463 650 et
499 626 587 650 cum
623 610 845 666 pyoeidibus
877 609 1054 647 ardentis
1088 610 1283 662 naphthae
1307 609 1438 662 plenis
1477 607 1535 646 ad
1562 621 1699 646 eorum

251 668 373 722 pedes
400 667 573 719 religatis
611 679 698 720 quoi
738 665 883 703 vellent
906 665 1071 703 avolare
1100 664 1263 703 sinebat.
1325 662 1562 716 [Monstrosi
1591 662 1699 715 ignes

257 721 510 771 artificiales,
541 728 678 774 gustus
706 719 920 767 barbarici,
953 719 1021 759 sed
1052 719 1202 773 grande
1225 717 1321 772 quid
1339 716 1543 771 produnt]
1573 717 1700 757 Prae-

257 787 366 817 terea
406 778 735 831 apparatissimas
767 775 901 830 epulas
943 777 1109 813 iusserat
1159 775 1324 823 instrui,
1376 774 1486 812 mille
1532 774 1703 811 mactari

258 847 396 889 equos,
431 833 487 870 bis
504 833 612 870 mille
639 832 753 870 boves
769 861 780 879 ‚
804 830 1002 884 pecudum
1033 831 1115 868 vim
1141 829 1406 867 incredibilem
1417 843 1433 877 ‚-
1469 842 1591 882 neque
1626 829 1702 865 mi-

259 903 332 927 nus
355 888 637 926 dulciariorum
662 886 903 940 comparari.
963 885 1102 923 Posita
1127 898 1263 923 coram
1291 892 1421 922 tamen
1431 882 1675 935 fastidiebat
1688 911 1700 932 ‚

259 952 302 982 ut
330 944 529 981 maiestate
554 956 625 980 sua
653 942 887 989 humiliora,
921 941 1173 994 graviterque
1203 940 1244 977 in
1275 939 1423 976 aulicos
1446 938 1595 976 idcirco
1625 946 1703 975 sto-

262 999 529 1036 machabatur.
588 997 695 1035 Erat
721 997 823 1034 enim
836 995 1045 1048 iracundus
1079 1004 1117 1032 et
1129 1008 1230 1048 prae
1263 995 1421 1031 caeteris
1466 993 1613 1031 Turcas
1632 1007 1702 1030 ve-

261 1067 365 1092 xare
408 1053 556 1091 solebat
591 1053 632 1090 in
663 1051 739 1090 suis
765 1051 901 1088 castris
935 1058 1136 1088 merentes.
1194 1048 1328 1086 Soluto
1359 1049 1541 1086 convivio
1562 1055 1600 1085 et
1627 1061 1705 1086 ex-

263 1110 403 1147 stincta
427 1107 713 1145 illuminatione
728 1135 737 1153 ‚
763 1119 879 1160 quum
908 1105 1032 1143 altero
1049 1118 1163 1142 mane
1183 1105 1225 1142 in
1256 1103 1389 1141 urbem
1409 1103 1542 1141 redire
1569 1103 1699 1150 vellet,

263 1165 374 1213 (haec
394 1164 497 1201 enim
519 1162 652 1200 omnia
677 1162 719 1199 in
743 1174 926 1214 processu
951 1161 993 1198 in
1034 1173 1172 1211 agrum
1205 1158 1498 1209 Ifahanerzsem
1513 1157 1704 1213 fiebanffl

265 1218 434 1256 aderant
459 1219 502 1256 in
538 1217 663 1254 armis
703 1224 741 1254 et
766 1216 874 1270 equis
901 1215 959 1253 ad
993 1215 1078 1252 heri
1104 1215 1324 1253 tentorium.
1381 1212 1515 1268 Equi,
1541 1221 1583 1251 ut
1609 1227 1703 1251 eun-

264 1273 354 1311 dem
386 1274 429 1311 in
481 1272 605 1310 locum
654 1271 769 1309 multi
803 1269 1005 1317 conducti,
1051 1283 1170 1324 quum
1217 1269 1386 1306 hinnitus
1429 1269 1706 1322 strepitumque

265 1328 447 1376 ederent,
480 1328 666 1378 fremens
707 1327 770 1364 ira
818 1324 1073 1377 flIardawigj
1112 1323 1399 1376 interrogabat,
1448 1336 1707 1378 quorumnam

267 1391 389 1420 essent
409 1383 474 1420 illi
497 1383 611 1436 equi,
638 1380 697 1419 ad
715 1380 959 1435 praetorium
986 1394 1094 1418 suum
1117 1388 1198 1417 tam
1224 1393 1352 1434 prope
1377 1379 1465 1416 ausi
1491 1377 1674 1416 accedere
1688 1391 1704 1424 ,-

268 1446 307 1476 et
348 1438 566 1476 Turcarum
600 1450 678 1474 esse
724 1436 857 1474 doctus
874 1465 884 1482 ‚
930 1435 1109 1483 iubebat,
1137 1447 1212 1490 quo
1238 1434 1399 1489 puniret
1427 1442 1466 1472 et
1493 1434 1710 1484 infamaret

268 1506 432 1530 exosam
457 1492 533 1531 sibi
544 1500 695 1544 gentem
712 1521 722 1538 ‚
766 1491 914 1528 Turcas
939 1491 1041 1544 ipsos
1067 1490 1244 1528 ademtas
1277 1490 1384 1543 equis
1404 1488 1520 1527 sellas
1541 1489 1708 1526 humeris

269 1548 425 1595 tollere,
460 1561 582 1602 eoque
619 1547 828 1599 gestamine
861 1547 1009 1598 regiam
1043 1545 1175 1584 urbem
1211 1544 1377 1596 ingredi.
1439 1543 1557 1598 Quod
1592 1557 1709 1598 quum

270 1604 445 1656 nequiret
469 1616 546 1640 non
563 1601 688 1657 fieri,
717 1600 878 1639 multum
907 1600 1078 1639 addebat
1103 1600 1217 1648 odio,
1250 1613 1324 1654 quo
1343 1600 1491 1638 Turcae
1519 1598 1711 1636 ardebant

270 1658 313 1694 in
334 1659 526 1696 hominem
544 1687 553 1705 ‚
588 1671 635 1694 ne
659 1656 862 1708 gentilibus
893 1656 1049 1710 quidem
1084 1655 1317 1694 Dailomitis
1353 1653 1566 1692 admodum
1598 1667 1707 1690 acce—

266 1721 406 1765 ptum,
451 1713 563 1750 vultu
600 1713 841 1750 teterrimum
882 1711 1088 1765 indoleque
1115 1709 1277 1764 aspera'’
1317 1717 1393 1748 etc.
1452 1708 1531 1747 Sed
1558 1715 1675 1747 erunt
1696 1737 1708 1758 ‚

275 1767 423 1819 quibus
461 1766 731 1820 spectaculum
778 1765 856 1804 hoc
895 1767 1056 1819 igneum
1099 1779 1181 1803 non
1220 1772 1302 1803 tam
1332 1778 1422 1802 cum
1451 1763 1709 1817 pyrotechni-

274 1822 330 1858 cis
369 1825 535 1871 nostris,
580 1836 700 1874 quam
740 1835 833 1859 cum
873 1820 942 1859 illo
973 1820 1164 1859 sacrificio
1195 1819 1439 1859 Mithridatis
1457 1849 1467 1866 ‚
1495 1820 1591 1858 item
1612 1818 1712 1857 Per-

275 1891 341 1915 sae
369 1883 438 1915 aut
469 1876 642 1927 Parthi,
671 1877 884 1915 convenire
913 1876 1216 1925 existimabunt,
1247 1875 1297 1914 de
1324 1889 1405 1928 quo
1433 1874 1641 1928 Appianus
1667 1888 1708 1926 p.

275 1931 371 1970 215.
394 1932 439 1969 C.
460 1932 520 1970 ed.
543 1932 664 1972 Henr.
685 1931 878 1984 Stephani
898 1939 1035 1970 narrat
1054 1932 1159 1969 inter
1178 1930 1255 1968 alia
1267 1930 1329 1968 his
1346 1929 1501 1969 verbis:
1530 1924 1706 1968 ἅπτουσι

273 1982 351 2036 τὴν
381 1981 485 2038 ὕλην
514 1989 676 2035 (struem
705 1985 906 2040 lignorum
942 1988 1059 2040 regiis
1100 1986 1285 2024 manibus
1325 1986 1582 2038 congestam),
1616 1981 1639 2035 ἡ
1669 1981 1715 2023 δὲ

278 2040 481 2093 αἰθομένη
524 2038 595 2080 διὰ
637 2038 682 2081 τὸ
722 2041 898 2092 μέγεθος
933 2041 1062 2094 τηλοῦ
1105 2038 1185 2079 α’πὸ
1231 2039 1380 2091 χιλίων
1419 2038 1598 2079 σταδίων
1632 2041 1716 2084 τοῖς

275 2093 451 2134 πλέουσι
485 2095 641 2148 γίνεται
680 2093 939 2149 καταφανής.
998 2097 1164 2135 Constat
1192 2102 1326 2134 tamen
1363 2095 1481 2142 inde,
1524 2093 1716 2134 barbaros

277 2164 437 2203 quoque
478 2151 689 2190 orientales
733 2150 830 2189 olim
868 2151 1012 2190 hilaria
1059 2166 1131 2190 sua
1172 2150 1331 2204 ignibus
1377 2150 1605 2190 illustrasse.
1668 2147 1716 2185 Id

279 2207 412 2258 ipsum
441 2206 639 2245 faciebant
674 2220 833 2259 quoque
871 2207 1037 2254 Gracci,
1087 2206 1154 2244 sed
1182 2205 1337 2255 multo,
1364 2219 1484 2258 quam
1516 2206 1580 2243 isti
1610 2202 1718 2256 Hyr-

280 2261 398 2311 cani,
426 2260 643 2314 elegantius
661 2292 671 2309 ‚
701 2268 747 2299 ut
774 2275 819 2299 ex
847 2261 1054 2300 Athenaeo
1080 2261 1215 2312 diseo,
1258 2263 1326 2314 qui
1359 2261 1399 2300 in
1425 2259 1612 2300 convivio
1640 2259 1716 2295 Ca-

280 2316 370 2354 rani
396 2317 619 2355 enarrando
646 2317 696 2354 L.
720 2316 792 2354 IV.
832 2316 946 2355 initio
964 2332 1006 2370 p.
1038 2318 1123 2356 130.
1147 2316 1199 2355 A.
1233 2318 1422 2355 convivas
1450 2318 1506 2354 ait
1533 2312 1715 2352 introdu-

281 2377 367 2409 ctos
396 2372 436 2409 in
466 2371 700 2410 cubiculum
727 2371 873 2422 fuisse,
895 2372 952 2419 εἰς
981 2368 1089 2411 οἶκον
1107 2401 1119 2422 ,
1149 2369 1194 2410 ἐν
1223 2364 1256 2427 (ᾗ
1285 2368 1418 2424 κύκλῳ
1450 2365 1621 2412 ὀθόναις
1652 2366 1716 2405 δι-

285 2423 449 2476 είληπτο
480 2423 612 2465 πάντα
644 2428 833 2474 λευκαῖς,
865 2425 937 2465 καί
965 2425 1353 2476 ἀναπετασθεισῶν,
1384 2424 1506 2478 δᾷδες
1523 2419 1715 2474 ἐφαίνον-

266 2491 333 2540 ‚1⁷⁰
363 2476 503 2532 λάθρα
546 2478 652 2520 κατὰ
694 2477 914 2532 μηχανάς,
941 2481 1182 2532 χασθὲντων
1211 2480 1292 2520 τῶν
1321 2474 1598 2533 φραγμάτων,
1645 2476 1718 2514 καί

280 2533 468 2583 Εῡωΐδς,
503 2536 576 2574 καί
617 2534 861 2587 Ἀρτέμιδες
891 2536 964 2575 καί
993 2536 1134 2582 Πᾶνες
1163 2533 1235 2575 καί
1253 2532 1409 2587 Ἑρμαῖ
1437 2531 1510 2570 καί
1535 2531 1715 2569 τοιαῦτα

286 2585 419 2626 πολλὰ
451 2586 629 2639 εἴδωλα,
662 2589 861 2642 ἄργυροῖς
877 2589 1160 2645 δᾳδουχοῦντα
1177 2588 1436 2640 λαμπτῆρσι,
1467 2587 1716 2625 enimomnes

280 2641 429 2693 plagae
451 2654 680 2696 praetensae
713 2654 826 2683 erant
850 2646 1030 2685 candidis
1052 2646 1150 2684 velis
1165 2675 1177 2696 ‚
1218 2644 1353 2700 quibus
1383 2655 1531 2680 sursum
1563 2643 1716 2693 regestis

284 2704 321 2734 et
356 2696 575 2749 subductis,
610 2702 651 2738 in
688 2709 927 2754 conspectum
952 2700 1146 2754 prodiisse
1187 2699 1478 2738 transmicantes
1496 2697 1616 2748 faces
1640 2710 1717 2750 per
