1832 3126
836 27 874 80 6

260 172 343 250 -84
506 194 510 199 ·
551 199 624 239 10.
664 196 770 238 mc,
814 197 1010 237 Rmsxn
1050 194 1428 238 COMMENTARH

259 305 386 351 ‘etiam
413 301 463 340 de
483 301 640 355 palatio
669 299 844 338 caballos
871 308 1010 338 stratos
1037 300 1092 338 eis
1119 299 1307 352 dirigeret
1322 313 1410 338 cum
1437 298 1615 355 obsequio
1629 299 1713 354 pie·

266 368 326 398 tas
355 356 594 412 imperialis,
626 363 668 393 ut
691 356 746 392 sic
774 369 839 393 eos
861 356 1080 408 susciperet.
1123 355 1224 392 Item
1251 356 1422 409 recipere
1448 354 1506 393 ad
1529 369 1711 394 reveren·-

264 415 387 461 tiam,
419 425 563 463 nempe
585 410 884 465 praestandam.
930 410 1143 448 Ceremon.
1163 410 1332 448 Patricii
1350 424 1443 463 pag.
1470 407 1578 450 185.:
1608 410 1712 448 Pon-

267 469 373 510 tifex
401 467 458 504 ibi
478 467 638 520 recipiet
664 466 722 504 ad
747 466 1004 504 reverentiam
1021 479 1154 505 omnes
1173 466 1375 520 praelatos
1396 473 1576 520 paratos·
1605 465 1711 510 Tam

267 511 455 576 princeps
490 534 676 575 proceres
705 527 744 559 et
771 520 1003 572 inferiores,
1045 535 1167 573 quam
1205 520 1246 558 hi
1275 520 1390 559 illum
1426 520 1615 559 dicuntur
1643 517 1711 558 δέ-

187 587 194 594 ·
256 583 258 587 ’
267 577 446 629 χεσθαι,
491 577 769 626 beneventum,
805 577 1012 630 suscipere.
1069 576 1342 629 Luitprandus
1369 575 1412 614 id
1438 576 1713 630 susceptionem

258 631 442 685 ²appellat
468 646 512 685 p.
532 630 627 681 480.
650 631 693 669 h.
723 632 839 670 init.:
872 631 1166 683 Negotiatorum
1194 631 1397 670 multitudo
1424 632 1581 686 copiosa
1608 631 1715 683 igno·

252 681 478 741 'biliumque
511 700 770 741 personarum
807 701 855 724 ea
890 687 1117 725 solennitate
1154 687 1314 725 collecta
1348 687 1407 725 acl
1439 686 1712 740 susceptionem

253 737 461 795 (δοχὴν)
491 751 530 780 et
555 741 713 780 laudem
745 739 763 795 (
780 737 1021 794 εὐφημίαν,
1052 738 1322 795 οἷκτολογιάν)
1354 741 1573 796 Nic-ephori
1589 755 1617 779 a
1638 754 1712 796 pa-

267 798 365 836 latio
394 811 510 851 usque
538 797 596 835 ad
621 796 667 834 S.
693 796 746 834 So
776 798 884 834 biam
916 797 1032 849 quasi
1053 810 1130 850 pro
1163 797 1283 835 muris
1307 797 1399 835 viae
1436 797 1631 849 margines
1646 805 1714 835 ,ἰε-

208 871 213 874 ·
235 854 366 898 [nuit.
426 852 488 891 Ut
515 851 580 890 hic
610 851 687 890 loci
715 811 828 904 psebs
859 851 1006 890 dicitur
1035 851 1323 904 Imperatorem
1351 851 1626 904 Nicephorum
1644 849 1714 891 ,δέ-

207 912 210 914 ’
255 895 448 959 ’χέᾶθαι,
475 908 531 945 ita
559 921 719 960 quoque
749 906 954 945 cedrenus
982 906 1033 945 de
1060 907 1203 946 iisdem
1230 914 1399 960 usurpat
1427 907 1567 946 eodem
1595 920 1713 946 sensu

254 976 312 1015 ·p.
333 962 429 1002 660.
460 961 512 1001 A.
531 961 601 1001 8.:
632 958 813 1014 πρόοδον
854 959 1056 1014 δημοσίαν
1095 957 1330 1013 ποιήσαντα
1367 958 1439 1001 τὸν
1467 955 1714 1015 Νικηφόρον

255 1015 316 1068 ’ἐν
343 1017 397 1071 τῇ
424 1017 535 1071 πηγῇ
561 1013 665 1056 κατὰ
702 1012 778 1069 τὴν
817 1010 964 1068 ἑορτὴν
991 1016 1066 1068 τῆς
1096 1015 1364 1069 ἀναληψᾴιου
1393 1016 1472 1055 τοῦ
1498 1017 1716 1068 Χριστοῦ,

235 1067 311 1112 .·οἶ
337 1074 551 1124 συγγενεῖς
577 1072 661 1111 τῶν
690 1070 735 1111 ἐν
770 1072 830 1126 τῷ
868 1066 1114 1126 ἱπποδρόμῳ
1154 1069 1454 1122 ἀπολωλότων,
1498 1069 1716 1122 δεξάμενοι

256 1127 413 1182 (quum
441 1129 706 1182 suscepissent,
746 1128 904 1166 obvium
931 1128 1038 1165 nacti
1054 1129 1231 1179 ficissent
1244 1157 1255 1178 ‚
1296 1127 1362 1167 vel
1391 1128 1511 1166 etiam
1533 1136 1714 1181 praesto-

271 1182 349 1220 lati
374 1183 484 1233 eum)
517 1181 562 1220 ἐν
588 1181 640 1235 τῇ
667 1181 750 1220 τῶν
776 1180 1051 1234 α’ρτοπρατῶν
1071 1181 1205 1236 α’γορᾷ
1218 1214 1231 1232 ,
1259 1177 1405 1233 ὕβρεις
1424 1176 1607 1235 ἧφιέσαν
1624 1182 1713 1222 κατ’

208 1255 215 1259 “·
269 1230 404 1275 αὐτοῦ
432 1232 654 1289 ἀπρεπεῖς,
684 1231 897 1290 α’λὰστορα
924 1234 998 1275 καί
1021 1239 1283 1287 παλαμναῖον
1312 1237 1618 1283 ἀποκαλοῦντες
1635 1244 1713 1281 etc.

271 1292 334 1338 Ita
362 1306 523 1344 quoque
551 1293 621 1345 qui
650 1292 859 1330 redeuntes
888 1306 909 1330 e
938 1306 1050 1330 sacro
1079 1292 1188 1330 fonte
1211 1291 1438 1332 salutabant
1453 1322 1464 1342 ‚
1494 1294 1575 1331 ritu
1602 1299 1715 1332 vete-

268 1348 326 1385 ris
343 1347 530 1386 ecclesiae
544 1376 555 1396 ‚
585 1347 822 1386 dicebantur
839 1361 906 1386 eos
932 1346 1144 1397 δέχεσθαι.
1175 1348 1273 1386 Vid.
1294 1347 1534 1400 Theophan.
1553 1362 1595 1400 p.
1622 1347 1713 1402 149.

271 1401 327 1441 A.
346 1402 422 1440 ult.
453 1409 493 1440 et
522 1403 576 1440 D.
601 1416 680 1451 1o.‚
710 1403 894 1455 quamvis
921 1402 1107 1455 deinceps
1133 1402 1324 1455 parvulos
1351 1402 1575 1441 attollentes
1604 1416 1715 1442 esa-

271 1471 343 1495 cro
371 1457 533 1496 lavacro
563 1451 765 1507 α’ναδόχοι
806 1458 954 1496 filerint
991 1457 1196 1511 appellati.
1255 1459 1302 1496 In
1331 1471 1474 1510 genere
1502 1465 1562 1496 est
1598 1455 1716 1509 δέχε-

271 1512 377 1550 σθαι
391 1528 408 1561 ,·
432 1526 475 1551 se
502 1519 750 1565 praesentem
779 1514 916 1551 sistere
930 1542 941 1564 ,
971 1515 1034 1552 sui
1061 1514 1218 1566 copiam
1246 1513 1411 1552 videndi
1439 1519 1478 1551 et
1506 1511 1715 1566 alloquen-

270 1566 315 1605 di
344 1566 463 1606 alicui
491 1567 645 1617 facere,
676 1574 716 1606 et
744 1566 972 1620 δεχθῆναι,
1007 1583 1194 1622 praesens
1212 1568 1336 1624 fieri,
1366 1568 1537 1617 admi,
1571 1581 1714 1619 παρα-

271 1622 448 1674 χθῆναι.
503 1622 627 1675 Apud
655 1622 896 1675 Theophan.
925 1638 968 1676 p.
988 1622 1057 1662 85.
1088 1631 1147 1662 est
1176 1623 1382 1676 δεχθῆναι
1404 1621 1464 1669 εἰς
1488 1617 1716 1674 πρόσωπον

272 1676 350 1715 τοῦ
373 1677 596 1727 βασιλέως,
628 1678 687 1716 ad
712 1678 997 1732 Imperatorem
1023 1679 1172 1717 adduci
1197 1678 1262 1719 vel
1289 1678 1459 1717 admitti.
1494 1679 1601 1728 Quia
1618 1691 1717 1717 vero

273 1731 455 1770 diversae
494 1740 608 1771 erant
646 1730 792 1783 δοχαὶ,
830 1735 977 1786 partim
1013 1735 1194 1787 privatae
1208 1763 1219 1785 ‚
1263 1735 1370 1772 intra
1407 1733 1686 1781 consistorium
1702 1761 1715 1783 ,

272 1788 411 1839 paucis
439 1787 600 1827 arbitris
618 1818 630 1838 ‚
676 1790 824 1840 partim
852 1789 973 1828 etiam
1009 1788 1193 1842 publicae
1229 1790 1272 1828 iu
1298 1788 1414 1839 foro,
1459 1789 1536 1827 viis
1574 1787 1715 1838 urbis,
1752 1779 1768 1796 ⁸

273 1841 435 1894 templis
472 1850 568 1893 etc.,
612 1843 708 1882 hinc
736 1843 987 1897 Nicephorus
1015 1846 1308 1897 processionem
1343 1842 1548 1882 solennem
1586 1839 1718 1894 δοχὴν

274 1895 539 1949 προπόμπιον
565 1900 862 1953 susceptionem,
903 1901 946 1938 in
973 1914 1052 1954 qua
1078 1899 1304 1954 Imperator
1328 1913 1355 1937 a
1376 1899 1524 1952 populo
1552 1897 1717 1936 deduci-

274 1960 360 2001 tur,
408 1952 598 2005 appellat.
655 1953 769 2000 Alias
808 1952 1010 2005 δέχεσθαι
1036 1956 1153 1993 novis
1181 1955 1344 1993 Graecis
1371 1953 1479 1992 idem
1508 1960 1567 1992 est
1595 1960 1717 2006 atque

275 2004 527 2058 ἐκδέχεσθαι
554 2017 780 2063 exspectare
794 2038 806 2058 ,
837 2023 995 2048 manere
1021 2010 1208 2064 aliquem.
1267 2009 1372 2047 Hinc
1413 2004 1518 2060 δοχὴ
1547 2007 1716 2058 alicuius

275 2063 530 2115 exspectatio.
560 2063 722 2103 Priscus
751 2064 871 2103 Rhet.
901 2065 943 2102 in
970 2065 1159 2117 Excerpt.
1190 2064 1329 2117 Legat.
1355 2063 1531 2103 Hoesch.
1561 2078 1606 2117 p.
1625 2062 1713 2102 25.:

277 2110 352 2161 οὓς
385 2115 424 2155 εἰ
453 2115 674 2168 ἐκπέμπειν
702 2117 997 2173 εὖλαβηθεῖεν,
1028 2117 1156 2158 αΰτόν
1177 2116 1397 2170 δεξάμενον
1424 2117 1538 2172 σφᾶς
1567 2117 1627 2164 εἰς
1639 2114 1717 2171 ,τὴν

277 2167 492 2222 ,Σαρδικὴν
521 2168 812 2226 διαβήσεσθαι.
866 2174 1064 2213 Convenit
1091 2188 1185 2227 ergo
1214 2173 1417 2225 δέχεσθαι
1445 2187 1538 2212 cum
1556 2174 1717 2213 Germa-

239 2231 242 2236 '
278 2226 369 2262 nico
397 2226 664 2279 αιιβὶνανιεη,
695 2229 803 2281 quod
831 2230 992 2281 proprie
1021 2236 1079 2268 est
1101 2231 1343 2284 praestolari
1368 2229 1566 2282 aliquem,
1594 2228 1717 2270 hodie

277 2285 413 2318 tamen
453 2283 560 2334 apud
600 2281 863 2336 elegantiores⁴
886 2298 960 2336 pro
998 2285 1262 2323 reverentiam
1291 2299 1405 2324 suam
1433 2283 1553 2323 alicui
1581 2298 1716 2323 coram

279 2335 478 2374 veniendo
508 2344 547 2375 et
574 2337 705 2378 officia
732 2353 804 2378 sua
830 2338 1033 2378 offerendo
1059 2341 1224 2389 testari,
1271 2347 1311 2379 et
1340 2336 1444 2393 δοχὴ
1483 2352 1576 2378 cum
1603 2338 1718 2394 Alff

277 2398 466 2442 wartung
480 2421 490 2441 ‚
524 2391 724 2442 δέχεσθαι
752 2394 854 2432 seine
881 2393 1166 2448 Auffwarthg
1189 2397 1367 2434 macheu.

388 2445 442 2482 D.
462 2453 647 2499 antepen.
671 2448 761 2502 [12,
785 2447 869 2503 ιο.]
899 2445 1101 2502 καμάραν.
1157 2450 1230 2489 Ad
1253 2451 1415 2502 lychnos
1430 2480 1444 2500 ‚
1472 2450 1528 2489 ait
1545 2478 1557 2498 ,
1588 2458 1714 2504 puta,

279 2509 363 2536 non
391 2499 574 2540 ardentes
590 2531 600 2551 ‚
630 2504 700 2543 sed
727 2518 951 2555 camaram,
991 2519 1059 2544 seu
1087 2519 1226 2544 arcum
1254 2520 1278 2544 a
1306 2505 1462 2559 lychnis
1488 2504 1546 2544 ibi
1574 2504 1716 2550 ardere

279 2552 406 2592 solitis
434 2555 489 2592 sic
516 2556 683 2597 dictum.
740 2555 932 2612 Καμάρα
960 2560 1121 2599 Graecis
1148 2562 1277 2600 omnis
1303 2575 1417 2600 arcus
1431 2589 1444 2609 ,
1474 2559 1602 2615 apsi-5,
1628 2575 1716 2600 tvo-

279 2607 363 2646 luta
391 2615 464 2648 est.
523 2611 777 2652 Vocabulum
834 2610 1067 2665 ἱσταμένων
1123 2617 1315 2668 significat
1343 2617 1629 2669 Imperatorem
1657 2615 1716 2654 ibi

278 2662 448 2714 gradum
484 2664 604 2717 figere
623 2695 634 2716 ,
681 2676 720 2708 et
756 2669 895 2709 audire
931 2677 1100 2710 stantem
1139 2670 1275 2710 laudes
1302 2671 1377 2711 sibi
1405 2671 1546 2710 dictas.
1606 2671 1715 2710 Raro

277 2718 532 2772 contingebat
548 2749 560 2770 ,
603 2728 648 2759 ut
687 2723 910 2777 imperator
946 2732 1082 2766 staret.
1139 2726 1342 2765 Putabant
1369 2727 1476 2765 enim
1503 2740 1596 2766 eum
1623 2739 1714 2766 cm»

274 2774 384 2824 poris
428 2781 583 2828 gestum
628 2775 737 2818 haud
780 2779 921 2820 decere
965 2782 1210 2821 maiestatem
1255 2782 1411 2834 imperii
1427 2810 1439 2832 ,
1495 2781 1714 2835 seduloque
