1884 3132
495 450 1254 498 10.1AC.RE15K11

390 577 1344 639 COMMENTARII

841 731 909 759 ΔΙ)

162 839 766 891 CONSTANTINUM
801 841 1593 892 PORPHYROGENITUM

796 959 915 1009 „DE

164 1058 673 1122 JCERIMONIIS
710 1061 993 1120 AULAE
1023 1061 1567 1123 BYZANTINAE.

457 1314 543 1354 AD
581 1315 842 1355 LIBRUM
893 1315 1288 1355 SECUNDUM.

159 1450 229 1514 P
227 1499 292 1537 ag.
324 1484 418 1537 293.
449 1498 485 1523 1.
516 1484 629 1538 [509‚
655 1499 689 1524 1.
719 1483 860 1538 insen]
878 1484 1014 1532 πίναξ.
1071 1484 1247 1523 Iudicem
1273 1486 1450 1537 capitum
1476 1500 1593 1538 gene-

162 1540 287 1578 ralem
317 1540 437 1578 etiam
465 1542 594 1591 primo
620 1540 724 1578 libro
752 1539 871 1578 fuisse
900 1538 995 1577 olim
1010 1540 1250 1592 praefixum,
1284 1539 1408 1592 liquet
1436 1555 1479 1578 ex
1510 1543 1594 1579 eius

161 1594 364 1647 reliquiis,
393 1594 461 1632 sed
504 1596 726 1647 corruptis,
766 1594 815 1632 de
862 1593 1008 1646 quibus
1045 1593 1140 1631 alibi
1170 1594 1266 1632 dixi.
1337 1594 1447 1632 Libri
1476 1594 1595 1633 huius

159 1649 323 1688 secundi
350 1649 521 1687 indicem
551 1651 629 1687 iam
657 1649 753 1687 olim
782 1648 832 1687 cl.
858 1649 947 1686 Viri
975 1648 1195 1686 Io.Hen1·.
1245 1649 1375 1686 Maius
1415 1651 1458 1687 in
1486 1649 1596 1687 Cata-

158 1703 250 1757 logo
281 1702 471 1741 Biblioth.
501 1703 739 1741 Lffenbach.
774 1710 813 1742 et
861 1704 918 1741 Io.
962 1702 1058 1740 Alb.
1105 1702 1316 1741 Fabricius
1345 1703 1396 1741 T.
1422 1704 1496 1741 Vl.
1529 1705 1595 1742 Bi-

158 1757 305 1797 blioth.
321 1759 497 1796 Graecae
524 1758 855 1810 publicaverant,
898 1757 1099 1795 interdum
1131 1757 1183 1795 ab
1210 1759 1305 1810 ipsis
1331 1757 1457 1796 titulis
1485 1761 1595 1810 capi-

158 1820 273 1862 tum,
305 1813 373 1865 qui
404 1812 536 1850 medio
576 1816 617 1850 in
644 1827 765 1864 opere
800 1812 1019 1865 leguntur,
1053 1811 1279 1850 abeuntem.
1335 1813 1596 1851 consuevisse

159 1875 314 1906 veteres
356 1866 467 1904 libris
508 1869 589 1905 suis
631 1867 730 1906 tales
758 1869 932 1920 capitum
961 1866 1110 1904 indices
1153 1866 1273 1918 plaef
1277 1880 1391 1919 gere
1432 1867 1596 1905 demon-

162 1924 305 1960 stravit
332 1921 520 1974 exemplis
548 1922 673 1960 Henr.
694 1922 876 1961 Valesius
901 1922 1016 1960 initio
1046 1928 1232 1960 notarum
1260 1921 1311 1959 ad
1338 1921 1502 1959 Eusebii
1519 1922 1597 1959 fli-

161 1983 261 2015 stor.
289 1975 442 2014 Eccles.

270 2030 385 2069 N.1.
407 2031 447 2069 3.
481 2030 596 2086 [509,
617 2027 719 2085 2.]
704 2029 938 2083 ισταμένης.
991 2029 1153 2077 Stante,
1196 2030 1238 2068 id
1258 2037 1315 2069 est
1346 2030 1595 2079 succedente,

159 2085 423 2137 confingente,
454 2088 517 2126 vel
545 2088 663 2125 etiam
690 2087 868 2124 instante.
899 2085 1066 2137 Proprie
1086 2082 1282 2123 ἵστασθαι
1309 2099 1381 2138 pro
1410 2085 1595 2151 lumper-e,

158 2114 319 2203 adesse?
337 2149 496 2187 mstare,
528 2142 730 2179 imminere
760 2140 937 2193 ponitur,
952 2146 995 2178 ut
1023 2138 1127 2177 infra
1156 2154 1198 2191 p.
1216 2137 1312 2190 442.
1333 2140 1385 2177 D.
1409 2138 1450 2178 8.
1478 2139 1597 2177 ἵστα-

158 2207 226 2232 ται
253 2191 299 2233 τὸ
341 2195 387 2231 κ).
378 2208 591 2245 .ητωριον,
622 2196 762 2260 incipit
802 2194 867 2233 vel
905 2194 1014 2232 adest
1036 2207 1190 2231 sacrum
1216 2194 1593 2247 ep11l11m‚p.161.

139 2249 215 2286 VD.
251 2261 292 2287 2.
322 2255 361 2287 et
389 2247 430 2298 4.
470 2248 632 2288 ἵσταται
652 2246 677 2301 ἧ
707 2247 974 2311 προέλευσις,
998 2248 1138 2302 incipit
1157 2249 1381 2300 processio,
1412 2254 1450 2285 et
1478 2244 1595 2286 ἵστα-

157 2316 227 2341 ται
255 2299 454 2354 τράπεζα,
485 2305 708 2342 εοιηίυἱαιη
737 2304 888 2356 incipit.
957 2303 1018 2340 lta
1061 2316 1221 2354 quoque
1247 2303 1347 2342 καθ’
1376 2298 1597 2364 ἱσταμένην

158 2355 376 2407 βασιλείαν
414 2357 510 2395 dixit
556 2358 711 2396 Nicetas
740 2371 780 2410 p.
799 2356 839 2396 5.
867 2371 905 2396 c.
933 2357 1005 2395 fin.
1035 2356 1100 2395 ed.
1129 2357 1274 2396 venet.
1306 2370 1380 2418 pro
1408 2357 1595 2418 mcipien-

160 2419 220 2451 te.
259 2419 469 2460 nascente,
500 2414 666 2450 coeunte
693 2412 876 2477 imperip.
936 2411 1036 2449 Nota
1066 2410 1237 2448 formula
1266 2406 1399 2473 pqve'g
1427 2406 1596 2458 ἱσταμέ-

157 2476 255 2503 vov:
288 2463 594 2527 καθισταμένης
621 2463 684 2504 ἔτι
708 2465 783 2516 τῆς
810 2464 959 2528 ἀρχῆς,
991 2466 1195 2517 incipiente
1222 2466 1403 2518 1mperio,
1438 2464 1596 2502 Nicetas

159 2531 196 2570 p.
219 2518 259 2558 5.
289 2534 326 2558 c.
347 2519 435 2558 finn
425 2516 683 2569 ,ἱσταμένου
711 2518 789 2558 τοῦ
813 2515 954 2571 ἔαρος,
982 2520 1145 2558 mstante
1162 2517 1227 2558 vel
1255 2520 1459 2573 incipiente
1490 2533 1593 2566 vere,

167 2571 373 2625 Appianas
400 2589 441 2626 p.
465 2573 560 2624 224.

273 2628 328 2666 Ν.
365 2630 426 2669 15.
460 2627 680 2682 [510‚18.]
750 2627 908 2666 Titulus
949 2627 1068 2666 huius
1095 2625 1233 2680 capitis
1273 2627 1315 2666 in
1352 2627 1437 2680 ipso
1465 2627 1595 2667 medio

169 2693 286 2731 opexe
313 2682 363 2720 ab
394 2682 469 2721 hoc
497 2697 569 2722 πει
571 2686 651 2734 1at
691 2683 760 2722 ubi
790 2682 961 2722 conferri
990 2688 1130 2735 potest.
