1884 3132
162 151 237 194 An
277 146 575 192 consum-r.
608 146 805 192 PORPH.
842 145 916 187 nn
951 141 1133 185 enum.
1176 141 1276 180 nn.
1316 141 1370 179 11.
1414 117 1524 193 735

86 253 414 310 cunque‘alium,
443 266 526 292 non
553 249 840 299 immittendis‚
875 249 990 294 ideo,
1021 248 1116 300 quia
1147 243 1355 294 eunuchi,
1397 249 1442 281 ut
1466 242 1527 280 in-

87 311 175 350 timi
215 317 257 348 et
296 309 477 362 perpetui
509 306 723 346 familiares
758 305 1013 358 Imperatoris
1048 302 1306 341 secretissima
1349 311 1529 352 quaeque

88 368 174 405 eius
205 363 368 403 consilia
397 361 575 402 sciebant
608 368 648 399 et
676 360 864 399 mandata
892 358 1053 397 maximi
1089 355 1314 404 momenti,
1355 361 1401 392 ut
1430 367 1466 392 e.
1493 367 1529 392 c.

86 421 137 459 de
170 419 399 472 proceribus
425 419 466 456 in
495 416 717 455 custodiam
740 422 811 454 aut
843 412 1004 453 vincula
1038 411 1254 465 rapiendis,
1294 416 1364 447 aut
1401 409 1530 461 czqite

86 474 303 529 plectendis
340 471 680 525 exsequebantur,
715 471 843 522 iisque
883 469 1034 521 absque
1073 480 1184 506 mora
1223 472 1262 503 et
1293 465 1529 517 tergiversa-

86 537 196 569 tione
234 527 458 582 parendum
490 533 601 565 esset.
659 524 871 563 Debcbant
911 525 1031 576 igitur
1058 521 1314 561 sacramentis
1344 519 1526 571 obligari,

86 599 138 624 ne
162 589 356 638 potestate
381 596 454 621 sua
481 581 766 630 abuterentur,
803 593 907 618 neve
934 593 1015 617 non
1043 579 1138 616 iussi
1164 577 1320 630 privato
1361 589 1405 613 ex
1436 574 1528 612 odio

87 653 161 693 per
186 651 349 678 causam
375 638 479 690 regis
506 635 638 674 hostes
667 649 761 674 suos
787 634 987 688 perditum
1024 635 1144 672 irent.

195 693 243 735 C.
265 707 306 746 7.
327 691 443 746 [625,
459 689 546 744 αἱ]
562 688 783 742 πέρπερον.
838 691 899 728 De
914 688 989 728 hae
1000 702 1100 728 voce
1111 702 1214 741 quae
1232 685 1393 726 afferam
1408 683 1525 738 plura

85 756 159 788 aut
183 750 353 787 certiora
373 747 447 794 iis,
482 759 588 799 quae
613 745 802 784 Gataker.
832 745 883 783 ad
910 745 1160 783 Antoninum
1185 743 1237 781 V.
1255 747 1294 790 §.
1318 742 1357 781 5.
1379 756 1417 794 p.
1442 740 1530 781 188.

83 805 179 843 edit.
205 817 280 842 sec.
310 802 503 851 Londin.‚
533 813 615 839 non
636 799 785 847 habeo,
818 800 894 838 uisi
915 799 1010 849 hoc,
1040 799 1188 838 habere
1218 811 1403 851 magnam
1439 794 1529 834 affi-

85 860 251 897 nitatem
279 856 483 910 πέρπερος
514 869 605 895 cum
623 856 851 907 satsat-on,
873 854 1149 906 farfaronatle
1173 854 1383 892 Francico.
1412 851 1530 890 Cons.

82 913 252 952 Salmas.
285 912 351 951 ad.
386 912 472 950 Ser.
502 911 556 950 H.
587 911 694 963 Aug.
724 911 774 952 Τ.
802 911 857 949 ΙΙ.
894 924 936 963 p.
963 910 1059 949 605.
1114 907 1290 962 Cyrillus
1318 908 1358 947 in
1384 907 1527 945 Lexico

85 969 192 1007 Msto
220 975 237 1013 ί
243 967 349 1020 apud
366 967 434 1005 Du
453 965 652 1019 Cangium
676 979 717 1004 v.
736 964 1015 1018 Κουρτέσης);
1047 964 1252 1014 πέρπερος
1267 958 1473 1014 προπετὴς
1501 956 1529 1013 ἢ

84 1021 324 1075 κουρτέσης,
349 1028 389 1060 et
406 1019 629 1072 περπερεία
643 1017 687 1059 τὸ
705 1016 765 1071 μὴ
799 1016 870 1058 διὰ
893 1017 1064 1071 χρείαν,
1087 1017 1193 1058 ἀλλὰ
1225 1014 1296 1056 διὰ
1324 1018 1531 1055 καλλωπι-

84 1074 189 1127 σμὸν
202 1071 611 1126 παραλαμβάνεσθαι
630 1069 657 1124 ἢ
673 1071 746 1113 καί
761 1072 785 1127 ἦ
813 1074 1006 1114 κολακεία
1034 1073 1107 1112 καί
1127 1071 1155 1126 ἢ
1171 1072 1408 1125 προπετειά.
1441 1073 1527 1111 Nisi

85 1131 194 1185 apud
211 1131 380 1170 Suidam
396 1132 454 1169 sic
470 1145 631 1184 quoque
649 1131 861 1183 legeretur,
886 1144 1030 1183 nempe
1046 1126 1452 1180 παραλαμβάνεσθαι
1474 1128 1528 1177 (et

84 1193 191 1226 reete
204 1186 365 1241 quidem
377 1185 431 1224 ibi
443 1185 619 1239 legitur),
629 1193 825 1224 tentarem
837 1185 903 1224 hic
915 1181 1259 1236 παραβάλλεσθαι
1267 1213 1277 1227 ,
1283 1182 1527 1238 periclitari.

85 1243 224 1295 Longe
242 1242 348 1280 enim
365 1239 445 1280 alia
465 1242 659 1280 sermonis
681 1242 721 1278 in
741 1240 864 1280 Suida
884 1241 1127 1278 constructio
1148 1246 1223 1287 est,
1242 1252 1361 1290 quam
1375 1238 1416 1275 in
1446 1238 1528 1291 Cy-

86 1297 190 1336 rillo.
226 1299 407 1348 Apparet
425 1292 498 1334 τὸν
523 1295 727 1348 πέρπερον
740 1309 823 1334 esse
838 1292 911 1334 τὸν
935 1288 1122 1346 ἄκαιρον,
1145 1294 1432 1346 importunum,
1466 1293 1529 1330 in-

83 1350 328 1400 consultum,
346 1351 651 1397 inconstantem,
682 1351 752 1403 qui
767 1350 845 1388 levi
865 1353 1014 1404 impetu
1033 1349 1083 1387 ad
1101 1348 1268 1386 ridicula
1283 1361 1465 1401 quaeque
1488 1354 1531 1386 et

86 1407 203 1445 noxia
232 1419 392 1458 quoque
417 1404 630 1443 dicendum
657 1412 698 1444 et
727 1404 941 1458 agendum,
962 1404 1070 1442 unde
1084 1411 1215 1456 sperat
1231 1417 1272 1441 se
1287 1403 1528 1456 placiturum

85 1474 171 1500 esse
185 1489 198 1509 ‚
219 1460 367 1513 impelli
385 1467 512 1513 potest
527 1489 539 1508 ‚
559 1460 730 1509 volatre,
763 1467 810 1498 ut
825 1460 971 1497 Franci
985 1459 1140 1503 dicunt,
1166 1457 1354 1510 flaccet-ig,
1373 1464 1420 1495 ut
1437 1471 1525 1497 nos.

87 1515 230 1565 Qualis
245 1522 306 1554 est
323 1513 392 1554 ille
408 1514 515 1567 apud
528 1514 853 1567 Theophrastum
869 1515 911 1553 in
927 1505 1247 1562 Characteri‘bus,
1270 1514 1338 1566 qui
1359 1512 1416 1566 τῷ
1434 1527 1528 1551 καυ-

84 1567 362 1624 ματιζομένῳ,
381 1569 538 1608 ardenti
555 1570 653 1608 febri
670 1569 880 1615 laboranti,
903 1577 1035 1622 spreto
1054 1569 1197 1607 medici
1211 1568 1442 1617 intel-diem,
1464 1569 1528 1606 vi-

84 1637 183 1662 num
203 1626 383 1678 porrigit,
410 1638 462 1663 ne
480 1625 628 1664 scilicet
652 1638 768 1678 aeger
794 1625 947 1663 viribus
975 1623 1146 1663 deficiat.
1183 1623 1348 1662 Arrian.
1372 1623 1527 1663 dissert.

83 1678 255 1732 Epictet.
278 1694 320 1733 p.
338 1679 432 1734 267.
452 1678 540 1730 tim:
565 1678 770 1731 μηδέποτε
785 1676 963 1732 ἡσυχίαν
979 1675 1126 1730 ἔχοντα
1139 1709 1151 1728 ,
1175 1679 1391 1730 πέρπερον.
1420 1678 1526 1717 Hine

84 1748 110 1773 a
137 1734 377 1787 quibusdam
397 1735 648 1773 tumultuator
661 1734 843 1772 redditur
862 1734 938 1773 hoc
954 1733 1196 1772 vocabulum
1210 1762 1223 1782 ‚
1250 1733 1302 1771 ab
1326 1733 1413 1772 aliis
1427 1748 1526 1787 pro-

83 1802 178 1839 cax,
207 1788 259 1828 ab
274 1789 348 1828 alis
376 1791 607 1828 inconstans:
628 1803 767 1828 omnes
785 1797 907 1828 recte.
929 1789 1124 1842 Polybius
1140 1789 1327 1841 Excerpt.
1348 1789 1524 1828 Peiresc.

82 1849 124 1896 p.
143 1843 233 1896 189.
254 1844 427 1897 aliquem
453 1839 671 1894 στωμύλον
689 1841 761 1882 καί
777 1844 903 1883 λάλον
922 1841 995 1883 καί
1010 1843 1215 1895 πέρπερον
1244 1840 1526 1896 διαφερόντως

85 1898 260 1950 appellat
266 1899 498 1946 damulam,
508 1900 711 1951 garrulum
722 1909 759 1938 et
771 1899 1010 1938 incredibilis·
1019 1901 1211 1938 hominem
1230 1899 1414 1936 levitatis.
1442 1898 1525 1952 [De

84 1951 163 1991 hoc
178 1952 303 1992 verbo
313 1953 447 1992 multis
462 1955 541 2007 egit
557 1953 718 1993 Fabric.
740 1954 791 1992 ad
803 1955 909 1993 Sext.
927 1955 1047 2007 Emp.
1066 1970 1105 2008 p.
1120 1969 1215 2006 227.
1228 1954 1303 1992 Ex
1313 1952 1522 2006 Addend.]

195 2007 250 2046 D.
274 2008 314 2046 3.
337 2007 531 2062 [626,6.]
561 2006 863 2059 ἀναλαμβάνει.
922 2010 983 2048 Ita
1011 2012 1053 2048 in
1083 2009 1325 2048 membranis
1357 2023 1402 2046 ex
1437 2008 1525 2046 dia-

84 2061 187 2102 lecto
205 2062 341 2101 Attica
353 2077 427 2114 pro
444 2061 719 2128 ἀναλαμβάνῃ
734 2071 805 2102 aut
820 2062 1172 2115 α’ναλαμβάνεσαι,
1190 2071 1236 2102 ut
1250 2078 1291 2116 p.
1306 2062 1401 2102 360.
1414 2064 1459 2101 B.
1478 2077 1521 2117 7.

194 2116 249 2155 D.
276 2131 316 2170 7.
347 2117 459 2170 [626‚
476 2116 533 2170 9.]
566 2118 795 2168 α’ναβασεις
812 2117 857 2157 ἐν
880 2119 933 2172 τῇ
949 2118 1099 2173 καρδίᾳ
1118 2132 1195 2158 σου
1218 2116 1522 2166 διατιθέμενος.

89 2171 251 2209 Gradus
270 2173 313 2210 in
334 2172 451 2210 corde
466 2180 529 2210 tuo
549 2172 769 2226 disponens,
791 2173 833 2211 id
848 2181 907 2212 est
926 2174 1137 2226 qualitates
1166 2174 1306 2222 animi,
1329 2174 1497 2211 virtutes
1509 2202 1523 2222 ,

84 2240 258 2279 quarum
274 2239 378 2264 unae
397 2225 485 2264 aliis
504 2227 640 2264 itidem
659 2227 818 2266 altiores
833 2236 871 2267 et
888 2229 1102 2268 nobiliores
1116 2236 1234 2276 sunt;
1265 2228 1462 2265 transiens
1475 2241 1523 2266 ex

84 2293 166 2319 una
180 2282 328 2319 virtute
342 2282 382 2318 in
400 2280 518 2318 aliam
533 2280 819 2330 sublimiorem,
844 2285 1030 2322 merearis
1043 2297 1203 2335 quoque
1214 2297 1259 2321 ex
1270 2281 1523 2320 inferioribus

86 2334 346 2388 dignitatibus
367 2333 635 2374 saecularibus
654 2337 704 2375 ad
723 2337 971 2377 sublimiores
988 2337 1085 2376 alias
1104 2338 1279 2390 aliasque
1298 2336 1525 2375 ascendere.

170 2390 263 2429 562.
297 2390 350 2428 A.
381 2403 469 2442 pen.
506 2389 619 2443 [626‚
636 2390 726 2444 αἴῃ]
757 2387 1018 2440 σκεπάζεται.
1073 2393 1219 2430 Rursus
1246 2392 1414 2444 imponit
1430 2392 1520 2440 sibi,

87 2451 158 2482 aut
179 2446 400 2499 imponitur
420 2445 517 2498 ipsi,
549 2446 840 2484 camelam-ium.
898 2446 1002 2484 Nam
1027 2461 1148 2498 supra
1177 2461 1220 2499 p.
1251 2445 1344 2484 561.
1368 2445 1415 2483 Β.
1441 2445 1519 2484 ult.

86 2497 243 2550 legitur,
264 2500 299 2538 ei
327 2499 547 2537 detractum
565 2498 682 2537 fuisse
702 2499 817 2546 illud,
849 2496 1206 2548 α’ποσκεπάζουσιν
1227 2495 1376 2548 αότὸν,
1393 2513 1521 2552 quum

86 2552 398 2592 introducendus
416 2560 515 2592 esset
529 2554 570 2590 in
590 2556 827 2603 oratorium,
847 2555 918 2592 ubi
938 2555 1154 2593 initiandus
1180 2554 1464 2606 significatione
1481 2562 1522 2594 et

86 2610 302 2659 praeceptis
335 2610 431 2647 novi
459 2609 634 2646 muneris
669 2615 794 2658 esset,
826 2610 989 2661 eiusque
1020 2608 1218 2663 symbolo,
1247 2608 1348 2648 stola
1371 2623 1518 2659 aurea,

87 2661 324 2704 induendus.
397 2662 609 2701 Habebant
634 2676 779 2715 nempe
815 2663 930 2702 illum
960 2663 1154 2703 honorem
1180 2664 1320 2702 Graeci
1346 2663 1519 2703 ecclesiis

84 2722 126 2761 et
152 2714 303 2755 sacellis
331 2718 411 2757 suis
429 2747 441 2767 ,
471 2725 517 2756 ut
546 2717 657 2756 nudo
700 2719 828 2771 capite
862 2731 911 2759 ea
951 2719 1145 2760 intrarent
1172 2725 1212 2760 et
1237 2716 1364 2758 cultui
1405 2732 1519 2758 sacro
