1884 3132
201 186 276 232 An
324 187 619 232 consum.
644 187 841 232 Pomm.
883 189 955 230 m:
995 186 1175 230 omnm.
1211 191 1310 231 Lm.
1352 193 1405 231 11.
1452 172 1565 228 803

126 293 252 344 Quod
277 294 398 332 etiam
425 307 472 332 ex
511 291 676 346 epistola
704 293 884 332 Lotharii
909 293 962 332 11.
1001 293 1052 332 ad
1082 293 1270 334 Basilium
1303 295 1563 334 Macedonem

129 355 304 398 constat,
333 361 438 401 quae
462 348 623 387 titulum
652 348 793 386 Basilei
820 362 891 387 seu
916 349 1171 401 Imperatoris
1198 363 1243 388 ea
1278 356 1406 388 aetate
1442 365 1563 403 nega—

129 410 217 441 tum
244 402 365 442 fuisse
391 403 562 441 dominis
589 401 798 456 Bulgariae
823 403 874 441 ab
898 403 1027 456 Impp.
1048 404 1222 443 CPtanis
1234 411 1284 443 et
1314 405 1442 443 solum
1472 407 1562 444 titu-

126 456 658 512 lumprimxpthulgarum,
688 457 765 495 hoc
792 465 852 496 est
878 458 1088 496 Archoueis
1102 460 1385 521 ,Ρρι-ιιιίεειιιιι.
1445 461 1564 498 Tem-

127 525 226 564 pore
252 519 386 553 autem
413 518 504 564 post
530 510 691 550 titulum
721 511 862 551 Basilei
891 527 915 550 a
944 514 1106 551 Graecis
1134 514 1269 552 invitis
1295 527 1366 567 per
1393 516 1473 553 vim
1495 530 1562 553 er-

129 580 289 606 morum
309 567 587 619 impetrarunt
620 573 665 604 ut
694 579 716 604 e
743 566 895 620 p.398
919 568 969 605 D.
994 582 1033 621 7.
1065 567 1202 606 Nostri
1220 567 1359 621 liquet,
1389 577 1427 608 et
1448 571 1564 608 Luit-

126 621 309 674 prando,
335 622 405 674 qui
432 635 475 674 p.
494 620 591 672 482.
616 635 656 659 a.
684 621 851 660 Petrum
878 622 1092 675 Bulgmum
1120 624 1175 661 ait
1205 637 1228 661 a
1254 625 1404 669 lweone
1438 624 1559 663 fratre

122 675 345 729 Nicephori
373 676 532 715 Phocae
573 677 705 725 1m.‚
741 676 861 715 titulo
889 676 1032 716 Basilei
1059 677 1177 730 fuisse
1208 678 1476 732 appellatum3
1516 693 1558 718 v.

124 730 235 770 Seld.
237 731 348 824 CTit.
379 730 534 769 Honor.
564 745 600 783 p.
650 745 690 768 2.

237 784 286 824 C.
316 799 356 839 7.
389 784 507 839 [681‚
535 784 615 839 ι7.]
641 781 858 831 Βολιᾰδες.
917 787 1115 827 scribitur
1142 802 1302 842 quoque
1340 784 1558 835 Βοὶλάδες.

124 839 250 878 Forte
265 841 460 892 posterius
484 841 643 878 metius.
675 838 943 893 Appellantur
968 850 1099 881 autem
1121 845 1176 882 sic
1194 844 1314 882 duces
1336 843 1559 896 Buigariae3

125 894 211 933 vid.
243 893 481 947 Theophau.
510 909 554 947 p.
571 894 663 948 367.
693 894 748 934 A.
773 895 815 934 8.
833 894 927 949 374.
958 898 1013 936 D.
1037 912 1070 936 ι.
1102 905 1142 936 et
1169 912 1258 951 pen.
1276 899 1398 937 F01te
1418 906 1562 952 agnata

125 955 188 988 est
213 948 312 988 haec
341 959 418 988 vox
442 955 561 989 notae
588 949 678 987 voci
706 929 922 989 Polonicae
954 952 1022 990 W
1017 954 1252 1003 oywooden

234 1003 282 1043 C.
308 1003 350 1043 8.
377 1002 492 1067 [68¹3
525 1002 611 1056 18.]
641 999 678 1042 οἱ
705 999 788 1042 ἔσω
814 1018 883 1043 και
912 1001 1006 1054 ἔξω.
1062 1006 1279 1070 Appellant
1293 1009 1433 1046 Graeci
1466 1011 1561 1048 novi

124 1054 180 1098 τὰ
216 1053 301 1098 ἔσω
310 1070 441 1121 quae
474 1060 517 1097 in
556 1059 657 1097 urbe
693 1060 800 1112 regia
830 1067 951 1110 sunt,
990 1058 1039 1099 τὰ
1069 1057 1147 1109 ἔξω
1185 1077 1286 1115 quae
1323 1065 1363 1101 in
1394 1065 1559 1115 provin-

125 1113 224 1151 ciis·
212 1141 225 1162 ,
273 1108 324 1152 τὰ
362 1109 444 1160 ἔξω
487 1112 654 1161 θέματα
667 1143 704 1178 '..
717 1115 951 1180 provznciae
993 1116 1043 1154 ab
1088 1117 1179 1154 urbe
1216 1119 1326 1170 regia
1366 1127 1559 1168 remotae,

128 1167 364 1220 Theophan.
401 1181 443 1220 p.
473 1168 564 1219 575.
602 1167 656 1207 A.
684 1168 723 1206 3.
739 1183 751 1218 3
799 1166 837 1206 οἱ
866 1165 1062 1232 ἐξωτεροι
1085 1171 1277 1235 Scylitzae
1305 1187 1343 1224 p.
1375 1174 1468 1225 817.
1502 1173 1556 1211 A.

124 1235 168 1275 9.
194 1229 287 1262 sunt
311 1235 452 1261 omnes
482 1222 609 1261 CPlin
634 1237 715 1262 non
743 1223 974 1274 incolentes3
1016 1221 1066 1264 τὰ
1096 1222 1178 1264 ἔσω
1214 1224 1275 1265 τά
1264 1242 1399 1278 [ματα
1422 1235 1561 1266 contra

125 1277 348 1330 praesidia*
337 1291 379 1315 ιιι
401 1277 501 1316 urbe
516 1279 625 1330 regia
641 1277 846 1324 collocata,
877 1279 982 1331 apud
1002 1279 1237 1332 Theophan.
1257 1296 1296 1334 p.
1319 1282 1365 1319 δ’·
1349 1296 1412 1334 9.
1445 1283 1490 1319 Β.
1515 1296 1554 1320 2.

236 1331 291 1369 D.
323 1346 355 1370 1.
394 1330 505 1385 [682,
532 1345 546 1369 1
557 1331 587 1384 .]
615 1328 751 1370 πάλιν.
823 1333 1004 1371 Dubium
1040 1334 1134 1373 facit
1173 1335 1250 1373 hoe
1287 1336 1557 1387 vocabulum,

127 1399 263 1424 unane
288 1385 503 1438 eademque
529 1387 571 1424 in
599 1386 838 1425 allocutione
862 1389 1034 1439 pliorem
1065 1396 1102 1426 et
1129 1389 1231 1427 hanc
1261 1389 1426 1428 alteiam
1454 1403 1560 1443 quo-

128 1454 208 1492 que
246 1439 456 1479 formulam
499 1441 778 1492 recitaverint,
821 1456 872 1480 an
916 1443 1107 1495 significet
1145 1442 1270 1482 πάλιν
1307 1445 1388 1482 alm
1426 1446 1557 1487 modo.

126 1494 216 1558 Ego
242 1495 406 1547 quidem
433 1495 627 1547 posterius
648 1495 766 1534 malo.
826 1496 1037 1535 Absurdus
1065 1499 1191 1548 enim,
1221 1512 1347 1550 paene
1374 1499 1556 1549 dixerim,

126 1551 238 1603 prior
264 1550 402 1588 fuisset
427 1563 539 1598 mos,
570 1559 610 1588 et
635 1558 867 1602 praeterea,
899 1549 1009 1589 illam
1040 1554 1212 1604 priorem
1242 1553 1454 1591 formulam
1482 1555 1557 1592 sub

130 1602 279 1642 Basilio
317 1611 388 1643 aut
430 1604 611 1643 Romano
650 1605 885 1657 Lecapeno‚
933 1608 1190 1658 posteriorem
1217 1607 1319 1646 hanc
1351 1608 1426 1646 sub
1451 1609 1558 1647 Con-

117 1659 303 1698 *stantiae
318 1666 359 1698 et
374 1659 557 1698 Romano
574 1659 656 1698 filio
678 1660 918 1709 obtinuisse,
936 1660 1041 1699 clare
1059 1662 1300 1700 demonstrat
1324 1662 1415 1728 hoe,
1423 1664 1556 1724 quod

130 1713 185 1752 ihi
210 1728 252 1766 p.
283 1714 378 1777 593.
409 1714 456 1752 Β.
485 1710 586 1753 5.οἱ
614 1711 702 1752 υἱοὶ
727 1711 799 1752 καί
823 1716 1029 1763 βασιλεῖς,
1060 1716 1125 1754 hic
1154 1724 1286 1755 autem
1315 1714 1337 1754 ὅ
1370 1713 1459 1763 υἱὸς
1486 1731 1555 1756 και

125 1764 322 1818 βασιλεύς
357 1775 615 1807 memoratur.
675 1768 856 1807 Habebat
883 1777 1015 1808 autem
1041 1771 1206 1810 Basilius
1234 1773 1552 1819 Constantinum,

127 1823 305 1861 Leonem
336 1830 376 1861 et
405 1822 675 1862 Alexandrum
703 1824 830 1871 filios,
861 1825 1061 1864 Romanus
1091 1827 1185 1864 item
1211 1827 1447 1879 Lecapenus
1482 1826 1557 1865 ha-

128 1876 251 1915 bebat
277 1877 582 1916 Constantinum
622 1886 661 1917 et
690 1879 946 1931 Stephanum.
1003 1881 1060 1918 At
1087 1881 1379 1928 Constantinus,
1412 1881 1556 1919 Leonis

126 1931 248 1979 filius,
269 1931 441 1970 habebat
454 1939 611 1985 praeter
633 1934 857 1972 Romanum
882 1933 1007 1972 filium
1035 1949 1115 1975 non
1143 1935 1278 1973 alium

212 1985 308 2039 594.
339 1986 390 2027 A.
423 2001 482 2027 ιο.
514 1986 631 2041 [682,
659 1987 740 2042 ι8.]
769 1983 850 2026 ἀπὸ
879 1988 1050 2039 Συρίας.
1104 1989 1357 2043 *[Constant.
1395 1990 1446 2027 de
1482 1989 1555 2028 ad·-

127 2040 301 2079 ministr.
331 2043 495 2095 imperio
522 2057 563 2094 p.
597 2055 661 2095 -79,
692 2042 785 2081 fine.
816 2043 1412 2097 Amarumnes‚Aga1-enorum
1441 2058 1554 2096 prae-

127 2095 252 2134 fectus
285 2095 368 2134 Vit.
394 2094 536 2135 Leonis
562 2105 667 2136 mter
692 2098 837 2161 Seript.
869 2105 971 2150 post.
995 2097 1230 2151 Theophan.
1257 2114 1299 2152 p.
1332 2107 1424 2151 229.
1415 2097 1466 2150 .]*

236 2150 280 2189 Β.
311 2164 343 2189 ι.
384 2150 493 2204 [682,
513 2150 595 2204 2ο.]
623 2149 778 2204 εἰρήνη.
830 2152 931 2191 Οιιιιι
971 2152 1046 2191 hac
1083 2160 1122 2191 et
1158 2160 1345 2206 sequente
1382 2153 1553 2192 formula

127 2203 325 2242 salutandi
365 2204 430 2243 vel
467 2205 570 2245 bene
605 2207 878 2259 comprecandi
922 2207 1199 2247 conferendam
1238 2222 1479 2261 apponemus
1504 2207 1553 2246 il-

126 2259 224 2309 lam,
252 2273 331 2311 qua
357 2258 508 2299 litteras
534 2274 626 2299 suas
666 2262 716 2299 ad
745 2262 958 2300 Hem-icum
1001 2262 1054 2300 V.
1082 2260 1181 2315 Imp.
1212 2224 1361 2301 elziildit
1389 2262 1552 2301 Alexius

124 2313 350 2352 Comnenus
376 2315 484 2367 apud
511 2314 708 2353 Annam
699 2330 738 2353 ιιι
765 2316 954 2355 Alexiade
980 2330 1023 2368 Ρ.
1041 2316 1135 2369 95.:
1163 2313 1374 2382 μακρύιαι
1401 2313 1424 2354 ὅ
1452 2314 1553 2362 θεὸς

123 2364 200 2419 τὴν
238 2364 346 2420 ζωήν
387 2381 478 2407 σου.
535 2364 743 2407 πλατύνᾱι
783 2367 836 2409 τὰ
875 2370 948 2421 τῆς
994 2369 1183 2417 ἑξουσάις
1209 2384 1284 2409 σου
1313 2366 1426 2421 ὅρια.
1480 2369 1555 2410 κᾱι

126 2421 224 2474 θείη
261 2435 327 2460 σοι
359 2417 515 2469 πάντας
549 2436 646 2469 τους
684 2423 996 2470 α’ντιπύιτοντας
1033 2425 1092 2471 εἰς
1132 2422 1366 2474 ὀιειδισμὸν
1394 2439 1462 2464 και
1490 2425 1550 2472 εἰς

123 2472 412 2539 atat-amimam.
470 2475 631 2543 ειρήνη
643 2473 706 2530 εἴη
727 2478 792 2540 τῇ
817 2476 983 2532 ἐξουσία
1011 2491 1087 2517 σου
1115 2493 1182 2518 και
1212 2477 1378 2541 γαλήνη.
1433 2475 1550 2531 ἥλιος

125 2525 361 2595 ἐπιλάμψαι
387 2528 499 2598 πάσῃ
526 2531 576 2585 τῇ
596 2528 781 2596 ὑπηκόῳ
797 2545 901 2582 σου,
932 2546 1000 2571 και
1026 2532 1205 2583 γένοιντό
1233 2546 1297 2571 σοι
1318 2530 1466 2579 πάντες
1489 2533 1548 2580 εἰς

128 2581 361 2633 ὀνειδισμὸν
388 2582 425 2624 οἱ
453 2572 629 2638 ἔχθραι,
656 2600 733 2648 της
753 2579 911 2625 ανωθεν
938 2587 1140 2638 κραταιᾶς
1159 2583 1305 2649 ἰσχυος
1323 2585 1425 2626 κατὰ
1445 2583 1550 2626 πάν-ι

127 2649 212 2675 των
236 2651 301 2677 σοι
326 2639 601 2692 χαριζομένης
626 2636 671 2678 τὸ
702 2634 890 2703 ἄμαχον,
925 2641 1123 2679 τοσοῦτον
1157 2637 1200 2680 τὸ
1220 2638 1439 2706 &gl-3111&
1466 2641 1544 2680 αὕ-

127 2690 203 2728 τοῦ
221 2684 355 2794 {vona
391 2693 599 2747 α’γαιιῶντι
637 2691 710 2733 καί
742 2691 847 2734 κατὰ
877 2695 958 2734 τῶν
986 2695 1149 2749 ἐχθρῶν
1178 2693 1306 2736 αὐτοῦ
1336 2693 1411 2749 τὴν
1423 2701 1546 2751 χεῖια

129 2741 222 2784 ἱπλι
251 2759 333 2787 orn
