1884 3132
287 121 404 190 464
561 139 635 182 10.
671 138 783 183 mc.
822 140 1020 183 REISKn
1059 140 1448 186 'COMMENTARH

285 258 366 296 non
395 270 461 298 eos
486 255 719 297 Amoremses
735 288 745 306 ‚
782 257 851 297 sed
889 258 1139 298 Sammnses
1165 272 1276 311 esse3
1310 259 1480 314 ideoq-ue
1506 259 1736 315 legendum.-

286 325 402 364 iuxta
443 324 649 363 moder-nos
683 324 980 364 Samorensiam
1021 335 1210 364 cattorum
1235 326 1420 381 pellibus.
1488 324 1535 365 V
1529 341 1588 366 ox
1628 341 1739 378 w

285 379 472 418 Sammor
500 379 673 418 Arabica
715 379 927 419 mustelam
966 381 1220 435 Scythicam,
1273 380 1395 434 vulgo
1438 381 1576 430 Zohel,
1608 374 1737 423 notat.

280 434 471 474 ›Sammol'
498 442 631 474 autem
661 437 769 475 venit
797 436 902 475 forte
930 451 953 475 a
982 437 1155 475 Cimbris
1196 437 1315 485 olim,
1349 436 1469 475 hodie
1497 437 1646 478 Siberis
1673 438 1738 478 di'-

285 491 376 530 ctis.
435 492 659 530 Sammoria
698 498 737 530 et
767 492 934 540 siba-ia,
968 494 1064 531 item
1093 492 1270 531 Cimbria
1300 499 1339 531 et
1371 492 1587 532 cimmeria
1612 493 1736 533 idem.

284 545 345 585 At
373 547 468 600 quid
483 546 720 586 Numantini
745 547 825 585 hue
854 547 1034 587 faciunt?
1064 549 1170 587 Toto
1199 547 1310 587 coelo
1332 548 1531 587 Numidae
1558 554 1599 587 et
1625 549 1738 588 CimL

285 604 402 641 merii
431 603 594 642 diversi.
663 602 742 641 Sed
773 611 871 656 puto
901 603 1166 642 Numantinos
1198 603 1264 642 hic
1305 604 1383 642 dici
1413 617 1493 642 non
1523 605 1563 643 in
1596 604 1739 644 Numi-

283 657 352 696 dia
383 657 572 710 Africae,
603 658 672 696 sed
702 659 810 712 apud
841 659 1044 698 Nomadas
1062 690 1072 707 ,
1103 659 1145 697 id
1174 667 1232 698 est
1262 658 1524 712 vagabundos
1553 659 1738 713 mapalia-

283 727 348 752 res
376 714 543 767 Scythas
585 721 714 756 natos,
779 714 928 753 Eadem
961 714 1010 752 de
1045 729 1191 764 causa,
1238 714 1347 767 quod
1377 714 1532 753 Arabes
1575 728 1738 768 quoque

282 770 476 808 nomades
509 776 651 817 essent,
687 769 806 808 credo
835 770 1019 808 Arabum
1048 784 1204 809 murem
1231 771 1381 808 dictum
1405 770 1524 809 fuisse
1564 769 1664 810 illud
1702 769 1739 810 i‘-

286 839 406 878 psum
446 825 621 874 animal,
655 825 876 876 Zobelum,
926 832 995 864 aut
1031 826 1163 878 potius
1201 826 1447 873 ciSmusum‚
1479 823 1544 864 vel
1581 837 1738 866 murem

286 881 412 919 odore
439 881 593 919 moschi
614 911 626 931 ‚
657 881 766 934 quod
795 881 902 934 apud
933 881 1115 931 Arabes,
1152 880 1230 919 hoc
1259 889 1317 920 est
1351 880 1610 934 vagabundos
1637 881 1738 935 Scy-

283 935 400 986 thas,
431 944 675 977 nasceretur.
739 936 844 975 Nam
874 937 1051 989 profecto
1081 937 1188 989 apud
1218 936 1374 975 Arabes
1402 937 1561 989 proprie
1590 938 1644 975 sic
1673 936 1738 975 di-

284 998 370 1030 ctos
387 1022 397 1040 ‚
431 991 603 1045 Aegypti
632 992 786 1032 accolas
804 1023 814 1039 ‚
846 1005 934 1031 mus
951 994 1149 1045 pretiosus
1177 993 1353 1030 nascitur
1383 990 1530 1033 nullus.
1559 991 1637 1030 Sed
1665 1005 1737 1030 ve-

283 1061 373 1085 rum
404 1054 462 1086 est
484 1078 494 1095 ‚
540 1055 693 1087 veteres
737 1048 930 1086 nomadas
973 1062 1131 1096 omnes,
1172 1048 1291 1085 etiam
1321 1061 1413 1096 eos,
1443 1061 1543 1099 quos
1572 1059 1738 1086 saevum

284 1101 410 1155 frigus
439 1105 544 1150 urit,
576 1102 732 1142 Arabes
777 1103 1010 1156 appellasse.
1072 1102 1258 1141 Arabum
1286 1115 1445 1141 murem
1475 1101 1599 1142 habet
1627 1102 1739 1150 Pau·

283 1155 391 1197 linus
420 1159 460 1198 in
489 1158 767 1198 Eucharistico
795 1173 857 1198 vs.
897 1158 1004 1210 ¹48⁸

454 1224 605 1263 Culcior
629 1233 742 1280 utque
775 1225 876 1263 milli
918 1224 1035 1262 vestis
1055 1223 1175 1275 soret
1209 1231 1247 1261 et
1272 1236 1378 1261 nova
1410 1237 1550 1279 saepe,

455 1281 639 1334 Quaeque
665 1279 796 1319 Arabi
815 1280 934 1318 muris
956 1279 1039 1318 leni
1054 1279 1268 1331 fragraret
1298 1278 1433 1317 odore.

284 1345 372 1388 Nisi
403 1346 505 1384 sorte
533 1346 730 1384 Paulinus
751 1358 935 1384 muscum
971 1359 994 1383 a
1024 1359 1138 1383 mure
1159 1344 1353 1397 proficisci
1382 1343 1610 1384 crediderit.

370 1400 461 1452 254.
490 1401 538 1439 C.
578 1415 612 1439 1.
644 1400 758 1456 [458‚
791 1399 879 1454 2o.]
922 1399 1087 1440 ἔντεινε.
1163 1401 1236 1438 Est
1273 1414 1295 1438 e
1321 1399 1483 1439 Psalmo
1510 1400 1660 1440 XLIV.
1692 1399 1737 1442 5·

282 1457 461 1497 solennis
491 1455 664 1495 formula
694 1456 920 1496 recentibus
953 1455 1284 1508 Impemtoribus,
1312 1462 1382 1493 aut
1409 1469 1502 1493 cum
1529 1456 1737 1510 triumpho

283 1512 568 1559 redeuntibus,
601 1520 672 1551 aut
700 1514 740 1551 in
770 1511 967 1565 templum
996 1511 1151 1550 solenni
1177 1511 1427 1564 processione
1455 1512 1738 1564 venientibus,

285 1568 496 1608 acclamari
529 1567 657 1607 solita.
715 1567 812 1606 Vid.
847 1569 929 1606 Leo
959 1568 1182 1605 Grammat.
1211 1580 1300 1619 pag.
1333 1563 1428 1617 451.
1451 1567 1499 1605 Β.
1531 1581 1571 1620 7.
1602 1567 1738 1621 etSy·

284 1639 406 1664 meon
437 1625 542 1677 Mag.
588 1638 631 1676 p.
654 1622 749 1674 418.
785 1624 877 1662 fine.
951 1623 1056 1661 Hinc
1097 1629 1276 1661 recenset
1305 1621 1428 1660 Anna
1457 1621 1660 1662 Comnena
1691 1637 1734 1676 p.

285 1680 354 1720 58.
384 1681 437 1718 D.
466 1680 570 1718 inter
597 1680 803 1732 praesagia
832 1678 958 1718 futuri
987 1679 1175 1730 imperii,
1205 1679 1310 1730 patri
1339 1691 1413 1715 suo
1442 1675 1585 1716 Alexio
1614 1677 1735 1728 sacta,

287 1736 366 1775 hoe
383 1766 394 1786 ‚
423 1735 533 1789 quod
560 1736 634 1788 ipsi
667 1735 862 1788 equitanti
889 1734 1105 1787 aliquando
1135 1732 1278 1785 aliquis
1299 1763 1308 1779 ‚
1339 1733 1408 1785 qui
1437 1731 1572 1771 subito
1599 1732 1738 1786 dispan-

284 1793 435 1841 ruerit,
464 1790 562 1829 haec
601 1790 726 1830 verba
768 1791 910 1829 dixerit
938 1791 979 1828 in
1017 1803 1184 1827 aurem:
1215 1782 1547 1838 ἐπιλαμβάνεται
1577 1782 1736 1840 κνήμης

283 1847 363 1886 τοῦ
386 1840 575 1894 Ἀλεξίου
594 1877 604 1892 .,
636 1843 707 1885 καί
734 1841 838 1898 πρὸς
866 1839 1018 1884 ἑαυτὸν
1060 1839 1185 1892 πεζὸς
1215 1835 1273 1882 ὢν
1300 1839 1476 1894 ἱππότην
1503 1839 1736 1895 ἐφελκυσά-

283 1915 410 1954 μενος
440 1897 546 1951 πρὸς
574 1897 620 1941 τὸ
653 1895 724 1947 οὖς
752 1901 875 1940 τοῦτο
925 1896 976 1952 (Ῡὴ
1009 1895 1054 1938 τὸ
1085 1899 1157 1950 τῆς
1185 1896 1418 1948 Δᾳυιὸικῆς
1452 1891 1736 1950 ἀνεφθέγξατο

283 1953 439 2009 λύρας·
471 1955 626 1998 ἔντεινε
669 1955 743 1995 καί
776 1954 1008 1995 κατευοόοὗ
1046 1953 1121 1992 καί
1145 1950 1341 2003 βασίλευε
1370 1950 1506 1990 ἕνεκεν
1532 1949 1736 2004 ἄληθείας

284 2012 360 2052 καί
380 2010 610 2068 πρᾳότητος
638 2010 711 2050 καί
737 2005 1017 2060 δικαιοσύνης.
1083 2008 1155 2046 καί
1182 2010 1378 2059 προσεῖπε
1405 2007 1461 2061 τῷ
1489 2004 1608 2062 λόγῳ·
1654 2003 1735 2046 αὔ-

285 2067 500 2120 τοκράτωρ
544 2066 714 2115 Ἀλέξιε.
778 2066 895 2105 Conf.
927 2065 1065 2105 Photii
1094 2071 1197 2102 orat.
1227 2064 1269 2101 in
1290 2062 1581 2101 dedicationem
1609 2057 1736 2102 eccle-

286 2124 368 2162 siae
401 2138 529 2163 novae
556 2124 605 2160 L.
637 2122 711 2160 Vl.
745 2121 914 2174 Antiqu.
948 2120 1108 2159 Orient.
1143 2117 1320 2158 Banduri
1347 2132 1386 2170 p.
1420 2117 1511 2157 131.

399 2179 447 2218 C.
485 2193 543 2217 11.
575 2177 686 2231 [459,
719 2174 784 2230 6.]
831 2173 1004 2230 φατλιά.
1072 2175 1222 2213 cereos.
1288 2174 1362 2212 Est
1390 2171 1531 2226 procul
1557 2171 1680 2212 dubio
1707 2185 1733 2210 a

269 2234 435 2285 facula.
494 2234 618 2286 Saepe
647 2234 816 2282 Graeci,
875 2233 917 2270 in
962 2230 1264 2282 corrumpendis
1292 2229 1445 2267 Latinis
1473 2227 1638 2267 vocibus
1666 2223 1733 2265 ul-

286 2296 350 2327 tra
378 2289 498 2328 fidem
541 2288 762 2342 ingeniosi,
807 2302 830 2326 τ
859 2294 898 2325 et
929 2300 952 2324 κ
979 2293 1210 2339 permutant
1229 2315 1241 2336 ‚
1269 2284 1444 2323 dicentes
1475 2280 1630 2335 φατλιά
1656 2295 1732 2334 pro

288 2341 473 2396 φακλῖα,
505 2352 545 2383 et
582 2344 754 2383 vicissim
794 2339 931 2381 σικλία
971 2355 1044 2394 pro
1076 2338 1232 2388 σιτλιά,
1264 2341 1426 2386 situlae,
1459 2337 1631 2377 σπέτλον
1657 2348 1731 2389 pro

286 2396 476 2448 σπέκλον,
510 2400 730 2454 speculum,
760 2397 898 2436 dicunt
926 2410 1087 2450 quoque
1119 2398 1281 2448 φυῑλιν.
1341 2395 1382 2433 Si
1411 2401 1543 2432 tamen
1572 2399 1732 2430 contra-

287 2462 398 2492 ctum
444 2457 533 2508 quis
570 2453 683 2492 malit
720 2454 942 2492 existimare
979 2466 1052 2505 pro
1096 2446 1297 2504 φαῑιᾙα,
1337 2463 1402 2488 me
1446 2460 1528 2485 non
1566 2444 1732 2486 habebit

286 2518 592 2562 repugnantem.
661 2510 735 2547 Est
765 2516 898 2547 autem
938 2505 1124 2560 φατίλιν,
1157 2504 1341 2557 φιτίλιν,
1374 2498 1542 2555 φυτίλιν
1571 2508 1609 2540 et
1636 2515 1732 2554 φοι-

287 2561 406 2603 τύλιν
442 2565 600 2618 (eodem
644 2565 774 2616 sensu)
818 2577 895 2601 vox
923 2563 1094 2600 Arabica
1134 2561 1238 2599 iden-1
1266 2557 1488 2611 significans
1516 2556 1627 2609 quod
1646 2562 1731 2595 tor-

286 2629 404 2675 chia,
437 2633 587 2680 tor-che,
629 2629 763 2668 funale
803 2630 1024 2668 torticium.
1050 2619 1158 2671 &le-25
1197 2626 1251 2664 V.
1293 2625 1360 2662 Du
1409 2623 1542 2676 Cange
1584 2624 1645 2662 his
1685 2624 1729 2661 in

289 2685 470 2724 vocibus.

400 2741 447 2777 C.
485 2754 546 2778 12.
580 2739 697 2794 [439,
739 2738 801 2793 7.]
842 2733 1129 2789 καμπότουβα.
1192 2734 1391 2774 Videntur
1429 2747 1512 2772 esse
1550 2732 1663 2772 tubia
1691 2739 1731 2772 et

1876 1667 1884 1723 i

1877 1730 1884 1771 ἓ

1874 1778 1884 1885 {

1876 1898 1884 1915 d
