1832 3126
254 147 332 222 94
528 167 600 208 10.
641 166 746 208 1Ac.
793 167 990 207 Rsslsxn
1026 167 1405 212 COMMENTARH

256 269 475 322 ingressuri
490 298 501 314 ,
527 270 640 306 aiunt
654 297 664 316 ,
677 268 796 320 soris
822 270 943 308 ‘arma
973 270 1226 325 relinqza'mus
1255 279 1293 310 et
1314 272 1441 326 ipsum
1464 273 1584 311 etiam
1602 271 1698 312 dia-

255 325 374 362 dema
396 324 642 377 deponimus.
701 324 787 362 Iam
815 331 996 377 tempore
1021 325 1235 378 Augustini
1265 341 1352 365 mos
1378 325 1446 365 ille
1463 327 1695 377 obtinebat,

256 387 304 418 ut
349 379 573 430 Imperator
603 378 801 430 templum
848 380 1026 428 intrans,
1058 388 1129 419 aut
1155 383 1390 421 memoriam
1415 382 1549 421 Sancti
1575 396 1702 422 vene-

256 448 351 473 rans
373 433 556 472 diadema
584 433 818 487 deponeret.
876 435 1126 489 Augustinus
1142 437 1294 477 Psalm.
1323 435 1420 476 65.:
1450 437 1595 476 Melius
1624 446 1697 488 est,

258 499 316 538 ut,
343 489 509 527 Romam
537 504 654 544 qzcum
680 492 839 530 venerit
853 491 1096 546 Imperator,
1118 492 1291 547 deposito
1317 492 1542 532 diademate
1568 493 1702 547 ploret

255 545 317 583 ad
333 546 565 583 memoriam
580 546 813 599 piscatoris,
845 561 963 602 quam
981 557 1023 587 at
1037 550 1214 602 piscator
1237 549 1371 603 ploret
1392 548 1454 587 ad
1470 549 1699 588 memoriam

255 600 530 654 Imperatoris·
589 601 692 639 Satis
707 601 1006 654 episcopaliter.
1065 603 1173 642 Ante
1195 604 1417 657 ingressum
1440 603 1517 642 Nai
1538 605 1580 642 in
1605 603 1700 642 Nar·

256 655 372 694 thece
399 655 653 709 deponebant
676 657 806 710 lmpp.
825 658 977 696 CPtani
1002 673 1094 698 suas
1120 659 1280 698 infulas.
1340 659 1599 712 Quapropter
1615 666 1701 699 tan·

255 725 380 765 quam
405 726 490 750 rem
517 711 754 751 insolentem
791 720 930 752 narrat
966 714 1048 752 Leo
1082 715 1377 753 Grammaticus
1403 714 1444 752 in
1470 714 1668 754 Michaele
1685 743 1698 763 ‚

256 767 367 821 quod
408 766 537 820 μέχρι
574 767 656 806 τῶν
697 767 925 818 βασιλικῶν
958 770 1101 808 πυλῶν
1142 766 1280 808 ἐλθών
1323 769 1398 808 ου’κ
1433 767 1612 808 cineam
1650 767 1695 808 τό

257 821 432 875 στέφος,
470 818 615 869 καθώς
642 818 739 870 ἔθος
766 823 856 863 ἐστι’
881 826 968 870 τοῖς
995 824 1268 875 βασιλεῦσιν,
1311 817 1418 863 ἀλλὰ
1445 825 1537 874 μετ’
1565 823 1703 864 αότοῦ

255 876 428 929 εἰσῆλθε
454 876 583 931 μ’έχρι
610 879 692 917 τῶν
721 873 850 930 ἁγίων
877 880 1038 931 θυρῶν.
1092 879 1341 935 *[Coronam
1370 879 1569 932 deponere
1596 879 1700 919 sole-

258 932 329 972 bat
352 934 577 986 lmperator
602 940 695 973 ante
729 930 804 980 τὰς
842 929 964 986 ἁγίας
1000 928 1148 982 πύλας.
1205 936 1354 988 Georg.
1380 934 1572 975 Monach.
1603 949 1698 988 pag.

257 987 356 1041 539.
413 989 658 1029 Iustinianus
694 996 862 1030 stemma
889 991 1010 1043 capiti
1047 1005 1119 1044 per
1148 992 1219 1041 4ο.
1251 991 1336 1030 dies
1370 1003 1454 1028 non
1485 990 1699 1044 imposuit,

257 1044 330 1083 sed
360 1043 510 1097 absque
538 1059 686 1084 corona
715 1047 838 1084 sacris
869 1045 1018 1084 Christi
1047 1046 1238 1085 natalitiis
1261 1045 1313 1085 ad
1336 1044 1542 1084 ecclesiam
1569 1059 1702 1085 acces,-

256 1099 324 1138 sit.
381 1100 623 1153 Theophan.
663 1115 705 1154 p.
739 1100 830 1154 196.
846 1099 891 1154 ]*
947 1102 1140 1141 Faciebat
1176 1102 1254 1141 hoc
1290 1101 1535 1144 Iustinianus
1567 1099 1701 1141 luctus

257 1161 299 1194 et
319 1156 568 1197 contritionis
598 1156 933 1196 demonstrandae
958 1171 1077 1196 causa
1102 1157 1156 1196 ob
1178 1159 1335 1197 tristem
1366 1170 1501 1196 casum
1517 1186 1528 1204 ‚
1569 1163 1703 1195 terrae

257 1218 414 1251 motum
440 1211 687 1251 horrendum
703 1243 714 1260 ,
760 1213 830 1265 qui
855 1212 980 1252 CPliu
1010 1213 1216 1252 afflixerat.
1274 1213 1536 1251 Reverentiae
1566 1218 1701 1251 autem

258 1279 354 1320 ergo
376 1267 521 1317 fiebat,
551 1275 598 1307 ut
630 1269 761 1320 Impp.
799 1275 892 1307 ante
916 1276 1074 1322 portam
1102 1269 1253 1322 regiam
1283 1267 1429 1307 infulas
1465 1267 1697 1317 demerentg

259 1323 600 1374 quemadmodum
624 1325 743 1362 etiam
766 1322 966 1363 faciebant
984 1331 1077 1364 ante
1092 1323 1305 1364 lectionem
1322 1322 1548 1376 Evangelii.
1578 1321 1700 1362 Conf-

258 1377 396 1420 Vales.
424 1379 476 1417 ad
503 1379 641 1418 Amm.
676 1379 857 1418 Marcell.
884 1394 926 1433 p.
951 1380 1046 1434 319.
1076 1379 1122 1419 b.
1180 1379 1259 1418 Sed
1282 1386 1420 1418 totone
1443 1385 1622 1431 tempore
1637 1392 1702 1417 sa-

259 1435 319 1472 cri
341 1433 462 1474 officii
484 1435 640 1473 nudum
667 1434 872 1475 habebant
896 1443 1016 1490 caput
1030 1439 1049 1474 ἱ)
1104 1435 1302 1475 Videatur
1320 1434 1402 1474 fere
1424 1448 1469 1472 ex
1491 1447 1538 1472 eo
1551 1463 1562 1481 ‚
1592 1432 1703 1486 quod

259 1489 522 1529 Patriarchae
557 1491 742 1529 dicantur
773 1490 852 1529 illis
887 1505 933 1530 ex
971 1490 1137 1530 ecclesia
1169 1490 1335 1529 domum
1373 1489 1633 1529 redeuntibus
1661 1495 1704 1527 et

260 1544 352 1585 vale
370 1544 594 1585 dicentibus
612 1547 656 1585 in
677 1545 895 1600 propylaeo
910 1546 1057 1586 infulas
1074 1560 1214 1586 rursus
1230 1559 1424 1599 reponere
1435 1575 1446 1594 ,
1477 1545 1517 1583 in
1543 1544 1713 1598 signum⁸

260 1600 363 1639 finiti
380 1600 500 1640 officii
525 1601 668 1641 divini.
727 1602 986 1641 Contrarium
1007 1610 1143 1642 tamen
1173 1601 1375 1656 colligitur
1403 1614 1449 1640 ex
1474 1613 1522 1639 eo
1538 1629 1549 1647 ‚
1591 1599 1703 1652 quod
1746 1645 1748 1648 v

261 1658 412 1710 passim
450 1657 636 1696 dicantur
667 1658 928 1711 Imperatores
958 1658 1010 1697 ad
1037 1658 1249 1698 lectionem
1287 1654 1497 1709 Evangelii
1523 1669 1546 1694 e
1571 1656 1703 1694 Meta·-

260 1712 366 1751 torio
386 1713 629 1766 prodeuntes
662 1713 831 1752 infulam
851 1714 1036 1764 demere,
1067 1721 1107 1753 et
1127 1713 1237 1767 quod
1261 1712 1382 1752 hodie
1409 1711 1552 1751 Graeci
1580 1710 1703 1749 saeris

262 1775 401 1821 operto
434 1769 562 1822 capite
595 1770 778 1809 intersint
793 1800 803 1817 ‚
834 1777 934 1809 teste
963 1771 1023 1808 La
1053 1770 1214 1808 Croixio
1228 1798 1240 1819 ,
1282 1765 1562 1808 tantummodo
1595 1764 1706 1818 apud

261 1824 476 1863 transitum
498 1839 702 1864 sacrorum
733 1824 878 1864 infulas
905 1825 1107 1864 dementes
1127 1855 1139 1876 ,
1175 1822 1286 1878 quod
1314 1823 1435 1861 etiam
1462 1820 1560 1860 olim
1583 1819 1705 1859 facie.-

263 1878 364 1918 bant
402 1881 444 1919 in
478 1880 642 1920 ecclesia
677 1881 821 1921 Latina
836 1911 848 1931 ‚
892 1888 940 1919 ut
978 1880 1163 1933 pluribus
1194 1879 1441 1918 demonstrat
1472 1876 1707 1929 Ciampinus

262 1934 384 1975 Tom.
419 1936 453 1974 I.
488 1937 673 1986 Monan.
701 1937 862 1975 Vetust.
891 1951 934 1989 p.
967 1950 1058 1987 117.
1090 1934 1181 1974 118.
1212 1934 1327 1973 Ordo
1357 1933 1557 1971 Romam:
1589 1932 1707 1973 Rost-

264 2005 383 2045 quam
407 2006 486 2045 per
513 1992 722 2031 diaconum
750 1993 895 2030 dictum
910 1992 1072 2043 suerit:
1100 1990 1305 2043 sequentia
1333 1989 1376 2027 S.
1403 1986 1615 2037 Evangelii
1638 1998 1706 2026 'se-

266 2047 445 2086 cundum
481 2048 633 2086 Lucam
651 2078 662 2096 ‚
712 2047 845 2087 baculi
877 2048 1049 2086 oninium
1073 2046 1318 2100 deponuntur
1345 2044 1396 2082 de
1425 2043 1628 2091 manibus,
1666 2050 1707 2082 et

268 2103 312 2140 in
340 2104 427 2156 ipsa
451 2104 552 2142 hora
580 2118 702 2158 neque
731 2117 878 2142 corona
900 2116 1021 2157 neque
1049 2101 1164 2140 aliud
1189 2101 1468 2155 operimentum
1496 2111 1613 2153 super
1637 2111 1707 2136 ca·-

264 2158 353 2211 pita
373 2173 504 2196 eorum
524 2159 697 2197 habetur.
758 2157 878 2207 Quod
892 2158 1140 2211 praepositus
1160 2155 1396 2209 Imperatori
1417 2154 1582 2193 CPtano
1596 2166 1708 2206 prae-

270 2212 401 2251 stabat
425 2213 600 2252 officium
633 2214 674 2252 in
698 2213 918 2264 demenda,
955 2211 1129 2251 tenenda
1158 2218 1198 2250 et
1223 2210 1454 2264 reponenda
1479 2208 1636 2257 insula,
1665 2207 1708 2247 id

270 2268 507 2307 occidentali
540 2269 767 2322 praestabat
794 2268 935 2307 Comes
962 2267 1106 2306 Palatii
1138 2266 1432 2306 Lateranensis.
1490 2265 1550 2302 lta
1569 2262 1708 2302 Ludo-

269 2323 384 2361 vicus
420 2324 494 2363 IV.
531 2326 573 2363 in
606 2323 739 2372 bulla,
786 2338 867 2377 qua
906 2324 1179 2362 Castruccium
1197 2353 1208 2370 ‚
1254 2323 1454 2362 comitem·
1471 2321 1706 2366 Lucanum,

271 2379 459 2417 comitem
483 2379 620 2432 palatii
644 2380 920 2422 Lateranensis
952 2386 1083 2428 creat,
1124 2378 1268 2416 tribuit
1295 2378 1372 2431 ipsi
1401 2378 1459 2416 ius
1486 2374 1653 2416 levandi
1670 2381 1712 2412 et

270 2433 431 2471 tenendi
466 2435 674 2489 imperiale
708 2436 895 2474 diadema
920 2434 970 2473 de
1007 2442 1135 2473 nostro
1174 2433 1330 2487 [verba
1357 2430 1492 2471 bullae
1519 2427 1643 2482 sunt]
1671 2437 1718 2485 et·

271 2502 528 2527 successorum
553 2500 770 2530 nostrorum
800 2491 1063 2529 Romanorum
1082 2489 1308 2544 principum
1332 2488 1484 2542 capite,
1512 2494 1706 2539 tempore,

270 2556 347 2597 quo
377 2544 593 2597 imperialis
616 2547 877 2586 coronationis·
904 2546 1079 2585 solennia
1106 2545 1370 2591 celebrantur,
1401 2550 1439 2580 et
1466 2541 1588 2579 etiam
1602 2552 1710 2632 Zao-

271 2611 421 2652 cunque
455 2598 536 2636 alio
563 2610 756 2654 tempore,
787 2603 933 2657 quoties
955 2601 1110 2656 publice
1141 2600 1265 2654 ipsum
1289 2597 1476 2638 diadema
1499 2609 1602 2650 expe
1632 2595 1712 2632 ι’νε-

272 2654 331 2691 rit
354 2653 507 2692 elevari
528 2654 579 2692 de
607 2658 734 2709 capite
760 2666 891 2696 nostro
922 2666 959 2694 et
981 2669 1237 2694 successorum
1267 2655 1533 2693 Romanorum
1554 2649 1712 2704 princi-

270 2722 370 2763 pum
395 2717 432 2747 et
460 2711 613 2762 reponi.
673 2711 783 2764 Ipsos
812 2725 974 2766 quoque
997 2710 1220 2751 sacerdotes
1246 2710 1287 2748 in
1318 2721 1430 2748 sacro
1462 2705 1592 2745 officio
1619 2717 1713 2767 per-

275 2763 432 2818 agendo
448 2764 689 2804 camelaucia
717 2766 918 2821 deponere
934 2766 1183 2807 consuevisse
1202 2762 1398 2811 concludo
1419 2775 1443 2802 e
1459 2761 1549 2802 loco
1567 2761 1712 2813 Isaaci,
