1884 3132
160 169 235 215 An
269 155 567 214 cossrm.
600 167 794 212 ronna.
833 169 904 211 m:
943 166 1124 211 cmm.
1166 169 1263 210 Lm.
1303 170 1356 210 11.
1405 168 1511 226 797

28 367 32 369 -
81 316 160 373 ρᾶς
196 319 378 359 κιλικίων
415 333 460 372 ,α
486 284 588 360 τῶνο
612 334 638 367 ς
677 312 791 372 ’.ρξξ
835 310 901 377 ‘7
919 330 959 364 ς.
1017 318 1130 358 Verti
1163 317 1331 358 similem
1357 319 1397 357 in
1426 331 1512 357 mo-

80 394 179 435 dum
213 396 373 449 singcda
391 410 471 452 pro
497 398 596 436 senis
622 395 910 435 memismatibus
937 400 1030 444 etc„
1058 394 1161 433 bene
1187 409 1333 448 gnarus
1362 394 1402 433 id
1430 409 1511 433 non

76 457 186 490 recte
214 464 372 490 versum
399 465 498 491 esse.
554 451 660 491 Nam
685 451 718 489 si
746 449 855 488 mille
881 463 1105 503 pannorum
1132 449 1276 502 singuli
1308 451 1403 489 emti
1424 449 1513 488 sue-

76 512 174 544 runt
205 507 331 560 pretio
366 519 551 545 senorum
567 504 872 545 miliaresiorum
889 533 902 555 ,
930 518 1090 544 necesse
1108 512 1166 543 est
1196 518 1259 543 sex
1279 503 1402 543 millia
1422 504 1506 543 mil.

77 560 200 599 totius
237 562 392 599 numeri
419 562 593 614 pretium
622 560 757 599 fuisse.
811 560 936 612 Atqui
976 573 1040 598 sex
1068 558 1194 598 millia
1222 559 1509 598 miliarensium

75 613 128 654 ad
147 615 386 655 numismata
405 615 565 655 redacta
595 615 812 667 (continent
827 622 961 653 autem
979 614 1218 653 numismata
1235 614 1389 668 singula
1409 613 1510 653 duo-

24 668 29 673 ’
74 668 179 709 dena
206 669 457 722 miliarensia)
488 670 662 710 efficiunt
688 670 877 708 numism.
908 668 999 709 500.
1069 669 1144 708 Hic
1181 677 1313 708 autem
1351 676 1509 708 tantum

72 722 240 778 expensa
266 725 456 765 dicuntur
484 727 723 765 numismata
758 724 844 764 166.
871 723 954 763 mil.
973 723 1012 763 6.
1039 723 1217 777 Apparet
1233 739 1343 778 ergo,
1375 724 1510 763 calcu-

74 778 159 819 lum
187 780 331 820 falsum
358 794 455 819 esse.
508 781 586 819 Sed
613 794 684 834 per
713 779 1030 832 trepidationem,
1074 794 1199 832 quum
1230 787 1416 832 urgerent
1443 786 1507 833 ty·

73 834 258 887 pothetae
286 842 326 875 et
350 835 567 875 meditandi
595 842 713 888 atque
746 834 844 873 alios
871 833 1123 872 consultandi
1150 842 1329 874 mortuos
1346 835 1507 874 vivosve

72 891 200 930 otium
218 905 299 930 non
314 897 428 939 esset,
459 890 550 929 dedi
579 888 746 943 aliquid,
782 895 828 928 ut
856 889 952 941 dixi,
974 903 1023 928 ne
1051 903 1213 942 prorsus
1231 889 1330 928 nihil
1350 889 1505 928 darem.

1435 942 1461 960 ο

70 978 298 1019 Emendent
337 978 436 1018 haee
475 985 566 1032 post
608 991 679 1016 nos
715 977 888 1016 venturi.
956 977 1066 1015 Haec
1094 977 1179 1030 ipsa
1207 977 1332 1031 figura
1399 959 1507 1052 [Ὁ

69 1079 182 1133 quasi
208 1086 308 1118 esset
332 1091 358 1130 y
380 1083 421 1116 et
450 1091 474 1130 ρ
503 1090 594 1115 cum
623 1075 870 1129 superposito
897 1089 922 1114 o
952 1089 1080 1128 parvo
1110 1083 1168 1116 est
1195 1077 1237 1115 in
1262 1076 1504 1115 membranis

68 1134 215 1173 nostris
252 1134 333 1182 ibi,
373 1132 441 1171 ubi
485 1131 537 1170 cl.
591 1131 738 1171 Leiche
774 1132 815 1169 in
855 1144 927 1169 sua
965 1131 1140 1170 editione
1183 1146 1223 1184 p.
1265 1132 1355 1185 195.
1397 1132 1441 1171 C.
1470 1144 1503 1175 ι.

0 1215 2 1219 >
67 1188 179 1282 {ledit
205 1184 272 1239 ις’,
306 1188 382 1227 hoc
409 1192 467 1227 est
497 1187 628 1236 XV1.;
658 1186 817 1226 videtur
843 1192 974 1224 tamen
999 1188 1130 1240 potius
1156 1187 1212 1225 ibi
1241 1186 1400 1226 decuria
1430 1186 1503 1225 de«

85 1243 188 1283 enda
213 1257 312 1282 esse.

150 1298 246 1352 590.
276 1298 328 1336 A.
361 1309 395 1334 r.
428 1295 544 1350 [675,
570 1295 633 1349 9.]
661 1292 893 1347 βυσαρίων.
950 1294 1009 1334 lta
1047 1295 1128 1346 M.;
1168 1296 1268 1334 verti
1306 1302 1499 1349 tanquam

66 1347 307 1405 βυρσαρίων
336 1350 529 1403 legissem.

174 1406 220 1450 B.
249 1405 292 1456 4.
319 1403 435 1460 [675,
455 1403 547 1459 21.]
578 1400 759 1455 Μιχαὴλ
782 1404 906 1458 χυτῇ.
956 1404 1048 1443 Non
1077 1411 1174 1458 puto
1202 1403 1337 1458 aliud,
1375 1419 1497 1460 quam

64 1507 141 1547 hoc
168 1507 292 1546 latere
319 1505 395 1546 sub
421 1504 656 1559 compendio
684 1504 899 1557 scripturae
927 1469 1079 1556 μιχχυτ,
1109 1505 1217 1558 quod
1233 1506 1271 1544 in
1296 1507 1496 1546 membra-

64 1564 127 1601 nis
166 1569 263 1601 erat.
317 1557 462 1612 Χυτὴν
499 1561 565 1599 hic
605 1567 702 1614 puto
730 1560 898 1599 eundem
925 1574 1007 1598 esse
1033 1567 1151 1612 atque
1178 1575 1295 1612 quem
1324 1576 1397 1600 nos
1424 1576 1496 1615 ap-

64 1616 258 1670 pellamus
284 1615 539 1668 Rothgiesser‚
569 1615 741 1654 fusorem
761 1614 1011 1652 metallorum
1026 1645 1036 1661 ‚
1068 1615 1226 1653 fabrum
1250 1619 1493 1667 cuprarium.

16 1715 18 1717 ,
63 1671 192 1710 Paulo
219 1678 311 1710 ante
330 1685 404 1723 pro
421 1664 572 1724 ἑτέρων
586 1677 625 1708 et
644 1665 789 1720 ἑτέρου
808 1676 896 1708 erat
920 1670 1133 1722 utrobique
1156 1677 1195 1708 et
1210 1685 1250 1723 p.
1266 1671 1360 1723 590.
1382 1672 1430 1709 Β.
1447 1686 1490 1725 9.

63 1726 105 1765 in
133 1726 374 1765 membranis
400 1725 477 1764 hoc
517 1724 796 1778 compendium
832 1723 952 1809 e'T'L
1010 1725 1138 1763 Porro
1190 1725 1494 1772 κατακολίσεως

62 1826 217 1880 scripsit
242 1824 428 1864 librarius
455 1839 566 1864 more
594 1839 666 1864 suo
694 1839 767 1878 pro
798 1822 1146 1875 κατακολλήσεως.

170 1883 215 1922 Β.
235 1894 275 1934 9.
303 1879 422 1935 [676,
438 1879 500 1934 4.]
527 1878 584 1936 τῷ
611 1878 787 1919 δοθέντι.
840 1880 901 1918 Ita
939 1879 1207 1918 membranae.
1271 1874 1360 1933 Egi>
1398 1883 1488 1935 qui-

62 1935 154 1974 dem
181 1934 280 1989 quid
305 1935 381 1974 sibi
407 1933 505 1975 velit
519 1965 531 1983 ‚
561 1949 644 1975 non
672 1935 849 1988 intelligo
876 1942 915 1973 et
944 1948 1103 1987 prorsus
1130 1934 1259 1974 deleta
1281 1936 1401 1976 ambo
1421 1951 1486 1976 vo-

61 1989 207 2030 cabula
231 1988 409 2029 mallem.

167 2045 216 2084 Β.
247 2058 311 2083 11.
337 2043 451 2098 [676,
468 2042 528 2098 6.]
556 2042 728 2094 μεσέων.
788 2042 862 2081 Est
901 2057 974 2097 pro
1009 2042 1218 2093 μεσαίων,
1266 2050 1306 2082 et
1331 2045 1485 2096 acu-990-

58 2098 268 2150 κακαβὴον
307 2112 381 2152 pro
415 2096 786 2151 χυτροκακαβάον,
835 2111 944 2137 more
984 2111 1088 2136 novo
1126 2098 1313 2137 Graeciae
1346 2095 1484 2152 κύθρα

56 2168 131 2207 pro
155 2149 294 2206 χύτρα
309 2153 465 2192 dicendi
482 2182 494 2198 ,
538 2153 724 2202 cacabus,
753 2153 821 2204 qui
852 2154 1014 2206 chytrae
1040 2166 1108 2190 seu
1136 2152 1238 2192 ollae
1255 2153 1393 2192 similis
1411 2162 1487 2195 est.

56 2208 239 2302 glaeabus
269 2214 327 2246 est
353 2207 450 2246 alias
476 2206 667 2246 bulbosus
682 2237 692 2254 ‚
723 2206 791 2245 sed
819 2205 898 2246 olla
922 2208 1106 2260 gracilior
1133 2214 1172 2246 et
1201 2222 1327 2261 paene
1353 2209 1482 2263 cylin-

108 2277 182 2302 ica.

162 2318 210 2355 B.
231 2315 381 2368 penult.
414 2315 532 2370 [fi—6,
549 2314 615 2369 8.]
642 2316 991 2366 χαλκοσταμνιόυ.
1058 2315 1259 2365 Σταμνίον
1287 2324 1345 2356 est
1372 2317 1481 2369 quod

54 2385 128 2411 nos
153 2371 324 2410 Sciinder
347 2371 460 2424 appel
479 2385 590 2408 amus
605 2399 617 2419 ,
645 2371 775 2408 Latini
806 2371 994 2408 matulam
1010 2398 1021 2417 ‚
1052 2384 1121 2408 vas
1154 2372 1370 2410 rotundum
1397 2372 1478 2410 ori-

55 2425 132 2464 ficii
160 2426 421 2479 angustioris,
465 2424 576 2463 fundi
613 2423 778 2463 latioris.
836 2424 968 2464 Gloss.
1012 2424 1085 2464 Gr.
1118 2426 1232 2465 Lat.:
1263 2427 1474 2475 Mandata,

53 2475 274 2533 ἀρύταινα.
332 2479 555 2526 Macellum,
586 2477 799 2529 σταμνίον.

613 2543 634 2565 f
702 2543 723 2565 ἴ
853 2543 873 2565 t

159 2579 206 2617 C.
224 2578 266 2618 8.
297 2578 411 2633 [676,
440 2577 516 2631 15.]
546 2575 626 2617 ἀπο
653 2591 705 2616 κα
735 2593 867 2630 αρμα.
922 2578 982 2617 Ex
1019 2578 1094 2617 hoc
1122 2579 1338 2631 scripturae
1366 2593 1474 2619 com-

51 2632 195 2684 pendio
222 2633 332 2672 aliud
361 2632 461 2672 nihil
488 2632 702 2671 extundere
730 2633 838 2672 valui
876 2646 996 2684 quam
1025 2629 1106 2670 αἠὁ
1146 2634 1221 2671 τοῦ
1254 2633 1471 2674 κατεπάνω

49 2685 124 2724 τοῦ
151 2680 346 2737 ἅρματος.
403 2687 541 2726 Fuisse
568 2688 688 2725 armis
718 2687 957 2740 praefectum
986 2686 1158 2739 aliquem
1183 2687 1279 2726 olim
1307 2689 1346 2727 in
1378 2689 1468 2729 aula

51 2740 235 2787 CPtana,
266 2742 339 2780 sub
366 2742 477 2780 cuius
505 2741 758 2794 dispositione
784 2749 910 2780 essent
937 2756 1046 2780 arina
1074 2749 1114 2780 et
1139 2757 1338 2782 armorum
1374 2745 1470 2782 bor-

48 2807 163 2832 reum
178 2824 190 2846 ,
227 2795 394 2836 dubium
420 2796 577 2837 nullum
605 2803 678 2836 est.
745 2796 851 2835 Num
890 2804 1022 2836 autem
1052 2797 1265 2851 Cucepanus
1292 2798 1469 2838 Armau's
