1884 3132
284 137 396 194 358
560 153 780 195 1o.1Ac
821 155 1017 196 musxn
1060 153 1438 198 coMmNTAmi

279 261 405 300 tax-ica
441 258 779 297 conferruminare
812 258 920 298 haud
960 261 1016 299 ita
1058 259 1214 313 pridem
1241 259 1474 314 satagebant
1500 261 1644 309 assidui
1673 270 1713 303 et

280 315 382 354 „olei
384 321 440 352 tes
481 313 671 351 faciendis
707 313 917 367 proselytis
955 323 995 354 et
1021 315 1208 378 parandis
1232 315 1376 367 opibus
1402 316 1494 356 viri.
1550 316 1715 358 Festum

280 369 510 408 Nativitatis
539 367 688 406 eluisti
729 376 770 408 et
794 377 975 422 tempora
1004 371 1059 409 sic
1089 369 1184 409 dicti
1214 369 1426 410 Adventus
1454 377 1494 410 et
1531 370 1712 425 Epipha-

279 426 371 463 niae
398 422 596 461 debentur
625 423 786 463 Graecis
815 424 1053 478 gentilibus,
1081 439 1180 478 quos
1208 425 1421 465 credidisse
1449 440 1520 465 sua
1547 428 1716 467 numina

280 478 483 519 interdum
510 478 703 530 emigrare
731 478 833 526 alio,
865 480 957 519 dein
986 455 1159 519 reditum
1187 494 1349 533 paraie,
1378 481 1595 532 advenire,
1624 482 1717 521 red-

282 536 371 584 ir,e
402 547 658 586 compalmele,
688 537 839 574 nemini
868 534 978 574 latet.
1035 535 1151 574 Circa
1176 535 1274 574 haec
1304 538 1387 588 ipsa
1415 544 1611 590 tempora,
1626 551 1718 590 qui-

281 589 358 628 bus
400 588 562 627 ecclesia
590 588 690 628 festa
719 589 929 629 Adventus
967 598 1006 629 et
1043 590 1293 644 Epiphaniae
1322 591 1495 630 celebrat
1513 591 1718 644 ,Ephesii

283 644 382 684 olim
413 643 634 707 Timothei,
664 646 782 696 primi
802 646 995 698 Ephesini
1024 646 1225 700 episcopi,
1255 653 1434 700 tempore
1461 645 1714 698 xatayoe'yta,

283 700 438 739 reditus
477 701 519 738 in
562 698 705 738 urbem
732 701 886 740 Dianae
913 715 1008 740 suae
1035 675 1290 740 celebrabant
1318 700 1445 740 modis
1469 715 1494 741 a
1521 700 1618 740 ludo
1634 702 1719 740 Go-

284 754 394 793 thico
422 768 503 792 non
531 754 702 793 multum
722 755 1019 795 abludentibus.
1080 756 1200 807 Quod
1231 757 1373 796 festum
1393 771 1518 810 quum
1535 756 1719 796 inhibere

287 818 327 849 et
356 808 497 848 tolle1e
524 809 700 848 studeret
727 811 992 861 Timotheus,
1022 826 1045 850 a
1072 811 1358 851 bacchantibus
1386 811 1567 865 Ephesiis
1592 813 1719 851 truci-

287 865 405 904 datus
424 864 811 918 fuit.Ma1ty11um
840 869 872 904 ei
878 881 922 906 us
952 842 1101 906 histum
1128 867 1245 921 (apud
1273 868 1339 905 Du
1353 868 1490 920 Cange
1515 880 1557 906 v.
1575 867 1724 907 Kam-

286 915 430 983 γιόγια)
460 921 514 958 sic
542 933 626 957 rem
655 927 694 958 et
722 923 819 960 ritus
848 922 936 961 {esti
956 929 1116 961 nalrat:
1145 922 1215 973 τῆς
1245 921 1290 960 δὲ
1315 916 1512 975 Εφεσίως
1539 920 1720 986 λείψανα

286 971 349 1014 ἔτι
390 972 461 1026 τῆς
497 971 640 1037 πρώην
680 974 1003 1027 εἰδωλολατοίας
1044 976 1088 1016 ἐν
1125 980 1209 1023 τοῖς
1236 971 1281 1014 τὸ
1313 976 1538 1028 τηνικαῦτα
1567 972 1719 1042 ταύτην

287 1028 471 1068 οἰκοῦσιν
499 1023 674 1091 εχούσης
703 1028 988 1094 Καταγωγίων
1017 1026 1127 1070 οὕτω
1165 1031 1458 1083 καὶουμένων,
1499 1029 1558 1077 ὥς
1598 1028 1721 1070 αὐτοὶ

287 1080 378 1124 τότε
418 1079 616 1131 ἐκάλουν,
655 1078 804 1150 ἑοοτὴν
842 1085 887 1124 ἐν
931 1083 1107 1138 ἡμέραις
1144 1099 1251 1124 τισιν
1287 1061 1583 1125 ἐπιτελούντων
1617 1097 1720 1137 ποο-

289 1134 488 1201 σχήματα
523 1137 600 1187 μὲν
641 1136 806 1191 απρεπῆ
842 1135 1009 1186 ἑαυτοῖς
1041 1138 1344 1204 πεοιτιθὲντες,
1381 1137 1486 1203 πρὸς
1513 1138 1558 1178 δὲ
1586 1135 1632 1180 τὸ
1662 1154 1722 1204 μη

286 1187 590 1244 γιγνώσκεσθαι
628 1191 904 1256 προσωπείοις
941 1190 1323 1240 κατακαλύπτοντες
1349 1191 1400 1234 τὰ
1429 1188 1591 1234 ἑαυτῶν
1616 1191 1722 1247 πρό-

290 1261 440 1287 σωπα.
474 1244 637 1299 §onam
668 1261 709 1287 τε
738 1244 1060 1313 ἑπιφεροίμενοι
1096 1263 1165 1287 και
1204 1244 1365 1295 εἰκόνας
1402 1246 1612 1299 statuatur,
1651 1248 1730 1288 καί

291 1316 382 1341 τινα
411 1296 588 1368 ᾅσματα
609 1301 907 1350 α’ποκαλοῦιτες
927 1334 939 1354 ,
968 1299 1153 1350 ἐπιόντες
1181 1317 1225 1342 τε
1261 1299 1448 1350 ἀτάκτως
1484 1303 1724 1358 ἐλευθὲοοις

293 1341 476 1420 ἀνδράσι
515 1371 583 1395 και
627 1362 800 1423 σεμναῖς
842 1357 1058 1423 γυιαιξιν,
1097 1356 1252 1424 φόνους
1294 1355 1346 1396 ου
1391 1371 1490 1404 τους
1516 1357 1725 1421 τυχόντας

295 1408 562 1476 ἐργαζόμενοι
590 1409 663 1450 καί
692 1413 850 1464 πλνθος
879 1409 1067 1462 αιμιέτων
1097 1426 1305 1464 εκχεοντες
1324 1412 1368 1454 ἑν
1394 1415 1479 1458 τοῖς
1505 1407 1725 1465 ἐπισήμοις

291 1465 364 1517 τῆς
394 1461 552 1512 πόλεως
596 1461 752 1513 τόποις.
808 1468 924 1507 Conf.
953 1468 1157 1532 Menolog
1195 1467 1314 1507 Basil.
1344 1468 1394 1507 T.
1417 1468 1472 1506 11.
1499 1482 1541 1522 p.
1573 1466 1640 1520 24.
1672 1468 1724 1507 ad

292 1521 399 1562 diem
443 1522 583 1560 XXII.
617 1522 924 1577 Ianua1ii‚qui
955 1526 1147 1577 martyrio
1169 1523 1368 1562 Timothei
1398 1536 1508 1563 sacer
1536 1530 1608 1562 est.
1664 1523 1727 1563 Ut

290 1575 475 1628 Ephesiis
515 1575 568 1615 ob
609 1577 783 1617 ieditum
822 1581 974 1618 Dianae
1011 1578 1154 1618 licebat
1188 1577 1378 1617 hilaritati
1405 1592 1531 1631 usque
1558 1577 1610 1617 ad
1634 1591 1727 1617 ver-

290 1630 388 1670 bera
416 1638 456 1670 et
481 1632 619 1670 caedes
647 1632 822 1686 aliasque
854 1636 1016 1673 iniuiias
1044 1633 1279 1687 indulgere,
1311 1635 1366 1673 sic
1394 1632 1538 1672 licebat
1563 1647 1726 1686 quoque

294 1685 531 1725 ChiistIanis
560 1687 614 1725 ob
642 1687 788 1727 Chusti
816 1690 1031 1729 adventum
1060 1688 1305 1739 satuinalia,
1345 1688 1566 1739 brumalia,
1597 1695 1722 1738 vota,

295 1740 487 1779 Calendas
515 1742 747 1792 Ianuarias,
779 1743 896 1784 ludos
927 1745 1147 1791 Gothicos‚
1180 1743 1278 1782 festa
1306 1742 1550 1790 stultorum,
1580 1743 1725 1783 festum

293 1795 688 1849 hypodiaconoiQum
725 1799 999 1850 bar-batoiias,
1042 1798 1234 1852 Cyclopes
1274 1812 1404 1851 ager-e
1460 1797 1569 1848 Quid
1615 1799 1724 1837 enim

295 1850 404 1890 aliud
433 1851 623 1905 Cyclopes
641 1882 653 1904 ,
693 1868 815 1906 quam
843 1855 968 1908 pelliti
995 1854 1143 1902 Gothi,
1189 1853 1332 1892 milites
1360 1852 1550 1902 Roberti,
1594 1852 1726 1892 incar-

295 1907 379 1944 nati
407 1905 571 1946 diaboli
578 1911 596 1946 ?
652 1909 775 1958 Quod
795 1909 914 1950 hodie
933 1911 1078 1949 nostris
1097 1908 1276 1962 puerulis
1301 1907 1498 1946 terrendis
1525 1914 1727 1960 praestant

295 1960 518 2013 imaginaiii
549 1962 693 2003 milites
721 1964 886 2005 Roberti
909 1994 921 2015 ,
963 1971 1002 2003 et
1030 1965 1086 2002 sic
1112 1963 1207 2002 dicti
1234 1963 1457 2017 Popantze,
1490 1977 1560 2002 seu
1598 1961 1728 2002 lemu-

297 2029 360 2054 res
406 2023 474 2059 aut
502 2016 632 2056 Panes
669 2026 739 2058 aut
765 2028 919 2071 spectra
943 2032 1026 2057 uno
1063 2018 1212 2067 verbo,
1243 2017 1284 2055 id
1322 2024 1406 2055 erat
1423 1991 1519 2056 olim
1538 2017 1721 2071 Cyclops.

297 2069 359 2110 Ut
387 2070 437 2109 ad
465 2069 624 2111 illorum
668 2087 837 2125 spec1em
878 2076 919 2112 in
956 2073 1103 2112 somnis
1129 2072 1303 2112 oblatam
1321 2079 1585 2124 expavescunt
1600 2080 1639 2111 et
1657 2073 1729 2111 de-'

297 2125 436 2164 ficiunt
478 2127 635 2180 pueruli
667 2135 889 2177 nostrates,
925 2128 1071 2167 incubo
1106 2128 1309 2181 oppressi,
1355 2134 1660 2180 querunturque
1685 2141 1728 2167 se

295 2182 455 2220 teiritos
482 2195 506 2219 a
533 2181 659 2220 milite
686 2182 852 2222 Roberti
880 2183 1028 2234 fuisse,
1057 2184 1112 2222 ita
1141 2182 1237 2221 olim
1266 2182 1553 2220 caussabantur
1581 2181 1728 2236 Cyclo-

298 2248 404 2285 pem.
460 2236 564 2275 Hine
592 2238 696 2275 inter
723 2238 1012 2277 insomnimum
1040 2237 1318 2301 phantasmata
1336 2236 1472 2275 retulit
1500 2236 1728 2275 Artemido-

299 2303 367 2329 rus
404 2304 497 2342 pag.
531 2292 592 2330 13.
617 2306 656 2345 7.
712 2289 928 2332 Κύκλωπα
956 2291 1059 2332 ιδεῖν
1099 2285 1126 2343 ἢ
1164 2288 1208 2331 τὸ
1239 2284 1384 2344 ἄντρον
1413 2290 1561 2341 αὐτοῦ,
1589 2292 1724 2343 aitque

299 2344 342 2382 id
369 2345 589 2397 significare
614 2342 934 2399 παραλελυσθαι
962 2341 989 2399 ἢ
1005 2350 1152 2386 νοσεῖν.
1206 2347 1326 2398 Sane,
1350 2360 1468 2399 quem
1496 2345 1637 2385 medici
1664 2346 1729 2384 in-

299 2399 447 2439 cubum
480 2400 703 2453 appellant,
733 2402 878 2455 vulgus
906 2410 945 2442 et
971 2402 1141 2440 infantes
1168 2402 1281 2452 Alp,
1324 2402 1507 2455 Popantz
1553 2406 1592 2438 et
1619 2399 1697 2439 alia
1714 2430 1726 2448 ,

301 2461 452 2493 uteres
484 2456 726 2509 Cyclopem,
754 2457 917 2496 resolvit
945 2457 1055 2497 velut
1082 2464 1122 2496 et
1147 2458 1344 2496 exanimat
1363 2455 1542 2494 homines
1567 2460 1607 2493 et
1632 2468 1729 2508 pro-

300 2511 439 2547 steinit
466 2518 739 2551 momentanea
767 2512 964 2567 epilepsia.
1026 2512 1131 2551 Hinc
1158 2513 1240 2550 nati
1266 2510 1351 2550 ludi
1371 2510 1515 2563 nyclop
1517 2522 1556 2547 es
1577 2515 1618 2547 et
1650 2509 1730 2560 Cy-

304 2563 439 2615 clopea
476 2565 514 2602 di
507 2567 592 2614 ·cti,
633 2567 675 2604 in
714 2568 860 2619 quibus
898 2569 1109 2606 monstrosi
1148 2566 1306 2605 coclites
1333 2563 1492 2613 vultus,
1521 2563 1730 2602 terricula-

105 2617 168 2652 Ed.
181 2617 218 2650 L
241 2620 444 2655 {¹311}ch
472 2633 581 2658 mera
611 2622 955 2673 producebantui‚
999 2621 1234 2674 dequibus
1260 2634 1302 2659 v.
1334 2619 1509 2670 Inteipp.
1539 2618 1590 2656 ad
1625 2619 1729 2658 Hist.

303 2670 408 2720 Aug.
440 2672 489 2710 Τ.
519 2675 570 2713 11.
600 2690 642 2727 p.
660 2676 750 2715 206.
788 2685 827 2716 et
864 2676 958 2728 845.
985 2676 1174 2729 nullaque
1198 2687 1321 2728 paene
1353 2674 1392 2711 in
1424 2687 1468 2711 ie
1498 2672 1732 2712 differebant

304 2725 461 2765 Gothia·
490 2727 574 2768 ludi
604 2744 628 2770 a
655 2730 923 2784 Cyclopibus,
954 2732 1028 2770 nisi
1056 2733 1097 2770 in
1126 2743 1203 2781 eo,
1245 2728 1352 2783 quod
1379 2729 1421 2767 in
1450 2727 1628 2769 Gothicis
1656 2727 1730 2768 ho-
