1884 3132
200 163 277 206 An
314 161 617 206 cons‘rmr.
661 161 859 204 ponpa.
897 162 971 204 na
1004 161 1186 206 OEmm,
1233 163 1332 203 un.
1371 165 1405 203 1.
1449 143 1562 213 433

121 279 235 309 xcvo?
261 265 482 307 ὖπεὸίδου.
538 267 647 320 Ergo
686 267 839 307 calceos
875 281 957 306 non
986 267 1096 307 corio
1123 273 1309 319 tantum,
1340 266 1409 307 sed
1438 269 1560 308 etiam

122 324 266 377 pannis
289 323 424 363 sericis
450 322 616 375 aliisque
644 322 864 375 gestabant.

234 378 282 417 B.
303 376 480 432 9.[417,
503 377 567 431 7.]
596 376 669 416 καί
695 377 830 415 ταῦτα
857 375 934 426 μὲν
964 369 990 427 ἦ
1020 370 1262 429 α’ρχαιὸτης.
1301 376 1410 416 Haec
1436 378 1560 418 verba

126 438 168 471 et
194 447 297 486 quae
322 432 507 485 deinceps
535 446 661 485 usque
690 431 741 470 ad
771 431 890 470 finem
918 432 1057 482 capitis
1076 461 1086 481 ‚
1116 445 1198 470 non
1228 439 1322 470 sunt
1342 433 1451 472 Petri
1469 435 1560 472 Ma-

123 489 254 540 gistri,
277 488 390 526 euius
418 487 709 540 praecedentia,
739 486 809 525 sed
822 486 1069 525 Constantini
1084 485 1458 540 Porphyrogenneti
1488 495 1560 528 aut

127 541 214 581 eius
231 571 243 592 ‚
272 543 341 595 qui
367 555 442 595 pro
467 555 514 581 eo
542 541 787 594 compilavit.

233 596 280 635 Β.
309 611 369 636 ιο.
390 595 500 650 [4ι7,
521 594 581 650 8.]
611 596 655 635 ὲν
683 596 740 650 τῷ
767 591 933 651 ἱππικῷ.
988 594 1110 646 Quod
1137 595 1233 634 olim
1252 598 1416 636 vetustis
1434 598 1560 637 Grae-

127 651 184 691 cis
211 651 367 691 theatra
403 658 540 698 erant,
583 650 624 689 id
663 653 778 689 novis
811 659 925 690 crant
953 651 1065 692 circi.
1122 650 1201 690 Res
1233 665 1371 690 omnes
1399 654 1560 693 maioris

126 706 348 756 momenti,
386 719 488 759 quae
518 705 571 744 ad
602 705 792 758 populum
822 706 962 746 referri
991 705 1218 756 debebant,
1260 707 1302 744 in
1330 708 1436 746 circo
1464 722 1562 760 pro-

125 761 381 815 ponebantur
422 767 462 799 et
498 759 835 813 perficiebantur3
881 768 925 800 ut
950 761 1160 816 praecipue
1187 761 1327 800 elect10
1354 768 1394 800 et
1420 762 1562 802 homa-

125 817 237 870 gium
264 817 381 854 novis
409 815 720 868 Imperatoribus
748 815 942 855 debitum.
1000 814 1239 869 Exemplum
1266 815 1462 857 habemus
1490 818 1562 858 de-

126 872 263 924 inceps
306 871 348 909 in
391 870 603 909 Anastasio
641 871 789 910 Dicoro
819 871 894 910 hac
924 871 1008 925 ipsa
1036 872 1181 924 pagina
1210 871 1330 924 paulo
1365 872 1558 920 inferius,

54 938 68 952 ⁸
127 931 169 964 et
199 927 243 964 in
270 925 422 964 Iustino
435 925 598 964 Seniore
625 940 666 979 p.
691 925 785 977 248.
804 925 898 975 fine,
929 933 969 965 et
996 927 1038 964 in
1069 927 1204 965 Leone
1215 926 1376 966 Iuniore
1396 942 1439 980 p.
1463 927 1558 968 250.

128 987 169 1019 et
195 981 236 1018 in
269 979 465 1020 Michae’le
490 978 641 1029 Balbo,
670 980 720 1019 de
747 995 827 1033 quo
858 981 947 1021 vide
974 981 1144 1019 Cedren.
1163 995 1205 1034 p.
1226 981 1324 1022 533.
1354 981 1446 1023 fine.
1483 983 1564 1022 Pa-

126 1034 225 1074 riter
254 1035 296 1073 in
325 1034 440 1074 ltalia
465 1049 533 1074 rex
551 1035 911 1088 Longobardorum
937 1035 1199 1075 Adelwaldus
1227 1036 1268 1075 in
1295 1037 1403 1076 circo
1430 1037 1563 1077 Medi-

127 1089 309 1129 olanensi
335 1103 402 1128 rex
430 1090 506 1129 fuit
531 1089 724 1129 salutatus
741 1120 754 1142 ,
784 1098 883 1130 teste
901 1091 1064 1144 Sigonio
1092 1091 1142 1130 de
1160 1092 1211 1130 R.
1232 1091 1284 1130 lt.
1303 1104 1344 1144 p.
1369 1092 1438 1132 50.
1460 1093 1558 1143 (28).

127 1143 390 1208 ⁴¹[Gregorius
418 1145 664 1184 Turonensis
690 1160 734 1199 p.
757 1146 847 1200 157.
869 1161 881 1185 z
911 1146 1042 1199 Igitur
1058 1147 1249 1185 celebrato
1278 1147 1422 1186 iustitio
1441 1148 1563 1187 Mau-

127 1199 239 1238 neius
262 1199 417 1238 indmus
433 1200 655 1238 diademate
680 1210 721 1239 ec
732 1215 912 1255 purpura
937 1201 996 1239 ad
1013 1203 1155 1239 circum
1175 1203 1365 1255 processit
1380 1232 1392 1249 ‚
1430 1203 1565 1242 accla-

130 1255 320 1308 matisque
339 1255 414 1292 sibi
453 1254 650 1306 laudibus,
682 1256 835 1308 lat-gitis
858 1257 1008 1310 populo
1034 1257 1254 1294 muneribus
1276 1285 1288 1304 ‚
1323 1257 1366 1295 in
1395 1258 1564 1312 imperio

129 1307 443 1363 corfirmatzcr.]*
472 1309 624 1348 Eadem
654 1312 735 1363 ipsa
762 1325 888 1363 paene
915 1311 1037 1350 verba
1057 1311 1246 1363 leguntur
1262 1311 1369 1365 apud
1388 1312 1564 1352 Paulum

132 1361 437 1402 warneri—idum
467 1364 517 1402 de
545 1365 674 1403 Gestis
699 1365 954 1418 Longobard.
975 1366 1051 1404 111.
1077 1366 1157 1414 15„
1189 1365 1261 1404 ubi
1280 1365 1366 1405 vid.
1387 1367 1566 1407 Linden-

130 1415 248 1470 brog.
274 1418 461 1469 Antiquis
488 1419 733 1471 temporibus
761 1419 899 1458 electio
926 1427 1012 1459 tam
1036 1420 1078 1459 in
1108 1434 1250 1472 campo
1279 1420 1423 1468 fiebat,
1442 1436 1565 1476 quam

133 1473 177 1510 in
204 1474 322 1511 circo.
378 1473 574 1511 circensis
600 1481 685 1512 erat
712 1476 836 1527 magis
863 1474 1092 1527 popularis,
1120 1489 1314 1527 campana
1344 1477 1469 1528 magis
1487 1478 1565 1515 mi-

135 1524 279 1565 litaris.
336 1525 509 1579 Campus
541 1530 646 1566 enim
675 1535 760 1567 erat
800 1527 912 1567 velut
939 1530 1069 1581 imago
1109 1529 1270 1567 illorum
1309 1537 1532 1569 castrorum
1552 1561 1567 1583 ‚

133 1595 238 1633 quae
267 1581 418 1620 Romae
445 1581 542 1620 olim
568 1590 660 1622 ante
686 1582 797 1623 urbis
820 1584 977 1623 moenia
1003 1590 1118 1623 erant
1137 1613 1151 1637 ,
1178 1584 1222 1624 in
1249 1584 1395 1637 quibus
1420 1585 1567 1625 milites

135 1636 379 1688 praetoriani
404 1636 655 1677 habitabant.

246 1690 294 1729 C.
319 1689 604 1746 7.[417,15.]
646 1689 668 1730 ὄ
706 1690 780 1745 τῆς
819 1691 1018 1744 εὐσεβοῦς
1057 1688 1226 1744 λήξεως.
1278 1693 1356 1733 Res
1396 1696 1483 1747 ipsa
1524 1702 1566 1735 et

131 1742 236 1784 haec
263 1745 435 1784 formula
464 1760 623 1800 quoque
650 1747 810 1799 clamat,
836 1749 955 1787 etiam
982 1755 1103 1801 caput
1140 1747 1216 1787 hoc
1242 1748 1354 1789 Petri
1384 1751 1568 1803 Magistri

138 1813 226 1838 esse
241 1829 252 1848 ‚
292 1801 405 1839 cuius
452 1803 571 1840 etiam
611 1810 703 1841 sunt
738 1805 816 1842 tria
856 1803 1033 1855 proxime
1073 1804 1289 1855 sequentia.
1348 1804 1568 1857 Nunquam

137 1854 245 1892 enim
272 1854 458 1894 Graeculi
486 1852 525 1894 οἱ
555 1858 865 1909 κληρικομανεῐς
882 1888 894 1905 ,
923 1857 1174 1897 sacerdotum
1202 1858 1427 1910 mancipia,
1458 1860 1566 1898 deei-

136 1921 205 1946 mo
223 1909 381 1948 saeculo
410 1910 664 1950 Anastasium
691 1911 952 1965 appellassent
990 1914 1078 1966 piae
1105 1915 1220 1951 sortis
1250 1913 1536 1966 Imperatorem
1554 1943 1567 1966 ,

138 1963 209 2016 qui
237 1963 455 2016 deprimere
482 1980 624 2005 nasum
653 1968 779 2016 gentis
805 1966 1038 2007 ambitiosae
1064 1973 1181 2005 norat
1205 1960 1256 2005 εὖ
1280 1980 1326 2019 γε
1353 1967 1496 2008 ποιῶν.

249 2017 303 2056 D.
331 2018 500 2073 1.[417‚
531 2023 607 2075 17.]
646 2016 842 2073 ἄρχοντες
868 2021 942 2061 καί
967 2021 1240 2072 συγκλητικοὶ.
1295 2022 1469 2072 Quando
1499 2037 1566 2061 ar-

138 2070 304 2110 chontes
342 2080 382 2111 et
409 2074 610 2127 syncletici
636 2083 917 2129 opponuntur,
954 2075 1142 2115 videntur
1167 2075 1237 2114 illo
1264 2079 1426 2114 nomine
1454 2091 1569 2130 saga-

139 2127 201 2174 ti,
233 2123 271 2166 ot
297 2130 583 2179 στρατιωτικοί
596 2160 608 2181 ,
638 2130 716 2170 hoc
743 2138 875 2169 autem
903 2127 941 2169 οἱ
958 2130 1307 2183 χαρτουλαρικοί,
1336 2134 1395 2182 (ut
1412 2145 1455 2184 p.
1477 2132 1570 2183 243.

141 2179 198 2220 A.
225 2195 284 2220 ιο.
309 2182 561 2234 appellantur
575 2186 602 2234 ,)
643 2186 684 2224 id
721 2193 779 2224 oet
814 2187 938 2238 togati
976 2198 1190 2238 proceres3
1241 2186 1403 2238 quando
1431 2192 1567 2225 autem

141 2234 250 2277 nude
276 2236 486 2276 archontes
513 2245 552 2278 et
586 2240 786 2278 indefinite
816 2246 1116 2289 memorantur,
1146 2246 1193 2278 ut
1219 2253 1282 2279 vs.
1302 2240 1358 2279 D.
1380 2255 1438 2294 7.‚
1469 2254 1566 2294 pro-

140 2303 250 2329 ceres
277 2304 414 2331 omnes
440 2294 649 2346 utriusque
677 2296 830 2347 generis
857 2295 1071 2347 designari.

225 2344 319 2396 243.
341 2346 394 2384 A.
419 2361 455 2385 1.
472 2346 590 2400 [418,
610 2347 670 2402 8.]
698 2345 737 2387 οἱ
763 2343 839 2387 δύο
865 2344 1145 2399 πραιπόσιτοι.
1186 2347 1335 2401 Nempe
1360 2347 1568 2388 ambarum

142 2400 339 2452 partium,
369 2415 473 2440 unus
502 2402 700 2455 Augusti,
731 2402 831 2441 alter
861 2402 1080 2456 Augustae.

251 2454 296 2492 B.
325 2469 359 2494 1.
379 2455 491 2510 [418,
517 2456 594 2508 ι8.]
613 2453 730 2509 κύριε
760 2456 942 2508 ἐλέησον.
995 2458 1086 2496 Vox
1107 2456 1342 2496 Christianis
1369 2456 1444 2496 deo
1471 2471 1568 2510 sup-

143 2507 380 2559 plicantibus
415 2511 728 2564 frequentissima
747 2541 758 2557 ‚
818 2525 900 2550 non
934 2518 1067 2550 tamen
1102 2511 1348 2550 Christianae
1385 2511 1564 2564 originis.

148 2561 234 2601 Hac
263 2565 346 2616 ipsa
382 2567 489 2604 enim
524 2568 604 2604 iam
642 2565 807 2619 gentiles
847 2566 940 2604 deos
966 2581 1057 2605 suos
1084 2565 1405 2620 compellabant,
1447 2573 1493 2606 ut
1521 2581 1567 2606 ex

148 2615 308 2656 Arriani
338 2619 494 2663 dissert.
522 2621 653 2673 Epict.
677 2635 717 2672 p.
746 2619 835 2660 186.
863 2634 900 2658 c.
923 2620 991 2661 fin.
1018 2628 1187 2661 constat.

251 2672 297 2710 B.
319 2686 356 2711 2.
378 2674 491 2728 [418,
516 2675 600 2729 19.]
621 2670 844 2728 όρθόὸοξον
863 2675 1039 2725 βασιλέα
1065 2675 1116 2729 τῇ
1142 2673 1374 2729 οἰκουμένῃ.
1399 2674 1567 2714 Praeci-

148 2735 228 2776 pua
239 2739 335 2764 cura
346 2728 606 2779 Graecorum,
621 2743 666 2769 ex
683 2743 762 2783 quo
775 2730 895 2768 tricas
912 2729 1161 2771 sacerdotum
1178 2743 1368 2783 magnum
1385 2737 1570 2784 reputare

198 2800 456 2836 Constantinus
475 2804 650 2850 Porphyr.
681 2805 756 2840 Vol.
780 2804 828 2839 ΙΙ.
1264 2807 1311 2841 28
