<?xml version="1.0" encoding="UTF-8"?>
<!DOCTYPE html PUBLIC "-//W3C//DTD XHTML 1.0 Transitional//EN"
    "http://www.w3.org/TR/xhtml1/DTD/xhtml1-transitional.dtd">
<html xmlns="http://www.w3.org/1999/xhtml" xml:lang="en" lang="en">
 <head>
  <title>
</title>
<meta http-equiv="Content-Type" content="text/html;charset=utf-8" />
  <meta name='ocr-system' content='tesseract 3.04.00' />
  <meta name='ocr-capabilities' content='ocr_page ocr_carea ocr_par ocr_line ocrx_word'/>
</head>
<body>
  <div class='ocr_page' id='page_1' title='image "./corpusscriptorum08niebuoft_0037.png"; bbox 0 0 1826 3126; ppageno 0'>
   <div class='ocr_carea' id='block_1_1' title="bbox 207 191 1525 248">
    <p class='ocr_par' dir='ltr' id='par_1_1' title="bbox 207 191 1525 248">
     <span class='ocr_line' id='line_1_1' title="bbox 207 191 1525 248; baseline -0.009 -6"><span class='ocrx_word' id='word_1_1' title='bbox 207 199 283 242; x_wconf 78' lang='lat' dir='ltr'><strong>An</strong></span> <span class='ocrx_word' id='word_1_2' title='bbox 318 197 615 242; x_wconf 67' lang='lat' dir='ltr'><strong>consi-Am.</strong></span> <span class='ocrx_word' id='word_1_3' title='bbox 657 196 854 239; x_wconf 74' lang='lat' dir='ltr'><strong>ponpa.</strong></span> <span class='ocrx_word' id='word_1_4' title='bbox 892 195 965 236; x_wconf 80' lang='lat' dir='ltr'><strong>m:</strong></span> <span class='ocrx_word' id='word_1_5' title='bbox 1002 192 1203 236; x_wconf 33' lang='lat' dir='ltr'><strong>cenum*</strong></span> <span class='ocrx_word' id='word_1_6' title='bbox 1226 193 1325 234; x_wconf 78' lang='lat' dir='ltr'><strong>Lm.</strong></span> <span class='ocrx_word' id='word_1_7' title='bbox 1365 194 1398 233; x_wconf 92' lang='lat'><strong>1.</strong></span> <span class='ocrx_word' id='word_1_8' title='bbox 1450 191 1525 248; x_wconf 80' lang='lat'><strong>²9</strong></span> 
     </span>
    </p>
   </div>
   <div class='ocr_carea' id='block_1_2' title="bbox 23 291 1524 2829">
    <p class='ocr_par' dir='ltr' id='par_1_2' title="bbox 80 291 1524 847">
     <span class='ocr_line' id='line_1_2' title="bbox 89 291 1524 355; baseline -0.006 -12"><span class='ocrx_word' id='word_1_9' title='bbox 89 302 274 355; x_wconf 71' lang='grc' dir='ltr'><em>τεχνῶιὸ,</em></span> <span class='ocrx_word' id='word_1_10' title='bbox 315 302 398 342; x_wconf 76' lang='grc' dir='ltr'><strong>τῶν</strong></span> <span class='ocrx_word' id='word_1_11' title='bbox 425 314 470 339; x_wconf 80' lang='grc' dir='ltr'><strong>τε</strong></span> <span class='ocrx_word' id='word_1_12' title='bbox 499 299 547 339; x_wconf 76' lang='grc' dir='ltr'><strong>ἐκ</strong></span> <span class='ocrx_word' id='word_1_13' title='bbox 573 297 650 351; x_wconf 82' lang='grc' dir='ltr'><strong>τῆς</strong></span> <span class='ocrx_word' id='word_1_14' title='bbox 674 293 901 348; x_wconf 75' lang='grc' dir='ltr'><strong><em>συγκλήτου</em></strong></span> <span class='ocrx_word' id='word_1_15' title='bbox 941 295 1119 348; x_wconf 74' lang='grc' dir='ltr'><strong><em>βουλῆς,</em></strong></span> <span class='ocrx_word' id='word_1_16' title='bbox 1149 291 1224 333; x_wconf 74' lang='grc' dir='ltr'><strong>καὶ</strong></span> <span class='ocrx_word' id='word_1_17' title='bbox 1246 292 1320 334; x_wconf 75' lang='grc' dir='ltr'><strong>τοῦ</strong></span> <span class='ocrx_word' id='word_1_18' title='bbox 1345 292 1422 346; x_wconf 84' lang='grc' dir='ltr'><strong>τῆς</strong></span> <span class='ocrx_word' id='word_1_19' title='bbox 1446 293 1524 334; x_wconf 70' lang='lat' dir='ltr'><strong>mi-</strong></span> 
     </span>
     <span class='ocr_line' id='line_1_3' title="bbox 89 349 1523 409; baseline -0.007 -12"><span class='ocrx_word' id='word_1_20' title='bbox 89 359 194 403; x_wconf 76' lang='grc' dir='ltr'><strong><em>λεως</em></strong></span> <span class='ocrx_word' id='word_1_21' title='bbox 216 354 366 409; x_wconf 73' lang='grc' dir='ltr'><strong><em>δήμου.</em></strong></span> <span class='ocrx_word' id='word_1_22' title='bbox 422 355 556 394; x_wconf 89' lang='lat' dir='ltr'><strong>Habes</strong></span> <span class='ocrx_word' id='word_1_23' title='bbox 571 355 638 393; x_wconf 87' lang='lat' dir='ltr'><strong>hic</strong></span> <span class='ocrx_word' id='word_1_24' title='bbox 660 352 805 392; x_wconf 83' lang='lat' dir='ltr'><strong>milites</strong></span> <span class='ocrx_word' id='word_1_25' title='bbox 819 381 831 402; x_wconf 84' lang='lat'><strong><em>,</em></strong></span> <span class='ocrx_word' id='word_1_26' title='bbox 866 354 1037 390; x_wconf 89' lang='lat' dir='ltr'><strong>rusticos</strong></span> <span class='ocrx_word' id='word_1_27' title='bbox 1051 380 1063 400; x_wconf 88' lang='lat'><strong>‚</strong></span> <span class='ocrx_word' id='word_1_28' title='bbox 1100 349 1320 389; x_wconf 86' lang='lat' dir='ltr'><strong>sellularios</strong></span> <span class='ocrx_word' id='word_1_29' title='bbox 1336 349 1494 402; x_wconf 62' lang='lat' dir='ltr'><strong>opifices</strong></span> <span class='ocrx_word' id='word_1_30' title='bbox 1509 379 1523 401; x_wconf 92' lang='lat'>,</span> 
     </span>
     <span class='ocr_line' id='line_1_4' title="bbox 86 404 1523 466; baseline -0.006 -15"><span class='ocrx_word' id='word_1_31' title='bbox 86 419 271 451; x_wconf 82' lang='lat' dir='ltr'><strong>senatum</strong></span> <span class='ocrx_word' id='word_1_32' title='bbox 296 419 335 451; x_wconf 84' lang='lat' dir='ltr'><strong>et</strong></span> <span class='ocrx_word' id='word_1_33' title='bbox 361 410 554 466; x_wconf 86' lang='lat' dir='ltr'><strong>populum</strong></span> <span class='ocrx_word' id='word_1_34' title='bbox 570 409 697 447; x_wconf 86' lang='lat' dir='ltr'><strong>urbis.</strong></span> <span class='ocrx_word' id='word_1_35' title='bbox 754 406 879 445; x_wconf 85' lang='lat' dir='ltr'><strong>Forte</strong></span> <span class='ocrx_word' id='word_1_36' title='bbox 905 406 1089 458; x_wconf 81' lang='lat' dir='ltr'><strong>intelligit</strong></span> <span class='ocrx_word' id='word_1_37' title='bbox 1108 419 1179 458; x_wconf 89' lang='lat' dir='ltr'><strong>per</strong></span> <span class='ocrx_word' id='word_1_38' title='bbox 1195 404 1391 458; x_wconf 88' lang='lat' dir='ltr'><strong>populum</strong></span> <span class='ocrx_word' id='word_1_39' title='bbox 1408 404 1523 444; x_wconf 85' lang='lat' dir='ltr'><strong>urbis</strong></span> 
     </span>
     <span class='ocr_line' id='line_1_5' title="bbox 88 459 1524 520; baseline -0.004 -16"><span class='ocrx_word' id='word_1_40' title='bbox 88 466 340 520; x_wconf 86' lang='lat' dir='ltr'><strong>Nicephorus</strong></span> <span class='ocrx_word' id='word_1_41' title='bbox 372 465 471 512; x_wconf 81' lang='grc' dir='ltr'><strong>τούς</strong></span> <span class='ocrx_word' id='word_1_42' title='bbox 495 459 708 516; x_wconf 72' lang='grc' dir='ltr'><strong><em>κτήτορας,</em></strong></span> <span class='ocrx_word' id='word_1_43' title='bbox 737 475 987 516; x_wconf 77' lang='lat' dir='ltr'><strong>possessores,</strong></span> <span class='ocrx_word' id='word_1_44' title='bbox 1008 461 1134 500; x_wconf 89' lang='lat' dir='ltr'><strong>dictos</strong></span> <span class='ocrx_word' id='word_1_45' title='bbox 1147 490 1159 510; x_wconf 89' lang='lat'>,</span> <span class='ocrx_word' id='word_1_46' title='bbox 1194 461 1236 499; x_wconf 94' lang='lat' dir='ltr'><strong>id</strong></span> <span class='ocrx_word' id='word_1_47' title='bbox 1255 467 1314 500; x_wconf 90' lang='lat' dir='ltr'><strong>est</strong></span> <span class='ocrx_word' id='word_1_48' title='bbox 1340 459 1524 499; x_wconf 65' lang='lat' dir='ltr'><strong>homines</strong></span> 
     </span>
     <span class='ocr_line' id='line_1_6' title="bbox 85 515 1523 574; baseline -0.003 -14"><span class='ocrx_word' id='word_1_49' title='bbox 85 520 344 574; x_wconf 76' lang='lat' dir='ltr'><strong>elegantiores</strong></span> <span class='ocrx_word' id='word_1_50' title='bbox 361 551 374 572; x_wconf 83' lang='lat'>,</span> <span class='ocrx_word' id='word_1_51' title='bbox 417 520 650 573; x_wconf 76' lang='lat' dir='ltr'><strong>opulentos,</strong></span> <span class='ocrx_word' id='word_1_52' title='bbox 695 518 904 570; x_wconf 83' lang='lat' dir='ltr'><strong>optimates</strong></span> <span class='ocrx_word' id='word_1_53' title='bbox 919 545 931 566; x_wconf 88' lang='lat'>‚</span> <span class='ocrx_word' id='word_1_54' title='bbox 985 515 1131 568; x_wconf 91' lang='lat' dir='ltr'><strong>quibus</strong></span> <span class='ocrx_word' id='word_1_55' title='bbox 1164 517 1206 554; x_wconf 92' lang='lat' dir='ltr'><strong>in</strong></span> <span class='ocrx_word' id='word_1_56' title='bbox 1241 515 1343 554; x_wconf 90' lang='lat' dir='ltr'><strong>urbe</strong></span> <span class='ocrx_word' id='word_1_57' title='bbox 1378 516 1523 555; x_wconf 79' lang='lat' dir='ltr'><strong>domus</strong></span> 
     </span>
     <span class='ocr_line' id='line_1_7' title="bbox 83 570 1522 630; baseline -0.005 -15"><span class='ocrx_word' id='word_1_58' title='bbox 83 577 270 630; x_wconf 80' lang='lat' dir='ltr'><strong>propriae</strong></span> <span class='ocrx_word' id='word_1_59' title='bbox 293 583 333 615; x_wconf 85' lang='lat' dir='ltr'><strong>et</strong></span> <span class='ocrx_word' id='word_1_60' title='bbox 349 577 391 615; x_wconf 90' lang='lat' dir='ltr'><strong>in</strong></span> <span class='ocrx_word' id='word_1_61' title='bbox 409 576 514 629; x_wconf 84' lang='lat' dir='ltr'><strong>agris</strong></span> <span class='ocrx_word' id='word_1_62' title='bbox 538 573 701 628; x_wconf 86' lang='lat' dir='ltr'><strong>praedia</strong></span> <span class='ocrx_word' id='word_1_63' title='bbox 726 579 880 621; x_wconf 87' lang='lat' dir='ltr'><strong>essent,</strong></span> <span class='ocrx_word' id='word_1_64' title='bbox 916 572 1097 610; x_wconf 85' lang='lat' dir='ltr'><strong>homines</strong></span> <span class='ocrx_word' id='word_1_65' title='bbox 1124 570 1358 623; x_wconf 81' lang='lat' dir='ltr'><strong>peculiatOS.</strong></span> <span class='ocrx_word' id='word_1_66' title='bbox 1414 570 1522 609; x_wconf 86' lang='lat' dir='ltr'><strong>Con-</strong></span> 
     </span>
     <span class='ocr_line' id='line_1_8' title="bbox 82 626 1523 680; baseline -0.006 -9"><span class='ocrx_word' id='word_1_67' title='bbox 82 637 163 670; x_wconf 79' lang='lat' dir='ltr'><strong>stat</strong></span> <span class='ocrx_word' id='word_1_68' title='bbox 177 638 312 671; x_wconf 84' lang='lat' dir='ltr'><strong>tamen</strong></span> <span class='ocrx_word' id='word_1_69' title='bbox 329 630 517 679; x_wconf 85' lang='lat' dir='ltr'><strong>aliunde,</strong></span> <span class='ocrx_word' id='word_1_70' title='bbox 554 636 594 668; x_wconf 90' lang='lat' dir='ltr'><strong>et</strong></span> <span class='ocrx_word' id='word_1_71' title='bbox 610 629 747 677; x_wconf 81' lang='lat' dir='ltr'><strong>exiis,</strong></span> <span class='ocrx_word' id='word_1_72' title='bbox 783 641 886 680; x_wconf 89' lang='lat' dir='ltr'><strong>quae</strong></span> <span class='ocrx_word' id='word_1_73' title='bbox 913 626 1033 680; x_wconf 87' lang='lat' dir='ltr'><strong>paulo</strong></span> <span class='ocrx_word' id='word_1_74' title='bbox 1061 633 1150 678; x_wconf 90' lang='lat' dir='ltr'><strong>post</strong></span> <span class='ocrx_word' id='word_1_75' title='bbox 1177 626 1387 675; x_wconf 85' lang='lat' dir='ltr'><strong>dicentur,</strong></span> <span class='ocrx_word' id='word_1_76' title='bbox 1423 640 1523 664; x_wconf 88' lang='lat' dir='ltr'><strong>con-</strong></span> 
     </span>
     <span class='ocr_line' id='line_1_9' title="bbox 81 680 1520 737; baseline -0.003 -13"><span class='ocrx_word' id='word_1_77' title='bbox 81 685 202 725; x_wconf 79' lang='lat' dir='ltr'><strong>stabit</strong></span> <span class='ocrx_word' id='word_1_78' title='bbox 215 715 228 736; x_wconf 88' lang='lat'>,</span> <span class='ocrx_word' id='word_1_79' title='bbox 261 682 361 733; x_wconf 71' lang='grc' dir='ltr'><strong>τούς</strong></span> <span class='ocrx_word' id='word_1_80' title='bbox 388 681 571 737; x_wconf 80' lang='grc' dir='ltr'><strong><em>δημότας</em></strong></span> <span class='ocrx_word' id='word_1_81' title='bbox 587 714 600 734; x_wconf 83' lang='grc'>,</span> <span class='ocrx_word' id='word_1_82' title='bbox 634 697 736 737; x_wconf 89' lang='lat' dir='ltr'><strong>quos</strong></span> <span class='ocrx_word' id='word_1_83' title='bbox 769 682 943 735; x_wconf 79' lang='lat' dir='ltr'><strong>gregales</strong></span> <span class='ocrx_word' id='word_1_84' title='bbox 978 688 1048 719; x_wconf 88' lang='lat' dir='ltr'><strong>aut</strong></span> <span class='ocrx_word' id='word_1_85' title='bbox 1064 682 1309 732; x_wconf 79' lang='lat' dir='ltr'><strong>sactionales</strong></span> <span class='ocrx_word' id='word_1_86' title='bbox 1344 680 1520 732; x_wconf 85' lang='lat' dir='ltr'><strong>appella-</strong></span> 
     </span>
     <span class='ocr_line' id='line_1_10' title="bbox 80 735 1521 794; baseline -0.005 -14"><span class='ocrx_word' id='word_1_87' title='bbox 80 740 214 780; x_wconf 77' lang='lat' dir='ltr'><strong>bimus</strong></span> <span class='ocrx_word' id='word_1_88' title='bbox 231 770 243 791; x_wconf 90' lang='lat'>‚</span> <span class='ocrx_word' id='word_1_89' title='bbox 279 755 352 794; x_wconf 87' lang='lat' dir='ltr'><strong>pro</strong></span> <span class='ocrx_word' id='word_1_90' title='bbox 368 741 439 779; x_wconf 77' lang='lat' dir='ltr'><strong>vili</strong></span> <span class='ocrx_word' id='word_1_91' title='bbox 457 740 637 778; x_wconf 87' lang='lat' dir='ltr'><strong>indotata</strong></span> <span class='ocrx_word' id='word_1_92' title='bbox 663 738 778 792; x_wconf 86' lang='lat' dir='ltr'><strong>plebe</strong></span> <span class='ocrx_word' id='word_1_93' title='bbox 807 738 1043 790; x_wconf 87' lang='lat' dir='ltr'><strong>plerumque</strong></span> <span class='ocrx_word' id='word_1_94' title='bbox 1071 736 1261 785; x_wconf 83' lang='lat' dir='ltr'><strong>traduci,</strong></span> <span class='ocrx_word' id='word_1_95' title='bbox 1298 742 1338 775; x_wconf 90' lang='lat' dir='ltr'><strong>et</strong></span> <span class='ocrx_word' id='word_1_96' title='bbox 1369 735 1422 773; x_wconf 90' lang='lat' dir='ltr'><strong>ab</strong></span> <span class='ocrx_word' id='word_1_97' title='bbox 1441 735 1521 774; x_wconf 86' lang='lat' dir='ltr'><strong>illis</strong></span> 
     </span>
     <span class='ocr_line' id='line_1_11' title="bbox 185 790 1521 847; baseline -0.004 -12"><span class='ocrx_word' id='word_1_98' title='bbox 185 797 351 835; x_wconf 80' lang='lat' dir='ltr'><strong>sson‘bus</strong></span> <span class='ocrx_word' id='word_1_99' title='bbox 386 795 502 834; x_wconf 89' lang='lat' dir='ltr'><strong>dictis</strong></span> <span class='ocrx_word' id='word_1_100' title='bbox 519 794 726 847; x_wconf 83' lang='lat' dir='ltr'><strong>distingui.</strong></span> <span class='ocrx_word' id='word_1_101' title='bbox 784 792 1044 831; x_wconf 85' lang='lat' dir='ltr'><strong>Luculentius</strong></span> <span class='ocrx_word' id='word_1_102' title='bbox 1063 791 1183 844; x_wconf 84' lang='lat' dir='ltr'><strong>igitur</strong></span> <span class='ocrx_word' id='word_1_103' title='bbox 1199 791 1308 830; x_wconf 91' lang='lat' dir='ltr'><strong>idem</strong></span> <span class='ocrx_word' id='word_1_104' title='bbox 1326 790 1521 843; x_wconf 85' lang='lat' dir='ltr'><strong>Nicepho-</strong></span> 
     </span>
    </p>

    <p class='ocr_par' dir='ltr' id='par_1_3' title="bbox 23 841 1522 2829">
     <span class='ocr_line' id='line_1_12' title="bbox 78 841 1522 904; baseline -0.004 -14"><span class='ocrx_word' id='word_1_105' title='bbox 78 864 149 889; x_wconf 85' lang='lat' dir='ltr'><strong>rus</strong></span> <span class='ocrx_word' id='word_1_106' title='bbox 165 865 208 904; x_wconf 88' lang='lat' dir='ltr'><strong>p.</strong></span> <span class='ocrx_word' id='word_1_107' title='bbox 229 850 324 890; x_wconf 82' lang='lat'><strong>215.</strong></span> <span class='ocrx_word' id='word_1_108' title='bbox 344 865 381 897; x_wconf 87' lang='lat' dir='ltr'><strong>c.</strong></span> <span class='ocrx_word' id='word_1_109' title='bbox 401 851 470 889; x_wconf 88' lang='lat' dir='ltr'><strong>fin.</strong></span> <span class='ocrx_word' id='word_1_110' title='bbox 503 849 731 888; x_wconf 86' lang='lat' dir='ltr'><strong>sactionales</strong></span> <span class='ocrx_word' id='word_1_111' title='bbox 749 863 773 887; x_wconf 90' lang='lat' dir='ltr'><strong>a</strong></span> <span class='ocrx_word' id='word_1_112' title='bbox 789 848 945 887; x_wconf 87' lang='lat' dir='ltr'><strong>civibus</strong></span> <span class='ocrx_word' id='word_1_113' title='bbox 975 847 1208 900; x_wconf 83' lang='lat' dir='ltr'><strong>distinguit:</strong></span> <span class='ocrx_word' id='word_1_114' title='bbox 1258 841 1333 893; x_wconf 73' lang='grc' dir='ltr'><strong>οὓς</strong></span> <span class='ocrx_word' id='word_1_115' title='bbox 1365 843 1522 897; x_wconf 55' lang='lat' dir='ltr'><strong>§myrei-</strong></span> 
     </span>
     <span class='ocr_line' id='line_1_13' title="bbox 76 899 1520 958; baseline -0.004 -13"><span class='ocrx_word' id='word_1_116' title='bbox 76 905 277 956; x_wconf 55' lang='lat' dir='ltr'><strong>ysro‘nfiv</strong></span> <span class='ocrx_word' id='word_1_117' title='bbox 297 903 594 958; x_wconf 78' lang='grc' dir='ltr'><strong><em>ἐζωγρημένων</em></strong></span> <span class='ocrx_word' id='word_1_118' title='bbox 626 908 712 951; x_wconf 84' lang='grc' dir='ltr'><strong><em>τοῖς</em></strong></span> <span class='ocrx_word' id='word_1_119' title='bbox 743 916 787 943; x_wconf 84' lang='grc' dir='ltr'><strong>τε</strong></span> <span class='ocrx_word' id='word_1_120' title='bbox 811 903 1002 949; x_wconf 75' lang='grc' dir='ltr'><strong><em>πολίταις</em></strong></span> <span class='ocrx_word' id='word_1_121' title='bbox 1021 899 1096 940; x_wconf 74' lang='grc' dir='ltr'><strong>καὶ</strong></span> <span class='ocrx_word' id='word_1_122' title='bbox 1116 906 1201 948; x_wconf 85' lang='grc' dir='ltr'><strong><em>τοῖς</em></strong></span> <span class='ocrx_word' id='word_1_123' title='bbox 1223 901 1269 941; x_wconf 80' lang='grc' dir='ltr'><strong>ἐκ</strong></span> <span class='ocrx_word' id='word_1_124' title='bbox 1292 901 1375 940; x_wconf 79' lang='grc' dir='ltr'><strong>τῶν</strong></span> <span class='ocrx_word' id='word_1_125' title='bbox 1403 901 1520 951; x_wconf 59' lang='lat'><strong><em>2370-</em></strong></span> 
     </span>
     <span class='ocr_line' id='line_1_14' title="bbox 75 955 1519 1012; baseline -0.003 -14"><span class='ocrx_word' id='word_1_126' title='bbox 75 958 212 1009; x_wconf 83' lang='grc' dir='ltr'><strong><em>μένων</em></strong></span> <span class='ocrx_word' id='word_1_127' title='bbox 229 957 468 1012; x_wconf 76' lang='grc' dir='ltr'><em>χρωμάτων</em></span> <span class='ocrx_word' id='word_1_128' title='bbox 500 956 703 1012; x_wconf 77' lang='grc' dir='ltr'><strong><em>δημόταις</em></strong></span> <span class='ocrx_word' id='word_1_129' title='bbox 730 958 1032 1007; x_wconf 71' lang='grc' dir='ltr'><strong>παραδίδωσιν.</strong></span> <span class='ocrx_word' id='word_1_130' title='bbox 1090 957 1317 996; x_wconf 88' lang='lat' dir='ltr'><strong>Chronicon</strong></span> <span class='ocrx_word' id='word_1_131' title='bbox 1342 955 1519 994; x_wconf 81' lang='lat' dir='ltr'><strong>Alexan-</strong></span> 
     </span>
     <span class='ocr_line' id='line_1_15' title="bbox 76 1007 1518 1065; baseline -0.002 -13"><span class='ocrx_word' id='word_1_132' title='bbox 76 1014 184 1054; x_wconf 89' lang='lat' dir='ltr'><strong>drin.</strong></span> <span class='ocrx_word' id='word_1_133' title='bbox 214 1029 321 1054; x_wconf 85' lang='lat' dir='ltr'><strong>anno</strong></span> <span class='ocrx_word' id='word_1_134' title='bbox 345 1029 407 1054; x_wconf 78' lang='grc' dir='ltr'><strong>ιι.</strong></span> <span class='ocrx_word' id='word_1_135' title='bbox 439 1014 640 1054; x_wconf 86' lang='lat' dir='ltr'><strong>Heraclii:</strong></span> <span class='ocrx_word' id='word_1_136' title='bbox 696 1011 804 1064; x_wconf 78' lang='grc' dir='ltr'><strong>μετά</strong></span> <span class='ocrx_word' id='word_1_137' title='bbox 832 1027 954 1052; x_wconf 78' lang='grc' dir='ltr'><em>τινων</em></span> <span class='ocrx_word' id='word_1_138' title='bbox 976 1007 1190 1065; x_wconf 74' lang='grc' dir='ltr'><strong>ἀρχόντων</strong></span> <span class='ocrx_word' id='word_1_139' title='bbox 1222 1009 1301 1051; x_wconf 83' lang='grc' dir='ltr'><strong>καί</strong></span> <span class='ocrx_word' id='word_1_140' title='bbox 1318 1024 1439 1050; x_wconf 79' lang='grc' dir='ltr'><em>τινων</em></span> <span class='ocrx_word' id='word_1_141' title='bbox 1467 1007 1518 1049; x_wconf 77' lang='grc' dir='ltr'><strong>οὖ</strong></span> 
     </span>
     <span class='ocr_line' id='line_1_16' title="bbox 74 1065 1517 1123; baseline -0.002 -16"><span class='ocrx_word' id='word_1_142' title='bbox 74 1066 206 1119; x_wconf 73' lang='grc' dir='ltr'><strong><em>μόνον</em></strong></span> <span class='ocrx_word' id='word_1_143' title='bbox 225 1066 431 1123; x_wconf 69' lang='grc' dir='ltr'><strong>κτητόρων</strong></span> <span class='ocrx_word' id='word_1_144' title='bbox 452 1069 526 1109; x_wconf 81' lang='grc' dir='ltr'>καί</span> <span class='ocrx_word' id='word_1_145' title='bbox 548 1070 777 1122; x_wconf 77' lang='grc' dir='ltr'><strong>κληρικαῖν,</strong></span> <span class='ocrx_word' id='word_1_146' title='bbox 818 1065 925 1108; x_wconf 76' lang='grc' dir='ltr'><strong>ἀλλὰ</strong></span> <span class='ocrx_word' id='word_1_147' title='bbox 954 1065 1035 1120; x_wconf 74' lang='grc' dir='ltr'><strong>γὰρ</strong></span> <span class='ocrx_word' id='word_1_148' title='bbox 1063 1066 1137 1107; x_wconf 80' lang='grc' dir='ltr'><em>καί</em></span> <span class='ocrx_word' id='word_1_149' title='bbox 1174 1066 1517 1119; x_wconf 76' lang='grc' dir='ltr'><strong>ἐργαστηριακῶν</strong></span> 
     </span>
     <span class='ocr_line' id='line_1_17' title="bbox 77 1113 1517 1176; baseline -0.001 -15"><span class='ocrx_word' id='word_1_150' title='bbox 77 1121 151 1162; x_wconf 75' lang='grc' dir='ltr'><strong>καὶ</strong></span> <span class='ocrx_word' id='word_1_151' title='bbox 187 1124 390 1176; x_wconf 79' lang='grc' dir='ltr'><strong><em>δημωτῶν</em></strong></span> <span class='ocrx_word' id='word_1_152' title='bbox 427 1123 471 1172; x_wconf 80' lang='grc' dir='ltr'><strong>ἐξ</strong></span> <span class='ocrx_word' id='word_1_153' title='bbox 508 1119 707 1175; x_wconf 71' lang='grc' dir='ltr'><strong><em>ἑκατέρου</em></strong></span> <span class='ocrx_word' id='word_1_154' title='bbox 744 1124 910 1175; x_wconf 74' lang='grc' dir='ltr'><strong><em>μέρους.</em></strong></span> <span class='ocrx_word' id='word_1_155' title='bbox 968 1123 1173 1162; x_wconf 85' lang='lat' dir='ltr'><strong>Habemus</strong></span> <span class='ocrx_word' id='word_1_156' title='bbox 1201 1123 1267 1161; x_wconf 88' lang='lat' dir='ltr'><strong>hic</strong></span> <span class='ocrx_word' id='word_1_157' title='bbox 1301 1120 1399 1168; x_wconf 77' lang='grc' dir='ltr'><strong><em>τοὺς</em></strong></span> <span class='ocrx_word' id='word_1_158' title='bbox 1435 1113 1517 1173; x_wconf 75' lang='grc' dir='ltr'><strong>ἆρ-</strong></span> 
     </span>
     <span class='ocr_line' id='line_1_18' title="bbox 72 1174 1516 1232; baseline -0.001 -15"><span class='ocrx_word' id='word_1_159' title='bbox 72 1190 240 1229; x_wconf 54' lang='lat' dir='ltr'><strong>zonae,</strong></span> <span class='ocrx_word' id='word_1_160' title='bbox 275 1179 428 1220; x_wconf 64' lang='lat' dir='ltr'><strong>nobiles</strong></span> <span class='ocrx_word' id='word_1_161' title='bbox 446 1187 486 1219; x_wconf 92' lang='lat' dir='ltr'><strong>et</strong></span> <span class='ocrx_word' id='word_1_162' title='bbox 506 1193 688 1232; x_wconf 85' lang='lat' dir='ltr'><strong>proceres</strong></span> <span class='ocrx_word' id='word_1_163' title='bbox 706 1179 855 1218; x_wconf 85' lang='lat' dir='ltr'><strong>aulicos</strong></span> <span class='ocrx_word' id='word_1_164' title='bbox 869 1207 880 1227; x_wconf 82' lang='lat'>‚</span> <span class='ocrx_word' id='word_1_165' title='bbox 917 1178 1060 1218; x_wconf 88' lang='lat' dir='ltr'><strong>deinde</strong></span> <span class='ocrx_word' id='word_1_166' title='bbox 1078 1175 1175 1224; x_wconf 79' lang='grc' dir='ltr'><strong>τούς</strong></span> <span class='ocrx_word' id='word_1_167' title='bbox 1201 1174 1419 1229; x_wconf 73' lang='grc' dir='ltr'><strong><em>κτήτορας,</em></strong></span> <span class='ocrx_word' id='word_1_168' title='bbox 1455 1177 1516 1216; x_wconf 83' lang='lat' dir='ltr'><strong>ci-</strong></span> 
     </span>
     <span class='ocr_line' id='line_1_19' title="bbox 74 1232 1515 1288; baseline -0.001 -16"><span class='ocrx_word' id='word_1_169' title='bbox 74 1246 144 1272; x_wconf 82' lang='lat' dir='ltr'><strong>ves</strong></span> <span class='ocrx_word' id='word_1_170' title='bbox 173 1234 360 1274; x_wconf 81' lang='lat' dir='ltr'><strong>lautiores</strong></span> <span class='ocrx_word' id='word_1_171' title='bbox 375 1264 387 1286; x_wconf 94' lang='lat'>,</span> <span class='ocrx_word' id='word_1_172' title='bbox 420 1235 510 1274; x_wconf 89' lang='lat' dir='ltr'><strong>illos</strong></span> <span class='ocrx_word' id='word_1_173' title='bbox 527 1264 539 1285; x_wconf 88' lang='lat'>‚</span> <span class='ocrx_word' id='word_1_174' title='bbox 575 1236 647 1288; x_wconf 91' lang='lat' dir='ltr'><strong>qui</strong></span> <span class='ocrx_word' id='word_1_175' title='bbox 670 1234 767 1273; x_wconf 89' lang='lat' dir='ltr'><strong>olim</strong></span> <span class='ocrx_word' id='word_1_176' title='bbox 785 1236 827 1272; x_wconf 92' lang='lat' dir='ltr'><strong>in</strong></span> <span class='ocrx_word' id='word_1_177' title='bbox 854 1233 990 1274; x_wconf 84' lang='lat' dir='ltr'><strong>liberis</strong></span> <span class='ocrx_word' id='word_1_178' title='bbox 1017 1234 1137 1273; x_wconf 88' lang='lat' dir='ltr'><strong>rebus</strong></span> <span class='ocrx_word' id='word_1_179' title='bbox 1161 1232 1331 1286; x_wconf 88' lang='lat' dir='ltr'><strong>publicis</strong></span> <span class='ocrx_word' id='word_1_180' title='bbox 1350 1233 1515 1272; x_wconf 87' lang='lat' dir='ltr'><strong>Graecis</strong></span> 
     </span>
     <span class='ocr_line' id='line_1_20' title="bbox 76 1285 1514 1343; baseline 0 -17"><span class='ocrx_word' id='word_1_181' title='bbox 76 1295 116 1326; x_wconf 88' lang='lat' dir='ltr'><strong>et</strong></span> <span class='ocrx_word' id='word_1_182' title='bbox 141 1288 328 1329; x_wconf 81' lang='lat' dir='ltr'><strong>Asiaticis</strong></span> <span class='ocrx_word' id='word_1_183' title='bbox 360 1285 664 1343; x_wconf 75' lang='grc' dir='ltr'><strong><em>ἐλειτούργουν,</em></strong></span> <span class='ocrx_word' id='word_1_184' title='bbox 698 1303 820 1329; x_wconf 91' lang='lat' dir='ltr'><strong>onera</strong></span> <span class='ocrx_word' id='word_1_185' title='bbox 845 1289 1006 1342; x_wconf 89' lang='lat' dir='ltr'><strong>publica</strong></span> <span class='ocrx_word' id='word_1_186' title='bbox 1023 1288 1288 1341; x_wconf 84' lang='lat' dir='ltr'><strong>suscipiebant</strong></span> <span class='ocrx_word' id='word_1_187' title='bbox 1313 1287 1486 1341; x_wconf 87' lang='lat' dir='ltr'><strong>gerenda</strong></span> <span class='ocrx_word' id='word_1_188' title='bbox 1499 1320 1514 1341; x_wconf 79' lang='lat'>‚</span> 
     </span>
     <span class='ocr_line' id='line_1_21' title="bbox 73 1344 1513 1399; baseline -0.001 -16"><span class='ocrx_word' id='word_1_189' title='bbox 73 1350 120 1382; x_wconf 88' lang='lat' dir='ltr'><strong>ut</strong></span> <span class='ocrx_word' id='word_1_190' title='bbox 134 1344 267 1384; x_wconf 88' lang='lat' dir='ltr'><strong>alendi</strong></span> <span class='ocrx_word' id='word_1_191' title='bbox 286 1347 485 1399; x_wconf 84' lang='lat' dir='ltr'><strong>equitatus</strong></span> <span class='ocrx_word' id='word_1_192' title='bbox 499 1375 512 1394; x_wconf 86' lang='lat'>‚</span> <span class='ocrx_word' id='word_1_193' title='bbox 530 1345 801 1392; x_wconf 52' lang='lat' dir='ltr'><strong>&gt;instruendae</strong></span> <span class='ocrx_word' id='word_1_194' title='bbox 831 1344 964 1385; x_wconf 88' lang='lat' dir='ltr'><strong>classis</strong></span> <span class='ocrx_word' id='word_1_195' title='bbox 990 1347 1167 1384; x_wconf 87' lang='lat' dir='ltr'><strong>marinae</strong></span> <span class='ocrx_word' id='word_1_196' title='bbox 1180 1373 1193 1394; x_wconf 88' lang='lat'>‚</span> <span class='ocrx_word' id='word_1_197' title='bbox 1229 1351 1271 1383; x_wconf 90' lang='lat' dir='ltr'><strong>et</strong></span> <span class='ocrx_word' id='word_1_198' title='bbox 1287 1344 1344 1383; x_wconf 90' lang='lat' dir='ltr'><strong>sic</strong></span> <span class='ocrx_word' id='word_1_199' title='bbox 1360 1357 1480 1396; x_wconf 87' lang='lat' dir='ltr'><strong>porro</strong></span> <span class='ocrx_word' id='word_1_200' title='bbox 1498 1360 1513 1396; x_wconf 85' lang='lat'>;</span> 
     </span>
     <span class='ocr_line' id='line_1_22' title="bbox 72 1396 1512 1454; baseline 0.001 -18"><span class='ocrx_word' id='word_1_201' title='bbox 72 1404 160 1437; x_wconf 86' lang='lat' dir='ltr'><strong>tum</strong></span> <span class='ocrx_word' id='word_1_202' title='bbox 188 1399 376 1450; x_wconf 85' lang='lat' dir='ltr'><strong>clericos,</strong></span> <span class='ocrx_word' id='word_1_203' title='bbox 412 1407 549 1454; x_wconf 88' lang='lat' dir='ltr'><strong>postea</strong></span> <span class='ocrx_word' id='word_1_204' title='bbox 581 1396 679 1446; x_wconf 76' lang='grc' dir='ltr'><strong>τούς</strong></span> <span class='ocrx_word' id='word_1_205' title='bbox 706 1397 1077 1452; x_wconf 71' lang='grc' dir='ltr'><em>ἐργαστηριακούς,</em></span> <span class='ocrx_word' id='word_1_206' title='bbox 1105 1414 1186 1453; x_wconf 90' lang='lat' dir='ltr'><strong>quo</strong></span> <span class='ocrx_word' id='word_1_207' title='bbox 1203 1399 1366 1438; x_wconf 88' lang='lat' dir='ltr'><strong>nomine</strong></span> <span class='ocrx_word' id='word_1_208' title='bbox 1381 1400 1512 1438; x_wconf 88' lang='lat' dir='ltr'><strong>conti-</strong></span> 
     </span>
     <span class='ocr_line' id='line_1_23' title="bbox 71 1454 1512 1509; baseline 0.001 -17"><span class='ocrx_word' id='word_1_209' title='bbox 71 1461 220 1493; x_wconf 87' lang='lat' dir='ltr'><strong>nentur</strong></span> <span class='ocrx_word' id='word_1_210' title='bbox 252 1469 390 1494; x_wconf 90' lang='lat' dir='ltr'><strong>omnes</strong></span> <span class='ocrx_word' id='word_1_211' title='bbox 405 1485 417 1506; x_wconf 91' lang='lat'>‚</span> <span class='ocrx_word' id='word_1_212' title='bbox 450 1457 520 1509; x_wconf 92' lang='lat' dir='ltr'><strong>qui</strong></span> <span class='ocrx_word' id='word_1_213' title='bbox 558 1457 600 1494; x_wconf 90' lang='lat' dir='ltr'><strong>in</strong></span> <span class='ocrx_word' id='word_1_214' title='bbox 634 1455 810 1494; x_wconf 84' lang='lat' dir='ltr'><strong>tabernis</strong></span> <span class='ocrx_word' id='word_1_215' title='bbox 844 1456 982 1494; x_wconf 82' lang='lat' dir='ltr'><strong>sedent</strong></span> <span class='ocrx_word' id='word_1_216' title='bbox 1014 1455 1184 1508; x_wconf 90' lang='lat' dir='ltr'><strong>publicis</strong></span> <span class='ocrx_word' id='word_1_217' title='bbox 1199 1485 1210 1505; x_wconf 91' lang='lat'>‚</span> <span class='ocrx_word' id='word_1_218' title='bbox 1246 1454 1512 1507; x_wconf 76' lang='lat' dir='ltr'><strong>venduntque</strong></span> 
     </span>
     <span class='ocr_line' id='line_1_24' title="bbox 71 1509 1517 1563; baseline 0.002 -17"><span class='ocrx_word' id='word_1_219' title='bbox 71 1516 142 1546; x_wconf 81' lang='lat' dir='ltr'><strong>aut</strong></span> <span class='ocrx_word' id='word_1_220' title='bbox 158 1509 306 1550; x_wconf 87' lang='lat' dir='ltr'><strong>alienas</strong></span> <span class='ocrx_word' id='word_1_221' title='bbox 319 1539 332 1560; x_wconf 88' lang='lat'><strong>‚</strong></span> <span class='ocrx_word' id='word_1_222' title='bbox 367 1510 531 1550; x_wconf 81' lang='lat' dir='ltr'><strong>aliunde</strong></span> <span class='ocrx_word' id='word_1_223' title='bbox 550 1511 734 1550; x_wconf 87' lang='lat' dir='ltr'><strong>advectas</strong></span> <span class='ocrx_word' id='word_1_224' title='bbox 749 1540 761 1560; x_wconf 88' lang='lat'>‚</span> <span class='ocrx_word' id='word_1_225' title='bbox 796 1518 1093 1563; x_wconf 77' lang='lat' dir='ltr'><strong>comparatasve</strong></span> <span class='ocrx_word' id='word_1_226' title='bbox 1122 1523 1272 1548; x_wconf 87' lang='lat' dir='ltr'><strong>merces</strong></span> <span class='ocrx_word' id='word_1_227' title='bbox 1286 1539 1298 1559; x_wconf 90' lang='lat'>‚</span> <span class='ocrx_word' id='word_1_228' title='bbox 1336 1523 1407 1548; x_wconf 91' lang='lat' dir='ltr'><strong>seu</strong></span> <span class='ocrx_word' id='word_1_229' title='bbox 1426 1512 1517 1549; x_wconf 45' lang='lat' dir='ltr'><strong>suis*</strong></span> 
     </span>
     <span class='ocr_line' id='line_1_25' title="bbox 71 1563 1508 1617; baseline 0.001 -16"><span class='ocrx_word' id='word_1_230' title='bbox 71 1564 257 1603; x_wconf 85' lang='lat' dir='ltr'><strong>manibus</strong></span> <span class='ocrx_word' id='word_1_231' title='bbox 291 1564 450 1605; x_wconf 85' lang='lat' dir='ltr'><strong>effectas</strong></span> <span class='ocrx_word' id='word_1_232' title='bbox 465 1594 477 1614; x_wconf 88' lang='lat'>‚</span> <span class='ocrx_word' id='word_1_233' title='bbox 513 1566 692 1617; x_wconf 83' lang='lat' dir='ltr'><strong>adeoque</strong></span> <span class='ocrx_word' id='word_1_234' title='bbox 727 1579 819 1603; x_wconf 87' lang='lat' dir='ltr'><strong>cum</strong></span> <span class='ocrx_word' id='word_1_235' title='bbox 853 1572 1090 1604; x_wconf 85' lang='lat' dir='ltr'><strong>mercatores</strong></span> <span class='ocrx_word' id='word_1_236' title='bbox 1103 1594 1115 1614; x_wconf 88' lang='lat'>‚</span> <span class='ocrx_word' id='word_1_237' title='bbox 1161 1573 1251 1602; x_wconf 89' lang='lat' dir='ltr'><strong>tum</strong></span> <span class='ocrx_word' id='word_1_238' title='bbox 1285 1563 1477 1603; x_wconf 86' lang='lat' dir='ltr'><strong>sellularii</strong></span> <span class='ocrx_word' id='word_1_239' title='bbox 1495 1594 1508 1614; x_wconf 91' lang='lat'><strong>‚</strong></span> 
     </span>
     <span class='ocr_line' id='line_1_26' title="bbox 72 1614 1510 1672; baseline 0.001 -16"><span class='ocrx_word' id='word_1_240' title='bbox 72 1617 171 1657; x_wconf 86' lang='lat' dir='ltr'><strong>alias</strong></span> <span class='ocrx_word' id='word_1_241' title='bbox 205 1614 410 1669; x_wconf 71' lang='grc' dir='ltr'><strong><em>βάναυσοι</em></strong></span> <span class='ocrx_word' id='word_1_242' title='bbox 443 1626 484 1658; x_wconf 91' lang='lat' dir='ltr'><strong>et</strong></span> <span class='ocrx_word' id='word_1_243' title='bbox 518 1617 816 1672; x_wconf 78' lang='grc' dir='ltr'><strong><em>ἐπιδιφρι’διοι,·</em></strong></span> <span class='ocrx_word' id='word_1_244' title='bbox 850 1627 890 1658; x_wconf 91' lang='lat' dir='ltr'><strong>et</strong></span> <span class='ocrx_word' id='word_1_245' title='bbox 906 1620 1067 1658; x_wconf 87' lang='lat' dir='ltr'><strong>tandem</strong></span> <span class='ocrx_word' id='word_1_246' title='bbox 1093 1619 1268 1672; x_wconf 82' lang='lat' dir='ltr'><strong>gregales</strong></span> <span class='ocrx_word' id='word_1_247' title='bbox 1300 1619 1510 1672; x_wconf 87' lang='lat' dir='ltr'><strong>utriusque</strong></span> 
     </span>
     <span class='ocr_line' id='line_1_27' title="bbox 68 1673 1514 1727; baseline 0.001 -15"><span class='ocrx_word' id='word_1_248' title='bbox 68 1674 198 1726; x_wconf 71' lang='lat' dir='ltr'><strong>glegis</strong></span> <span class='ocrx_word' id='word_1_249' title='bbox 215 1703 228 1724; x_wconf 83' lang='lat'>‚</span> <span class='ocrx_word' id='word_1_250' title='bbox 262 1688 404 1727; x_wconf 90' lang='lat' dir='ltr'><strong>nempe</strong></span> <span class='ocrx_word' id='word_1_251' title='bbox 440 1677 571 1714; x_wconf 84' lang='lat' dir='ltr'><strong>veneti</strong></span> <span class='ocrx_word' id='word_1_252' title='bbox 597 1682 636 1713; x_wconf 91' lang='lat' dir='ltr'><strong>et</strong></span> <span class='ocrx_word' id='word_1_253' title='bbox 664 1675 829 1727; x_wconf 85' lang='lat' dir='ltr'><strong>prasini.</strong></span> <span class='ocrx_word' id='word_1_254' title='bbox 887 1674 1150 1727; x_wconf 88' lang='lat' dir='ltr'><strong>Theophanes</strong></span> <span class='ocrx_word' id='word_1_255' title='bbox 1166 1689 1208 1726; x_wconf 84' lang='lat' dir='ltr'><strong>p.</strong></span> <span class='ocrx_word' id='word_1_256' title='bbox 1228 1673 1298 1713; x_wconf 79' lang='lat'><strong>62.</strong></span> <span class='ocrx_word' id='word_1_257' title='bbox 1335 1674 1514 1713; x_wconf 77' lang='lat' dir='ltr'><strong>Thessa-</strong></span> 
     </span>
     <span class='ocr_line' id='line_1_28' title="bbox 69 1724 1507 1783; baseline 0.002 -18"><span class='ocrx_word' id='word_1_258' title='bbox 69 1726 224 1773; x_wconf 82' lang='lat' dir='ltr'><strong>lonicae</strong></span> <span class='ocrx_word' id='word_1_259' title='bbox 258 1724 418 1780; x_wconf 76' lang='grc' dir='ltr'><strong><em>δήμους</em></strong></span> <span class='ocrx_word' id='word_1_260' title='bbox 444 1726 518 1768; x_wconf 71' lang='grc' dir='ltr'><strong>καὶ</strong></span> <span class='ocrx_word' id='word_1_261' title='bbox 543 1727 672 1776; x_wconf 79' lang='grc' dir='ltr'><strong><em>λαοὺς</em></strong></span> <span class='ocrx_word' id='word_1_262' title='bbox 703 1730 907 1782; x_wconf 86' lang='lat' dir='ltr'><strong>coniungit</strong></span> <span class='ocrx_word' id='word_1_263' title='bbox 938 1730 1112 1782; x_wconf 81' lang='lat' dir='ltr'><strong>gregales</strong></span> <span class='ocrx_word' id='word_1_264' title='bbox 1138 1738 1175 1768; x_wconf 79' lang='lat' dir='ltr'><strong>ec</strong></span> <span class='ocrx_word' id='word_1_265' title='bbox 1199 1729 1417 1783; x_wconf 81' lang='lat' dir='ltr'><strong>oppidanos</strong></span> <span class='ocrx_word' id='word_1_266' title='bbox 1435 1743 1507 1769; x_wconf 91' lang='lat' dir='ltr'><strong>seu</strong></span> 
     </span>
     <span class='ocr_line' id='line_1_29' title="bbox 67 1783 1506 1837; baseline 0.001 -16"><span class='ocrx_word' id='word_1_267' title='bbox 67 1783 189 1822; x_wconf 61' lang='lat' dir='ltr'><strong>civ&#39;es‘.</strong></span> <span class='ocrx_word' id='word_1_268' title='bbox 246 1784 283 1823; x_wconf 92' lang='lat' dir='ltr'>E</span> <span class='ocrx_word' id='word_1_269' title='bbox 300 1783 446 1836; x_wconf 91' lang='lat' dir='ltr'><strong>quibus</strong></span> <span class='ocrx_word' id='word_1_270' title='bbox 480 1784 667 1823; x_wconf 88' lang='lat' dir='ltr'><strong>omnibus</strong></span> <span class='ocrx_word' id='word_1_271' title='bbox 700 1785 852 1837; x_wconf 88' lang='lat' dir='ltr'><strong>iisque,</strong></span> <span class='ocrx_word' id='word_1_272' title='bbox 886 1799 989 1837; x_wconf 90' lang='lat' dir='ltr'><strong>quae</strong></span> <span class='ocrx_word' id='word_1_273' title='bbox 1022 1786 1102 1822; x_wconf 89' lang='lat' dir='ltr'><strong>iam</strong></span> <span class='ocrx_word' id='word_1_274' title='bbox 1138 1785 1413 1823; x_wconf 84' lang='lat' dir='ltr'><strong>continuatum</strong></span> <span class='ocrx_word' id='word_1_275' title='bbox 1431 1798 1506 1837; x_wconf 83' lang='lat' dir='ltr'><strong>eo,</strong></span> 
     </span>
     <span class='ocr_line' id='line_1_30' title="bbox 66 1838 1505 1892; baseline 0.002 -16"><span class='ocrx_word' id='word_1_276' title='bbox 66 1838 232 1877; x_wconf 75' lang='lat' dir='ltr'><strong>conficio</strong></span> <span class='ocrx_word' id='word_1_277' title='bbox 246 1867 260 1888; x_wconf 87' lang='lat'>‚</span> <span class='ocrx_word' id='word_1_278' title='bbox 294 1853 431 1892; x_wconf 86' lang='lat' dir='ltr'><strong>greges</strong></span> <span class='ocrx_word' id='word_1_279' title='bbox 449 1839 521 1878; x_wconf 91' lang='lat' dir='ltr'><strong>hos</strong></span> <span class='ocrx_word' id='word_1_280' title='bbox 541 1840 659 1878; x_wconf 87' lang='lat' dir='ltr'><strong>fuisse</strong></span> <span class='ocrx_word' id='word_1_281' title='bbox 676 1854 768 1878; x_wconf 89' lang='lat' dir='ltr'><strong>cum</strong></span> <span class='ocrx_word' id='word_1_282' title='bbox 787 1840 942 1878; x_wconf 90' lang='lat' dir='ltr'><strong>civibus</strong></span> <span class='ocrx_word' id='word_1_283' title='bbox 967 1854 1049 1878; x_wconf 90' lang='lat' dir='ltr'><strong>non</strong></span> <span class='ocrx_word' id='word_1_284' title='bbox 1070 1839 1229 1878; x_wconf 88' lang='lat' dir='ltr'><strong>eosdem</strong></span> <span class='ocrx_word' id='word_1_285' title='bbox 1245 1867 1258 1888; x_wconf 90' lang='lat'>‚</span> <span class='ocrx_word' id='word_1_286' title='bbox 1294 1853 1425 1892; x_wconf 86' lang='lat' dir='ltr'><strong>neque</strong></span> <span class='ocrx_word' id='word_1_287' title='bbox 1440 1847 1505 1879; x_wconf 85' lang='lat' dir='ltr'><strong>ta-</strong></span> 
     </span>
     <span class='ocr_line' id='line_1_31' title="bbox 65 1893 1502 1948; baseline 0 -14"><span class='ocrx_word' id='word_1_288' title='bbox 65 1905 158 1934; x_wconf 83' lang='lat' dir='ltr'><strong>men</strong></span> <span class='ocrx_word' id='word_1_289' title='bbox 194 1893 370 1932; x_wconf 86' lang='lat' dir='ltr'><strong>diversos</strong></span> <span class='ocrx_word' id='word_1_290' title='bbox 388 1923 400 1944; x_wconf 89' lang='lat'>,</span> <span class='ocrx_word' id='word_1_291' title='bbox 435 1896 655 1933; x_wconf 85' lang='lat' dir='ltr'><strong>constitisse</strong></span> <span class='ocrx_word' id='word_1_292' title='bbox 690 1909 826 1948; x_wconf 79' lang='lat' dir='ltr'><strong>greges</strong></span> <span class='ocrx_word' id='word_1_293' title='bbox 857 1909 879 1933; x_wconf 94' lang='lat' dir='ltr'><strong>e</strong></span> <span class='ocrx_word' id='word_1_294' title='bbox 895 1896 1044 1933; x_wconf 88' lang='lat' dir='ltr'><strong>civium</strong></span> <span class='ocrx_word' id='word_1_295' title='bbox 1062 1896 1175 1933; x_wconf 87' lang='lat' dir='ltr'><strong>omni</strong></span> <span class='ocrx_word' id='word_1_296' title='bbox 1192 1908 1318 1946; x_wconf 89' lang='lat' dir='ltr'><strong>paene</strong></span> <span class='ocrx_word' id='word_1_297' title='bbox 1334 1894 1477 1934; x_wconf 89' lang='lat' dir='ltr'><strong>ordine</strong></span> <span class='ocrx_word' id='word_1_298' title='bbox 1488 1926 1502 1946; x_wconf 90' lang='lat'><strong>‚</strong></span> 
     </span>
     <span class='ocr_line' id='line_1_32' title="bbox 65 1950 1504 2003; baseline -0.001 -14"><span class='ocrx_word' id='word_1_299' title='bbox 65 1954 228 1989; x_wconf 80' lang='lat' dir='ltr'><strong>eatenus</strong></span> <span class='ocrx_word' id='word_1_300' title='bbox 243 1955 379 1987; x_wconf 85' lang='lat' dir='ltr'><strong>tamen</strong></span> <span class='ocrx_word' id='word_1_301' title='bbox 396 1979 409 2000; x_wconf 86' lang='lat'>‚</span> <span class='ocrx_word' id='word_1_302' title='bbox 443 1964 523 2002; x_wconf 90' lang='lat' dir='ltr'><strong>qua</strong></span> <span class='ocrx_word' id='word_1_303' title='bbox 541 1964 677 2003; x_wconf 84' lang='lat' dir='ltr'><strong>greges</strong></span> <span class='ocrx_word' id='word_1_304' title='bbox 693 1979 704 2000; x_wconf 86' lang='lat'>‚</span> <span class='ocrx_word' id='word_1_305' title='bbox 741 1957 934 2003; x_wconf 88' lang='lat' dir='ltr'><strong>spectatos</strong></span> <span class='ocrx_word' id='word_1_306' title='bbox 949 1964 1030 1988; x_wconf 90' lang='lat' dir='ltr'><strong>non</strong></span> <span class='ocrx_word' id='word_1_307' title='bbox 1050 1950 1236 1988; x_wconf 90' lang='lat' dir='ltr'><strong>habuisse</strong></span> <span class='ocrx_word' id='word_1_308' title='bbox 1253 1950 1404 1988; x_wconf 89' lang='lat' dir='ltr'><strong>civium</strong></span> <span class='ocrx_word' id='word_1_309' title='bbox 1421 1965 1504 2003; x_wconf 85' lang='lat' dir='ltr'><strong>spe-</strong></span> 
     </span>
     <span class='ocr_line' id='line_1_33' title="bbox 65 2002 1503 2058; baseline 0.003 -18"><span class='ocrx_word' id='word_1_310' title='bbox 65 2002 182 2043; x_wconf 83' lang='lat' dir='ltr'><strong>ciem.</strong></span> <span class='ocrx_word' id='word_1_311' title='bbox 240 2003 395 2043; x_wconf 86' lang='lat' dir='ltr'><strong>Clarius</strong></span> <span class='ocrx_word' id='word_1_312' title='bbox 415 2018 608 2058; x_wconf 86' lang='lat' dir='ltr'><strong>exponam</strong></span> <span class='ocrx_word' id='word_1_313' title='bbox 623 2019 752 2043; x_wconf 87' lang='lat' dir='ltr'><strong>meam</strong></span> <span class='ocrx_word' id='word_1_314' title='bbox 771 2006 1022 2044; x_wconf 88' lang='lat' dir='ltr'><strong>sententiam.</strong></span> <span class='ocrx_word' id='word_1_315' title='bbox 1078 2006 1183 2043; x_wconf 89' lang='lat' dir='ltr'><strong>Sunt</strong></span> <span class='ocrx_word' id='word_1_316' title='bbox 1202 2004 1309 2057; x_wconf 92' lang='lat' dir='ltr'><strong>apud</strong></span> <span class='ocrx_word' id='word_1_317' title='bbox 1326 2018 1400 2044; x_wconf 87' lang='lat' dir='ltr'><strong>nos</strong></span> <span class='ocrx_word' id='word_1_318' title='bbox 1418 2005 1503 2044; x_wconf 81' lang='lat' dir='ltr'><strong>eol-</strong></span> 
     </span>
     <span class='ocr_line' id='line_1_34' title="bbox 35 2055 1503 2111; baseline 0.003 -15"><span class='ocrx_word' id='word_1_319' title='bbox 35 2070 38 2071; x_wconf 70' lang='grc'>’</span> <span class='ocrx_word' id='word_1_320' title='bbox 62 2055 165 2109; x_wconf 78' lang='lat' dir='ltr'><strong>legia</strong></span> <span class='ocrx_word' id='word_1_321' title='bbox 198 2059 393 2111; x_wconf 88' lang='lat' dir='ltr'><strong>quaedam</strong></span> <span class='ocrx_word' id='word_1_322' title='bbox 427 2062 649 2099; x_wconf 84' lang='lat' dir='ltr'><strong>constantia</strong></span> <span class='ocrx_word' id='word_1_323' title='bbox 682 2074 850 2099; x_wconf 89' lang='lat' dir='ltr'><strong>numero</strong></span> <span class='ocrx_word' id='word_1_324' title='bbox 877 2061 1026 2099; x_wconf 91' lang='lat' dir='ltr'><strong>civium</strong></span> <span class='ocrx_word' id='word_1_325' title='bbox 1044 2074 1137 2098; x_wconf 90' lang='lat' dir='ltr'><strong>cum</strong></span> <span class='ocrx_word' id='word_1_326' title='bbox 1154 2059 1388 2110; x_wconf 82' lang='lat' dir='ltr'><strong>lautiorum,</strong></span> <span class='ocrx_word' id='word_1_327' title='bbox 1413 2067 1503 2100; x_wconf 88' lang='lat' dir='ltr'><strong>tum</strong></span> 
     </span>
     <span class='ocr_line' id='line_1_35' title="bbox 61 2112 1502 2168; baseline 0.003 -18"><span class='ocrx_word' id='word_1_328' title='bbox 61 2113 181 2155; x_wconf 80' lang='lat' dir='ltr'><strong>etiam</strong></span> <span class='ocrx_word' id='word_1_329' title='bbox 198 2112 459 2153; x_wconf 89' lang='lat' dir='ltr'><strong>humiliorum</strong></span> <span class='ocrx_word' id='word_1_330' title='bbox 475 2145 488 2165; x_wconf 89' lang='lat'><strong>‚</strong></span> <span class='ocrx_word' id='word_1_331' title='bbox 526 2129 573 2154; x_wconf 93' lang='lat' dir='ltr'><strong>eo</strong></span> <span class='ocrx_word' id='word_1_332' title='bbox 600 2116 808 2166; x_wconf 83' lang='lat' dir='ltr'><strong>instituta,</strong></span> <span class='ocrx_word' id='word_1_333' title='bbox 841 2122 910 2165; x_wconf 85' lang='lat' dir='ltr'><strong>ut,</strong></span> <span class='ocrx_word' id='word_1_334' title='bbox 946 2117 1016 2168; x_wconf 85' lang='lat' dir='ltr'><strong>qui</strong></span> <span class='ocrx_word' id='word_1_335' title='bbox 1047 2115 1115 2154; x_wconf 87' lang='lat' dir='ltr'><strong>illa</strong></span> <span class='ocrx_word' id='word_1_336' title='bbox 1139 2122 1411 2168; x_wconf 87' lang='lat' dir='ltr'><strong>componunt,</strong></span> <span class='ocrx_word' id='word_1_337' title='bbox 1446 2116 1502 2155; x_wconf 90' lang='lat' dir='ltr'><strong>ad</strong></span> 
     </span>
     <span class='ocr_line' id='line_1_36' title="bbox 61 2170 1503 2220; baseline 0.003 -15"><span class='ocrx_word' id='word_1_338' title='bbox 61 2173 216 2206; x_wconf 78' lang='lat' dir='ltr'><strong>certum</strong></span> <span class='ocrx_word' id='word_1_339' title='bbox 234 2182 431 2208; x_wconf 88' lang='lat' dir='ltr'><strong>annorum</strong></span> <span class='ocrx_word' id='word_1_340' title='bbox 447 2184 661 2209; x_wconf 87' lang='lat' dir='ltr'><strong>numerum</strong></span> <span class='ocrx_word' id='word_1_341' title='bbox 690 2170 906 2209; x_wconf 81' lang='lat' dir='ltr'><strong>tractandis</strong></span> <span class='ocrx_word' id='word_1_342' title='bbox 934 2172 1055 2209; x_wconf 89' lang='lat' dir='ltr'><strong>armis</strong></span> <span class='ocrx_word' id='word_1_343' title='bbox 1083 2185 1165 2209; x_wconf 88' lang='lat' dir='ltr'><strong>sese</strong></span> <span class='ocrx_word' id='word_1_344' title='bbox 1195 2177 1401 2209; x_wconf 78' lang='lat' dir='ltr'><strong>exerceant</strong></span> <span class='ocrx_word' id='word_1_345' title='bbox 1414 2199 1427 2220; x_wconf 88' lang='lat'>‚</span> <span class='ocrx_word' id='word_1_346' title='bbox 1461 2178 1503 2210; x_wconf 87' lang='lat' dir='ltr'><strong>et</strong></span> 
     </span>
     <span class='ocr_line' id='line_1_37' title="bbox 58 2220 1500 2279; baseline 0.003 -20"><span class='ocrx_word' id='word_1_347' title='bbox 58 2220 125 2260; x_wconf 87' lang='lat' dir='ltr'><strong>vel</strong></span> <span class='ocrx_word' id='word_1_348' title='bbox 141 2224 293 2275; x_wconf 83' lang='lat' dir='ltr'><strong>sagittis</strong></span> <span class='ocrx_word' id='word_1_349' title='bbox 325 2238 562 2276; x_wconf 88' lang='lat' dir='ltr'><strong>suspensum</strong></span> <span class='ocrx_word' id='word_1_350' title='bbox 594 2240 640 2264; x_wconf 86' lang='lat' dir='ltr'><strong>ex</strong></span> <span class='ocrx_word' id='word_1_351' title='bbox 659 2225 740 2264; x_wconf 90' lang='lat' dir='ltr'><strong>alta</strong></span> <span class='ocrx_word' id='word_1_352' title='bbox 756 2227 907 2279; x_wconf 89' lang='lat' dir='ltr'><strong>pertica</strong></span> <span class='ocrx_word' id='word_1_353' title='bbox 925 2232 1061 2279; x_wconf 88' lang='lat' dir='ltr'><strong>petant</strong></span> <span class='ocrx_word' id='word_1_354' title='bbox 1079 2228 1164 2264; x_wconf 89' lang='lat' dir='ltr'><strong>avis</strong></span> <span class='ocrx_word' id='word_1_355' title='bbox 1182 2225 1357 2278; x_wconf 84' lang='lat' dir='ltr'><strong>ligneum</strong></span> <span class='ocrx_word' id='word_1_356' title='bbox 1374 2227 1500 2265; x_wconf 88' lang='lat' dir='ltr'><strong>simu-</strong></span> 
     </span>
     <span class='ocr_line' id='line_1_38' title="bbox 57 2274 1498 2334; baseline 0.004 -20"><span class='ocrx_word' id='word_1_357' title='bbox 57 2274 213 2318; x_wconf 87' lang='lat' dir='ltr'><strong>lacrum</strong></span> <span class='ocrx_word' id='word_1_358' title='bbox 229 2307 241 2327; x_wconf 86' lang='lat'>,</span> <span class='ocrx_word' id='word_1_359' title='bbox 278 2277 343 2316; x_wconf 92' lang='lat' dir='ltr'><strong>vel</strong></span> <span class='ocrx_word' id='word_1_360' title='bbox 378 2287 525 2318; x_wconf 89' lang='lat' dir='ltr'><strong>metam</strong></span> <span class='ocrx_word' id='word_1_361' title='bbox 558 2280 735 2334; x_wconf 89' lang='lat' dir='ltr'><strong>sclopeto</strong></span> <span class='ocrx_word' id='word_1_362' title='bbox 770 2281 931 2319; x_wconf 87' lang='lat' dir='ltr'><strong>feriant.</strong></span> <span class='ocrx_word' id='word_1_363' title='bbox 990 2280 1105 2319; x_wconf 84' lang='lat' dir='ltr'><strong>Talia</strong></span> <span class='ocrx_word' id='word_1_364' title='bbox 1141 2280 1306 2333; x_wconf 82' lang='lat' dir='ltr'><strong>collegia</strong></span> <span class='ocrx_word' id='word_1_365' title='bbox 1342 2280 1498 2322; x_wconf 83' lang='lat' dir='ltr'><strong>civibus</strong></span> 
     </span>
     <span class='ocr_line' id='line_1_39' title="bbox 57 2331 1497 2388; baseline 0.005 -19"><span class='ocrx_word' id='word_1_366' title='bbox 57 2331 222 2383; x_wconf 82' lang='lat' dir='ltr'><strong>quidem</strong></span> <span class='ocrx_word' id='word_1_367' title='bbox 240 2340 424 2372; x_wconf 87' lang='lat' dir='ltr'><strong>constant</strong></span> <span class='ocrx_word' id='word_1_368' title='bbox 438 2361 451 2384; x_wconf 87' lang='lat'>‚</span> <span class='ocrx_word' id='word_1_369' title='bbox 488 2335 638 2374; x_wconf 88' lang='lat' dir='ltr'><strong>faciunt</strong></span> <span class='ocrx_word' id='word_1_370' title='bbox 664 2344 799 2374; x_wconf 88' lang='lat' dir='ltr'><strong>tamen</strong></span> <span class='ocrx_word' id='word_1_371' title='bbox 829 2336 1029 2388; x_wconf 87' lang='lat' dir='ltr'><strong>peculiare</strong></span> <span class='ocrx_word' id='word_1_372' title='bbox 1047 2335 1210 2388; x_wconf 88' lang='lat' dir='ltr'><strong>aliquod</strong></span> <span class='ocrx_word' id='word_1_373' title='bbox 1227 2349 1372 2388; x_wconf 92' lang='lat' dir='ltr'><strong>corpus</strong></span> <span class='ocrx_word' id='word_1_374' title='bbox 1389 2350 1414 2375; x_wconf 93' lang='lat' dir='ltr'><strong>a</strong></span> <span class='ocrx_word' id='word_1_375' title='bbox 1430 2350 1497 2376; x_wconf 90' lang='lat' dir='ltr'><strong>re-</strong></span> 
     </span>
     <span class='ocr_line' id='line_1_40' title="bbox 55 2384 1496 2444; baseline 0.006 -21"><span class='ocrx_word' id='word_1_376' title='bbox 55 2384 167 2438; x_wconf 87' lang='lat' dir='ltr'><strong>liqua</strong></span> <span class='ocrx_word' id='word_1_377' title='bbox 186 2390 466 2428; x_wconf 86' lang='lat' dir='ltr'><strong>communione</strong></span> <span class='ocrx_word' id='word_1_378' title='bbox 494 2391 790 2442; x_wconf 88' lang='lat' dir='ltr'><strong>quodammodo</strong></span> <span class='ocrx_word' id='word_1_379' title='bbox 814 2391 1016 2430; x_wconf 84' lang='lat' dir='ltr'><strong>diversum</strong></span> <span class='ocrx_word' id='word_1_380' title='bbox 1035 2419 1046 2438; x_wconf 88' lang='lat'><strong>‚</strong></span> <span class='ocrx_word' id='word_1_381' title='bbox 1082 2390 1315 2444; x_wconf 82' lang='lat' dir='ltr'><strong>legibusque</strong></span> <span class='ocrx_word' id='word_1_382' title='bbox 1338 2398 1379 2430; x_wconf 89' lang='lat' dir='ltr'><strong>et</strong></span> <span class='ocrx_word' id='word_1_383' title='bbox 1394 2392 1496 2431; x_wconf 91' lang='lat' dir='ltr'><strong>iuri-</strong></span> 
     </span>
     <span class='ocr_line' id='line_1_41' title="bbox 55 2439 1496 2499; baseline 0.006 -20"><span class='ocrx_word' id='word_1_384' title='bbox 55 2439 134 2480; x_wconf 87' lang='lat' dir='ltr'><strong>bus</strong></span> <span class='ocrx_word' id='word_1_385' title='bbox 150 2442 233 2480; x_wconf 86' lang='lat' dir='ltr'><strong>suis</strong></span> <span class='ocrx_word' id='word_1_386' title='bbox 250 2443 442 2495; x_wconf 83' lang='lat' dir='ltr'><strong>gaudens.</strong></span> <span class='ocrx_word' id='word_1_387' title='bbox 499 2445 615 2484; x_wconf 84' lang='lat' dir='ltr'><strong>Talia</strong></span> <span class='ocrx_word' id='word_1_388' title='bbox 631 2446 796 2499; x_wconf 84' lang='lat' dir='ltr'><strong>collegia</strong></span> <span class='ocrx_word' id='word_1_389' title='bbox 815 2447 936 2485; x_wconf 88' lang='lat' dir='ltr'><strong>fuisse</strong></span> <span class='ocrx_word' id='word_1_390' title='bbox 968 2443 1066 2493; x_wconf 82' lang='grc' dir='ltr'><strong>τούς</strong></span> <span class='ocrx_word' id='word_1_391' title='bbox 1094 2443 1253 2496; x_wconf 74' lang='grc' dir='ltr'><strong><em>δήμους</em></strong></span> <span class='ocrx_word' id='word_1_392' title='bbox 1284 2453 1384 2498; x_wconf 89' lang='lat' dir='ltr'><strong>puto</strong></span> <span class='ocrx_word' id='word_1_393' title='bbox 1403 2476 1417 2498; x_wconf 83' lang='lat'>‚</span> <span class='ocrx_word' id='word_1_394' title='bbox 1451 2448 1496 2488; x_wconf 87' lang='lat' dir='ltr'><strong>in</strong></span> 
     </span>
     <span class='ocr_line' id='line_1_42' title="bbox 23 2498 1494 2555; baseline 0.005 -22"><span class='ocrx_word' id='word_1_395' title='bbox 23 2506 37 2533; x_wconf 81' lang='lat' dir='ltr'><strong>t</strong></span> <span class='ocrx_word' id='word_1_396' title='bbox 55 2509 159 2548; x_wconf 88' lang='lat' dir='ltr'><strong>quae</strong></span> <span class='ocrx_word' id='word_1_397' title='bbox 192 2498 464 2550; x_wconf 83' lang='lat' dir='ltr'><strong>reciperentur</strong></span> <span class='ocrx_word' id='word_1_398' title='bbox 496 2513 633 2540; x_wconf 90' lang='lat' dir='ltr'><strong>omnes</strong></span> <span class='ocrx_word' id='word_1_399' title='bbox 665 2503 814 2540; x_wconf 87' lang='lat' dir='ltr'><strong>civium</strong></span> <span class='ocrx_word' id='word_1_400' title='bbox 844 2501 1004 2539; x_wconf 86' lang='lat' dir='ltr'><strong>ordines</strong></span> <span class='ocrx_word' id='word_1_401' title='bbox 1019 2529 1031 2550; x_wconf 90' lang='lat'>‚</span> <span class='ocrx_word' id='word_1_402' title='bbox 1064 2515 1168 2553; x_wconf 87' lang='lat' dir='ltr'><strong>quae</strong></span> <span class='ocrx_word' id='word_1_403' title='bbox 1200 2507 1334 2540; x_wconf 89' lang='lat' dir='ltr'><strong>tamen</strong></span> <span class='ocrx_word' id='word_1_404' title='bbox 1347 2531 1361 2552; x_wconf 85' lang='lat'>‚</span> <span class='ocrx_word' id='word_1_405' title='bbox 1397 2504 1494 2555; x_wconf 84' lang='lat' dir='ltr'><strong>quia</strong></span> 
     </span>
     <span class='ocr_line' id='line_1_43' title="bbox 54 2549 1494 2609; baseline 0.006 -22"><span class='ocrx_word' id='word_1_406' title='bbox 54 2549 148 2589; x_wconf 81' lang='lat' dir='ltr'><strong>vilis</strong></span> <span class='ocrx_word' id='word_1_407' title='bbox 177 2551 291 2603; x_wconf 88' lang='lat' dir='ltr'><strong>inops</strong></span> <span class='ocrx_word' id='word_1_408' title='bbox 316 2553 435 2592; x_wconf 88' lang='lat' dir='ltr'><strong>turba</strong></span> <span class='ocrx_word' id='word_1_409' title='bbox 463 2554 612 2608; x_wconf 88' lang='lat' dir='ltr'><strong>ubique</strong></span> <span class='ocrx_word' id='word_1_410' title='bbox 637 2563 834 2594; x_wconf 83' lang='lat' dir='ltr'><strong>terrarum</strong></span> <span class='ocrx_word' id='word_1_411' title='bbox 861 2570 1028 2594; x_wconf 87' lang='lat' dir='ltr'><strong>numero</strong></span> <span class='ocrx_word' id='word_1_412' title='bbox 1057 2563 1241 2608; x_wconf 85' lang='lat' dir='ltr'><strong>superat,</strong></span> <span class='ocrx_word' id='word_1_413' title='bbox 1274 2570 1402 2609; x_wconf 90' lang='lat' dir='ltr'><strong>paene</strong></span> <span class='ocrx_word' id='word_1_414' title='bbox 1418 2557 1494 2597; x_wconf 89' lang='lat' dir='ltr'><strong>soli</strong></span> 
     </span>
     <span class='ocr_line' id='line_1_44' title="bbox 53 2604 1494 2663; baseline 0.006 -21"><span class='ocrx_word' id='word_1_415' title='bbox 53 2604 310 2658; x_wconf 79' lang='lat' dir='ltr'><strong>ignobiliores</strong></span> <span class='ocrx_word' id='word_1_416' title='bbox 345 2609 619 2649; x_wconf 87' lang='lat' dir='ltr'><strong>conficiebant.</strong></span> <span class='ocrx_word' id='word_1_417' title='bbox 672 2611 747 2649; x_wconf 91' lang='lat' dir='ltr'><strong>Vel</strong></span> <span class='ocrx_word' id='word_1_418' title='bbox 782 2613 914 2663; x_wconf 87' lang='lat' dir='ltr'><strong>potius</strong></span> <span class='ocrx_word' id='word_1_419' title='bbox 956 2611 1117 2650; x_wconf 88' lang='lat' dir='ltr'><strong>eaedem</strong></span> <span class='ocrx_word' id='word_1_420' title='bbox 1155 2617 1268 2650; x_wconf 83' lang='lat' dir='ltr'><strong>erant</strong></span> <span class='ocrx_word' id='word_1_421' title='bbox 1309 2618 1494 2651; x_wconf 82' lang='lat' dir='ltr'><strong>catervae</strong></span> 
     </span>
     <span class='ocr_line' id='line_1_45' title="bbox 52 2658 1506 2718; baseline 0.006 -21"><span class='ocrx_word' id='word_1_422' title='bbox 52 2658 146 2697; x_wconf 81' lang='lat' dir='ltr'><strong>illae</strong></span> <span class='ocrx_word' id='word_1_423' title='bbox 178 2674 270 2699; x_wconf 92' lang='lat' dir='ltr'><strong>cum</strong></span> <span class='ocrx_word' id='word_1_424' title='bbox 303 2665 448 2702; x_wconf 85' lang='lat' dir='ltr'><strong>nostris</strong></span> <span class='ocrx_word' id='word_1_425' title='bbox 483 2665 656 2704; x_wconf 85' lang='lat' dir='ltr'><strong>excubiis</strong></span> <span class='ocrx_word' id='word_1_426' title='bbox 691 2667 826 2704; x_wconf 86' lang='lat' dir='ltr'><strong>civicis</strong></span> <span class='ocrx_word' id='word_1_427' title='bbox 840 2697 851 2715; x_wconf 95' lang='lat'><strong><em>,</em></strong></span> <span class='ocrx_word' id='word_1_428' title='bbox 888 2680 986 2718; x_wconf 87' lang='lat' dir='ltr'><strong>quas</strong></span> <span class='ocrx_word' id='word_1_429' title='bbox 1011 2667 1116 2705; x_wconf 86' lang='lat' dir='ltr'><strong>cives</strong></span> <span class='ocrx_word' id='word_1_430' title='bbox 1153 2666 1205 2705; x_wconf 90' lang='lat' dir='ltr'><strong>ad</strong></span> <span class='ocrx_word' id='word_1_431' title='bbox 1235 2673 1388 2705; x_wconf 88' lang='lat' dir='ltr'><strong>certum</strong></span> <span class='ocrx_word' id='word_1_432' title='bbox 1420 2681 1506 2708; x_wconf 58' lang='lat' dir='ltr'><strong>an-2</strong></span> 
     </span>
     <span class='ocr_line' id='line_1_46' title="bbox 55 2718 1489 2774; baseline 0.006 -23"><span class='ocrx_word' id='word_1_433' title='bbox 55 2726 200 2756; x_wconf 78' lang='lat' dir='ltr'><strong>norum</strong></span> <span class='ocrx_word' id='word_1_434' title='bbox 218 2730 432 2757; x_wconf 89' lang='lat' dir='ltr'><strong>numerum</strong></span> <span class='ocrx_word' id='word_1_435' title='bbox 457 2718 570 2758; x_wconf 91' lang='lat' dir='ltr'><strong>obire</strong></span> <span class='ocrx_word' id='word_1_436' title='bbox 596 2734 642 2759; x_wconf 87' lang='lat' dir='ltr'><strong>ex</strong></span> <span class='ocrx_word' id='word_1_437' title='bbox 661 2719 747 2773; x_wconf 85' lang='lat' dir='ltr'><strong>lege</strong></span> <span class='ocrx_word' id='word_1_438' title='bbox 767 2728 954 2760; x_wconf 83' lang='lat' dir='ltr'><strong>tenentur</strong></span> <span class='ocrx_word' id='word_1_439' title='bbox 970 2735 981 2770; x_wconf 84' lang='lat'><em>3</em></span> <span class='ocrx_word' id='word_1_440' title='bbox 1016 2721 1111 2774; x_wconf 88' lang='lat' dir='ltr'><strong>quia</strong></span> <span class='ocrx_word' id='word_1_441' title='bbox 1138 2728 1274 2760; x_wconf 85' lang='lat' dir='ltr'><strong>tamen</strong></span> <span class='ocrx_word' id='word_1_442' title='bbox 1291 2735 1338 2760; x_wconf 88' lang='lat' dir='ltr'><strong>ea</strong></span> <span class='ocrx_word' id='word_1_443' title='bbox 1354 2735 1418 2760; x_wconf 90' lang='lat' dir='ltr'><strong>res</strong></span> <span class='ocrx_word' id='word_1_444' title='bbox 1436 2721 1489 2760; x_wconf 89' lang='lat' dir='ltr'><strong>ab</strong></span> 
     </span>
     <span class='ocr_line' id='line_1_47' title="bbox 53 2770 1489 2829; baseline 0.007 -24"><span class='ocrx_word' id='word_1_445' title='bbox 53 2770 278 2810; x_wconf 75' lang='lat' dir='ltr'><strong>exercendis</strong></span> <span class='ocrx_word' id='word_1_446' title='bbox 294 2773 460 2825; x_wconf 85' lang='lat' dir='ltr'><strong>opificiis</strong></span> <span class='ocrx_word' id='word_1_447' title='bbox 476 2781 517 2813; x_wconf 91' lang='lat' dir='ltr'><strong>et</strong></span> <span class='ocrx_word' id='word_1_448' title='bbox 531 2775 762 2828; x_wconf 85' lang='lat' dir='ltr'><strong>quaestibus</strong></span> <span class='ocrx_word' id='word_1_449' title='bbox 778 2789 980 2829; x_wconf 88' lang='lat' dir='ltr'><strong>quemque</strong></span> <span class='ocrx_word' id='word_1_450' title='bbox 996 2777 1078 2816; x_wconf 83' lang='lat' dir='ltr'><strong>suis</strong></span> <span class='ocrx_word' id='word_1_451' title='bbox 1095 2783 1304 2827; x_wconf 80' lang='lat' dir='ltr'><strong>avocaret,</strong></span> <span class='ocrx_word' id='word_1_452' title='bbox 1328 2777 1489 2817; x_wconf 85' lang='lat' dir='ltr'><strong>vicariis</strong></span> 
     </span>
    </p>
   </div>
  </div>
 </body>
</html>
