1826 3126
190 202 266 244 Al)
303 199 602 244 CONSTANT.
644 197 842 239 PORPH.
877 197 949 237 DE
990 194 1172 236 CERIM.
1212 195 1310 234 ΜΒ.
1358 196 1390 234 1.
1445 194 1512 248 27

74 305 139 346 vel
156 305 397 358 Capitaneus
415 332 428 353 ‚
463 301 513 341 de
544 314 625 354 quo
652 299 717 338 hic
733 312 862 337 sermo
877 326 888 346 ‚
923 311 1006 336 non
1034 295 1247 336 excedebat
1270 308 1383 335 sacro
1406 294 1519 348 pala·

72 362 156 411 tio,
191 373 275 399 non
293 359 378 397 ibat
405 359 449 396 in
467 356 718 410 provincias,
751 353 820 392 sed
849 352 1010 405 regebat
1044 347 1143 398 τούς
1170 347 1414 401 βασιλικούς
1448 365 1519 390 seu

75 417 349 456 Caesarianos.
405 411 592 451 Habebat
619 409 695 449 sub
722 423 763 447 se
780 408 1053 447 Domesticum
1071 406 1332 446 Basilicarum
1350 436 1363 459 ,
1396 414 1437 446 et
1454 407 1519 444 in-

71 469 310 510 troducebat
338 468 534 522 principes
562 464 789 518 peregrinos
806 492 818 512 ‚
855 462 1108 514 Imperatoris
1138 461 1306 501 vasallos
1321 492 1333 511 ‚
1368 462 1420 501 ad
1436 461 1520 500 col-

72 525 256 579 loquium
282 524 395 573 heri,
430 530 477 561 ut
502 536 548 560 ex
573 535 615 573 p.
635 521 704 560 81.
732 519 787 556 D.
817 517 894 556 ult.
928 524 1052 570 patet.
1111 518 1159 555 In
1190 516 1357 570 epistola
1389 516 1522 556 Alexii

74 581 129 620 ad>
159 577 376 620 Henricum
401 577 457 616 V.
487 577 531 615 in
561 574 752 614 Alexiade
780 587 820 626 p.
839 573 910 627 94.
938 587 973 611 1.
1010 581 1345 611 commemoratur
1379 571 1524 625 aliquis

74 629 416 687 πρωτοπρόεδρος
456 627 529 670 καὶ
563 624 783 669 κατεπάνω
826 628 908 667 τῶν
951 621 1211 677 ἀξιωμάτων.
1266 627 1343 666 Sed
1378 634 1418 666 et
1456 627 1524 666 ille

75 690 258 729 diversus
275 695 335 728 est
353 701 377 726 a
392 694 529 727 nostro
544 716 556 737 ‚
590 686 778 738 idemque
797 683 957 723 videtur
975 697 1068 721 cum
1100 683 1294 735 Μαςιζςιιη
1322 697 1524 722 sacrorum

77 759 101 783 ο
167 758 311 783 loram.

21 822 26 826 -
85 742 287 850 fficB.4.
307 797 370 852 [6‚
388 796 452 851 5.]
487 795 571 836 τῶν
603 794 846 846 βασιλικῶν.
890 793 1006 833 Verti
1034 794 1178 846 passim
1199 792 1394 832 Basilia-os
1411 821 1424 844 ‚
1458 806 1523 831 re-

78 860 189 893 tenta
203 868 343 907 graeca
359 867 458 892 voce
471 881 483 902 ‚
516 851 626 905 quod
642 851 685 889 in
717 849 865 889 talibus
880 850 1124 888 tutissimum
1141 855 1200 887 est
1214 879 1225 898 ‚
1260 849 1404 902 passim
1424 847 1524 886 Cae-

76 911 281 958 sarianos,
320 908 372 948 ad
397 907 567 946 aliorum
596 905 834 958 exemplum.
892 905 1049 943 Goarus
1075 904 1127 943 ad
1145 904 1245 943 Cod.
1265 918 1306 956 p.
1326 903 1395 943 23.
1415 917 1460 941 n.
1479 903 1523 943 8.

77 965 204 1016 regios
229 963 455 1003 domesticos
471 963 591 1002 vertit
604 991 616 1011 ‚
653 964 664 1012 (
679 960 914 1000 habitabant
938 959 1113 1014 profecto
1136 961 1178 998 in
1195 958 1343 1012 palatio
1359 959 1384 1008 ‚)
1403 958 1525 996 Com-

76 1017 189 1059 befis.
223 1020 267 1058 in
295 1019 441 1071 Seript.
468 1025 558 1071 post
587 1016 824 1069 Theophan.
842 1030 885 1069 p.
911 1030 1001 1070 ¹97·
1034 1017 1311 1054 comitatenses.
1367 1013 1526 1052 Basilici

79 1074 214 1115 medio
243 1087 343 1112 aevo
379 1073 566 1112 Gasindii
598 1071 902 1126 appellabantur
916 1101 928 1119 ,
964 1085 988 1110 a
1005 1071 1231 1124 germanica
1249 1083 1347 1110 voce
1382 1069 1526 1108 Gesin-

77 1129 130 1168 de
143 1158 156 1180 ‚
192 1130 307 1182 quasi
323 1129 430 1167 dicas
442 1129 675 1180 familiares
692 1156 705 1178 ‚
740 1127 792 1166 ad
818 1125 1008 1165 familiam
1034 1127 1277 1179 pertinentes
1290 1141 1302 1164 ε
1339 1125 1526 1177 cortigia-

79 1185 127 1222 ni
139 1213 152 1233 ‚
183 1186 335 1224 nomini
359 1184 468 1223 della
478 1183 676 1236 sarniglia
691 1212 704 1233 ‚
740 1189 787 1222 ut
805 1182 1091 1235 interpretatur
1107 1182 1259 1220 Murat.
1297 1181 1347 1220 T.
1366 1181 1401 1218 Ι.
1422 1180 1525 1218 Ant.

81 1238 176 1278 Ital.
214 1254 256 1293 p.
291 1240 383 1289 124.
440 1238 709 1292 Appellabant
737 1251 898 1292 quoque
934 1236 1079 1276 Vassos
1111 1251 1181 1276 seu
1215 1237 1355 1285 basos,
1390 1234 1434 1274 id
1468 1241 1528 1274 est

78 1294 232 1333 sodales
248 1308 265 1342 ,·
308 1295 404 1334 item
452 1294 690 1346 Gardingos,
729 1308 753 1333 a
786 1302 955 1342 war-ten,
997 1291 1268 1344 Azfivasrter.
1324 1291 1528 1329 Videntur

79 1363 172 1388 cum
201 1349 341 1389 ordine
370 1350 645 1389 ministrorum
673 1349 903 1388 convenisse
918 1377 930 1398 ‚
964 1349 1036 1401 qui
1061 1347 1182 1387 hodie
1205 1348 1249 1385 in
1267 1345 1360 1386 aula
1377 1347 1528 1385 Turcia

79 1414 156 1453 sub
175 1416 338 1455 nomine
376 1415 650 1466 Qum-chorum
678 1421 764 1465 Uno-¹
767 1404 858 1462 91?-
890 1413 1059 1453 obtinet.
1115 1413 1383 1453 Mittebantur
1401 1414 1526 1463 enim,

80 1477 126 1508 ut
143 1469 186 1508 hi
204 1470 332 1510 solent
347 1500 359 1520 ,
397 1471 439 1509 in
455 1472 680 1524 provincias
699 1500 710 1521 ‚
746 1484 839 1509 cum
864 1470 1060 1508 mandatis
1078 1470 1194 1522 regiis
1212 1469 1263 1508 ad
1281 1468 1526 1521 expedienda

79 1527 240 1578 negotia
255 1527 422 1564 minoris
438 1526 646 1565 momenti.
705 1526 820 1564 Patet
845 1539 867 1564 e
885 1525 1137 1564 Constantini
1162 1524 1287 1563 nostri
1314 1524 1398 1562 vita
1414 1524 1526 1562 Basi-

80 1577 126 1617 lii
153 1580 380 1619 Macedonis
395 1580 424 1619 l.
444 1595 498 1627 c.‚
535 1581 728 1632 Scriptor.
750 1587 837 1633 post
852 1580 1111 1632 Thmphan„
1137 1579 1210 1617 ubi
1241 1578 1388 1617 dicitur
1413 1577 1527 1619 dives

82 1633 153 1672 illa
180 1641 363 1674 matrona
376 1664 388 1685 ‚
424 1649 527 1688 quae
559 1634 750 1674 Basiliam
782 1634 978 1673 invisebat
991 1663 1002 1684 ,
1037 1642 1077 1673 et
1109 1633 1161 1672 ab
1191 1647 1239 1672 eo
1273 1642 1400 1672 mater
1424 1634 1529 1686 regis

81 1688 356 1742 appellabatur
371 1719 383 1740 ‚
419 1692 529 1729 unici
545 1689 711 1743 exempli
728 1689 846 1728 titulo
864 1719 876 1740 ,
910 1702 1069 1742 rogasse
1101 1686 1329 1728 Βασιλικὸν
1349 1685 1528 1727 α’ποστα-

82 1745 208 1796 λῆναι
229 1740 303 1784 τὸν
332 1742 670 1798 ἀπογράψασθαι
694 1741 769 1783 καί
799 1744 1057 1796 παραλαβεῖν
1096 1740 1320 1796 ὀφείλοντα
1346 1738 1424 1795 τὴν
1452 1755 1529 1782 rte-a

80 1799 274 1850 ριουσίαν
299 1794 427 1852 αὖτῆς
440 1831 452 1850 ,
495 1802 599 1839 mitti
626 1801 917 1840 Comitatensem
943 1799 1114 1854 aliquem
1130 1827 1143 1847 ‚
1191 1799 1262 1854 qui
1285 1799 1364 1836 eius
1383 1798 1527 1850 facul-

81 1862 178 1892 tates
204 1855 250 1892 in
278 1863 367 1894 acta
394 1855 619 1895 redama-us
634 1885 646 1905 ,
692 1864 731 1894 et
755 1857 798 1894 in
818 1854 952 1910 fidem
979 1868 1190 1908 (uanusque
1216 1862 1440 1907 acceptums-
1466 1867 1528 1892 es-

81 1917 152 1948 set.
209 1909 326 1948 Conf.
361 1911 430 1949 Du
465 1910 598 1964 Cange
633 1910 764 1950 Gloss.
809 1911 902 1950 Lat.
943 1923 988 1948 v.
1037 1909 1249 1953 Basilicus.
1305 1908 1528 1948 Fuerintne

82 1963 281 2004 foeminae
298 1979 459 2019 quoque
475 1966 674 2005 Basilia-ae
686 1997 698 2017 ‚
727 1980 810 2005 non
827 1965 1008 2004 dixerim.
1064 1964 1168 2003 Fere
1183 1963 1395 2017 colligatur
1409 1963 1528 2003 fuisse

81 2032 130 2057 ex
149 2018 237 2059 loco
253 2020 398 2073 Script.
428 2028 518 2074 post
534 2015 720 2075 Theoph.
739 2036 780 2074 p.
803 2019 893 2072 244.
913 2021 961 2070 Β,
989 2019 1082 2066 ult„
1103 2018 1175 2057 ubi
1207 2015 1418 2070 Βασιλικὴ
1453 2018 1528 2058 ali-

83 2087 166 2126 qua
181 2083 424 2114 memoratur
439 2106 450 2126 ‚
486 2078 563 2115 nisi
579 2091 680 2116 uxor
696 2077 864 2116 alicuius
882 2075 1039 2114 Basilici
1057 2075 1192 2113 fuerit.
1248 2074 1311 2112 De
1327 2074 1529 2113 Domesti-

87 2129 143 2167 cis
160 2143 328 2170 numero
345 2131 528 2183 pluribus
545 2139 585 2171 et
601 2146 745 2186 genere
766 2132 886 2170 variis
913 2132 1057 2184 passim
1088 2129 1230 2183 agendi
1258 2129 1333 2168 erit
1357 2130 1528 2168 occasio.

86 2183 136 2222 In
171 2198 313 2237 genere
339 2187 558 2225 tenendum
574 2217 586 2238 ‚
621 2188 885 2227 Domesticum
918 2186 1129 2226 recentiori
1164 2185 1352 2224 Graeciae
1377 2184 1530 2223 dietum

85 2238 212 2278 fuisse
238 2254 397 2280 omnem
423 2242 665 2294 praesectum
713 2244 904 2281 maiorem
919 2272 931 2292 ‚
958 2242 1132 2295 primum
1147 2240 1210 2278 sui
1227 2240 1394 2292 generis.
1429 2239 1528 2279 vid.

87 2294 217 2333 Goar.
252 2303 292 2334 et
310 2297 486 2336 Gretser.
521 2298 573 2336 ad
589 2298 733 2337 Codin.
753 2298 924 2336 Guther.
954 2311 996 2349 p.
1017 2295 1112 2347 423.
1146 2294 1281 2333 vales.
1317 2294 1370 2333 ad
1386 2293 1524 2333 Amm.

86 2349 272 2389 Marcell.
306 2365 347 2404 p.
370 2351 437 2390 52.
453 2352 518 2391 ·B.
553 2360 594 2391 et
608 2353 678 2407 94.
731 2353 1053 2391 Domesticorum
1087 2351 1198 2404 origo
1231 2349 1331 2388 mihi
1365 2350 1528 2390 videtur

87 2403 187 2443 haec
203 2419 302 2445 esse.
360 2406 481 2446 Initio
497 2415 611 2446 erant
628 2408 832 2447 domestici
847 2438 858 2458 ‚
895 2407 937 2445 id
954 2406 1063 2460 quod
1080 2405 1291 2458 appellatio
1306 2405 1499 2460 significat
1512 2435 1526 2455 ‚

87 2456 311 2511 οἷκειακοί,
361 2461 572 2502 familiares
586 2493 598 2513 ‚
644 2464 815 2502 ministri
842 2462 1045 2515 penitioris
1076 2461 1324 2500 admissionis
1339 2490 1352 2512 ,
1396 2460 1526 2500 domi-

87 2526 237 2553 norum
263 2517 443 2555 omnium
459 2546 471 2566 ‚
507 2525 547 2557 et
563 2519 606 2557 in
627 2520 756 2571 specie
781 2518 961 2557 iudicum
975 2547 986 2566 ‚
1026 2523 1254 2570 praetorum
1271 2545 1282 2566 ‚
1318 2517 1526 2569 magistra-

86 2574 230 2630 tuum3
266 2571 387 2610 iidem
417 2573 488 2626 qui
518 2573 598 2611 alio
624 2575 787 2613 nomine
814 2574 1057 2626 apparitores
1072 2600 1084 2621 ‚
1119 2573 1189 2624 qui
1216 2578 1370 2625 praesto
1398 2577 1529 2610 essent

87 2627 298 2676 imperanti
317 2656 329 2675 ‚
369 2634 409 2666 et
425 2628 612 2667 mandata
629 2635 938 2682 exsequerentur
955 2657 967 2676 ,
1004 2634 1044 2665 et
1073 2626 1279 2666 dominum
1296 2633 1522 2665 tuerentur.
1533 2633 1588 2667 Ed
1615 2632 1651 2666 L.
1665 2645 1687 2677 9

88 2676 224 2717 Crevit
245 2680 340 2719 hinc
367 2682 468 2722 ordo
503 2683 808 2722 domesticorum
842 2683 1134 2735 palatinorum,
1169 2683 1238 2736 qui
1275 2683 1388 2720 initio
1424 2681 1526 2720 nihil

89 2731 199 2772 aliud
232 2749 352 2787 quam
378 2739 619 2790 apparitores
635 2746 749 2777 erant
766 2769 778 2787 ‚
813 2745 854 2776 et
873 2739 1158 2790 Imperatorem.
1179 2745 1336 2776 tantum
1363 2739 1406 2775 in
1425 2736 1525 2775 urbe
1559 2767 1561 2769 .

91 2789 382 2830 comitabantur
395 2822 407 2842 ‚
444 2794 733 2847 protectoribus
752 2807 843 2833 eum
861 2794 903 2831 in
922 2794 1005 2832 acie
1033 2793 1285 2847 stipantibus.
1343 2791 1525 2831 Tandem
