1884 3132
165 179 240 219 An
281 176 575 219 consum.
614 175 812 217 Poura.
850 177 922 216 DE
958 175 1138 217 cmm.
1164 178 1261 217 Lm.
1303 180 1354 218 n.
1403 158 1515 232 875

93 281 258 329 Graeci,
297 280 443 334 quibus
480 280 679 332 incognita
720 286 804 318 erat
829 278 963 332 lingua
990 279 1161 328 Latina,
1202 279 1328 318 altera
1355 277 1523 333 propter'

94 337 396 375 unanimitatem
419 336 627 386 utriusque
658 332 828 386 populi.’'
858 334 903 372 In
931 348 1074 387 magna
1092 334 1259 372 Graecia
1276 334 1345 373 diu
1373 335 1519 374 substi-

96 390 147 428 tit
173 404 259 428 mos
290 391 442 429 Graeca
473 389 623 427 Latinis
648 390 688 427 in
718 387 846 427 officio
874 402 986 427 sacro
1012 388 1229 441 iungendi,
1263 396 1307 427 ut
1334 397 1442 442 patet
1473 404 1519 429 ex

93 443 237 496 Angeli
275 445 325 483 de
370 444 482 482 Nuce
511 445 615 481 notis
643 443 695 481 ad
722 443 951 482 Chronicon
979 443 1208 482 Cassinense
1235 444 1281 482 L.
1309 444 1342 482 1.
1359 459 1395 483 c.
1419 445 1487 484 32.
1504 474 1516 493 ‚

97 498 171 537 ubi
208 501 311 538 inter
338 498 415 538 alia
441 498 485 536 S.
511 498 728 546 Anastasii‚
759 498 930 550 episcopi
971 497 1236 550 Neapolitani,
1266 496 1364 537 haec
1397 499 1520 540 verba

95 553 192 592 citat
209 568 221 592 :
260 554 302 592 in
328 568 407 607 qua
438 551 642 606 [Neapoli]
681 553 776 589 laici
800 553 919 590 simul
944 566 1033 590 cum
1058 553 1208 591 clericis
1223 553 1374 592 assidue
1391 554 1519 593 Grae·

29 609 32 613 ’
92 621 137 646 oe
165 607 375 662 Latineqzoe
394 608 591 646 communi
610 621 726 659 prece
746 607 922 660 psallunt
939 606 1030 645 deo.
1085 607 1146 646 Ex
1173 607 1311 646 eodem
1339 616 1517 661 apparet,

91 662 342 701 sacerdotum
367 661 561 715 quosdam
589 663 738 699 Graece
755 689 767 711 ‚
796 660 894 699 alios
924 661 1065 700 Latine
1081 676 1152 714 per
1167 662 1402 716 antiphonas
1422 677 1518 702 can-

91 722 221 766 tasse,
258 716 366 756 unde
411 717 566 754 Graeca
604 723 642 754 et
683 715 827 754 Latina
857 730 955 769 pars
990 717 1242 755 sacerdotalis
1283 717 1389 756 dicta
1423 717 1515 757 suit.

91 770 243 810 Mansit
268 773 308 810 in
337 770 509 810 ecclesiis
535 769 776 808 nostratibus
803 769 973 824 aliquale
1009 772 1219 825 vestigium
1247 771 1354 811 illius
1378 774 1517 812 moris.

95 823 279 879 Hymnos
307 828 413 866 enim
440 825 633 878 quosdam
670 831 823 863 veteres
862 825 1026 864 Latinos
1076 840 1158 864 non
1193 826 1337 866 chorus
1362 834 1518 867 tantum

94 887 304 919 cantorum
321 910 333 928 ‚
359 880 429 920 sed
454 882 572 918 etiam
601 881 683 932 ipsa
712 879 823 932 plebs
850 881 904 918 ita
932 882 1038 918 mnit
1056 909 1068 930 ‚
1104 888 1151 919 ut
1189 880 1412 920 alternatim
1441 883 1520 921 La-

93 936 179 974 tina
215 935 337 975 verba
372 942 413 974 et
453 935 729 973 Germanicam
760 948 897 973 eorum
931 935 1293 987 interpretationem
1323 943 1482 975 cantent
1502 951 1518 976 ε

94 1003 133 1032 e.
155 1003 190 1032 c.
218 1004 322 1044 puer
345 999 458 1028 natus
493 990 535 1027 in
567 989 791 1027 Bethlehem
810 1019 822 1036 ‚
855 993 951 1027 item
975 991 1018 1028 in
1047 990 1155 1028 dulci
1178 990 1330 1041 labdo,
1366 993 1409 1030 in
1436 1005 1519 1044 quo

93 1042 244 1095 hymno
271 1058 409 1084 versus
450 1044 582 1082 Latini
619 1043 864 1082 Germanicis
906 1044 961 1083 ita
987 1051 1079 1082 sunt
1106 1045 1359 1097 interpolati,
1407 1053 1452 1085 ut
1475 1046 1519 1086 hi

95 1097 184 1138 illos
212 1113 293 1138 non
320 1101 652 1151 interpretentur,
683 1097 751 1136 sed
780 1105 961 1150 coeptam
987 1098 1039 1137 ab
1064 1098 1142 1138 illis
1160 1102 1395 1139 sententiam
1422 1115 1520 1140 con-

93 1153 267 1195 tinueut.
319 1154 450 1192 Locus
474 1153 666 1191 Chronici
693 1152 952 1202 cassinensis,
983 1153 1034 1191 ad
1062 1168 1180 1206 quem
1209 1155 1316 1208 Ang.
1336 1155 1386 1194 de
1406 1156 1522 1195 Nuce

93 1206 409 1252 observationem
435 1209 677 1260 superiorem
706 1207 838 1246 attulit
851 1237 862 1253 ‚
895 1207 960 1246 hic
990 1215 1077 1247 est:
1105 1219 1195 1262 post
1212 1211 1307 1248 haec
1330 1211 1519 1265 incipien-

92 1269 147 1300 tes
175 1263 340 1301 letanias
367 1275 499 1301 omnes
523 1263 678 1315 pariter
704 1262 1018 1314 ingrediebantw·
1042 1264 1084 1301 in
1111 1264 1313 1302 ecclesiam
1337 1265 1380 1303 S.
1409 1264 1521 1304 Petri

90 1324 131 1354 et
157 1318 294 1355 &enim
328 1317 429 1354 data
465 1318 639 1355 oratione
670 1316 877 1354 cantabant
894 1316 935 1354 T
928 1318 1067 1355 ern‘am
1096 1326 1133 1356 et
1167 1318 1308 1357 deinde
1337 1321 1517 1359 missam.—

93 1369 142 1408 V
135 1372 233 1408 enite
250 1371 438 1409 benedicti
459 1372 589 1424 patris
612 1372 703 1418 mei,
726 1384 814 1408 cum
834 1379 949 1408 cantu
964 1373 1202 1424 promiscuo,
1226 1373 1376 1413 Graeco
1405 1375 1519 1414 vide-

90 1425 180 1463 licet
207 1434 322 1478 atque
344 1426 500 1472 Latino,
524 1439 639 1478 usque
673 1424 730 1462 ad
753 1426 1072 1478 complementum
1102 1426 1330 1480 Evangelii.
1385 1428 1517 1468 Addi-

91 1478 150 1516 dit
177 1479 228 1517 ad
248 1479 354 1518 hune
380 1479 513 1518 locum
541 1481 811 1517 excursionem
840 1478 1044 1531 Angelus,
1084 1495 1163 1533 qua
1191 1482 1377 1533 indagat,
1417 1497 1517 1524 num

91 1547 202 1572 sacra
222 1534 398 1587 Liturgia
423 1547 604 1572 sermone
631 1533 847 1572 vernaculo
875 1540 915 1572 et
940 1534 1096 1588 vulgari
1136 1536 1243 1587 apud
1272 1538 1444 1577 Graecos
1475 1545 1517 1578 et

90 1587 255 1626 Latinos
281 1589 418 1641 primis
444 1588 609 1627 saeculis
638 1587 906 1626 celebraretur
921 1616 934 1635 ‚
962 1603 1013 1627 an
1042 1591 1241 1629 secretiori
1268 1598 1308 1629 et
1334 1591 1516 1645 vulgari-

90 1639 167 1681 bus
193 1644 341 1695 ignoto.
398 1643 587 1695 Iosephus
615 1642 816 1681 Antonius
844 1642 983 1681 Saxius
1011 1644 1052 1682 in
1081 1647 1183 1682 notis
1210 1645 1259 1683 ad
1289 1646 1518 1699 Landulphi

90 1696 182 1739 lun.
217 1697 367 1739 Histor.
397 1697 613 1736 Mediolan.
654 1711 689 1735 c.
725 1709 792 1735 22.
823 1704 938 1750 putat
963 1699 1082 1736 efiam
1106 1699 1320 1739 Mediolani
1359 1701 1517 1741 saeculo

89 1750 220 1790 adhuc
260 1751 359 1791 ΧΠ.
391 1753 587 1791 Graecam
627 1750 804 1804 linguam
845 1753 886 1789 in
912 1753 1031 1792 sacris
1057 1754 1227 1806 viguisse
1268 1754 1432 1808 eiusque
1458 1757 1517 1795 rei

87 1806 300 1858 vestigium
326 1813 366 1845 et
392 1813 670 1858 argumentum
703 1820 744 1844 se
770 1808 960 1859 reperisse
988 1808 1029 1846 in
1056 1810 1215 1847 nomine
1243 1808 1331 1847 festi
1350 1806 1515 1850 *Graeco

91 1858 213 1911 (sesti
243 1860 294 1898 (k
324 1860 479 1912 Hagios
519 1865 629 1913 puta)
659 1867 745 1898 tum
773 1874 909 1900 recens
934 1863 1120 1902 instituti.
1176 1863 1292 1902 Cons.
1327 1864 1516 1917 Iosephus

85 1913 301 1953 Catalanus
327 1915 379 1953 ad
407 1915 622 1968 Augustini
648 1914 808 1954 Patricii
841 1915 1109 1956 Ceremoniale
1142 1917 1341 1956 Ecclesiae
1368 1919 1516 1958 Roma-

84 1980 161 2007 nae
187 1982 230 2021 p.
268 1982 358 2022 117.
378 1983 438 2022 sq.
460 1998 473 2019 ,
522 1969 590 2008 ubi
627 1970 731 2008 inter
760 1968 837 2008 alia
865 1971 920 2009 ait
945 1971 1040 2013 olim
1065 1974 1311 2011 consuevisse
1337 1973 1378 2012 in
1405 1975 1516 2027 regni

84 2022 339 2075 Neapolitani
379 2024 552 2063 ecclesiis
589 2024 796 2076 epistolam
835 2033 955 2078 atque
994 2026 1241 2079 evangelium
1284 2027 1434 2067 Graece
1477 2035 1518 2068 et

86 2076 233 2116 Latine
264 2078 462 2132 praelegi,
493 2085 532 2117 et
559 2079 688 2117 adhuc
728 2079 845 2118 hodie
882 2081 1095 2119 Brundusii
1121 2081 1241 2119 semel
1268 2095 1339 2134 per
1366 2096 1517 2121 annum

85 2131 128 2169 in
157 2131 370 2172 Dominica
409 2133 639 2172 Palmarum
684 2134 886 2186 epistolam
914 2142 953 2173 et
985 2135 1231 2187 evangelium
1259 2136 1409 2175 Graeca
1435 2136 1518 2175 lin·

86 2199 164 2237 gua
197 2200 243 2224 ex
271 2187 401 2238 prisca
428 2195 468 2226 et
494 2187 795 2226 immemorabili
828 2189 1002 2227 eiusdem
1022 2191 1184 2228 Latinae
1206 2189 1389 2229 ecclesiae
1417 2204 1515 2229 con-

86 2240 297 2279 suetudine
325 2242 494 2283 recitari.
554 2243 601 2280 In
629 2243 883 2281 coronatione
920 2258 989 2281 sua
1023 2258 1182 2296 quoque
1210 2244 1378 2283 Romani
1406 2245 1517 2283 Pon-

84 2293 208 2333 tifices
234 2295 428 2334 curabant
459 2295 534 2336 sibi
561 2295 695 2335 laudes
723 2297 871 2335 Graece
892 2326 903 2344 ‚
932 2297 1072 2336 Latine
1102 2305 1141 2336 et
1170 2297 1363 2337 Hebraice
1401 2298 1481 2338 dici
1502 2328 1513 2346 ‚

86 2362 169 2400 quo
208 2349 488 2401 persuaderent
530 2364 613 2389 non
652 2350 959 2404 intelligentibus
976 2381 988 2400 ,
1030 2353 1256 2391 Romanum
1289 2353 1516 2405 episcopum

87 2403 385 2441 oecumenicum
422 2411 462 2442 et
503 2407 679 2443 omnium
715 2419 912 2444 summum
950 2419 1057 2454 esse,
1092 2407 1159 2445 cui
1204 2407 1324 2445 etiam
1362 2409 1515 2447 Graeca

87 2456 251 2496 ecclesia
282 2472 324 2496 se
349 2458 568 2497 submittat.
621 2459 722 2498 Acta
759 2460 924 2499 Coucilii
961 2460 1094 2498 Pisani
1125 2460 1176 2499 de
1218 2460 1337 2500 Anno
1370 2462 1514 2514 14o9.=

87 2509 281 2550 Dominus
306 2512 423 2566 Papa
443 2512 772 2564 Alexander-filit
792 2523 1008 2553 coronatus.
1027 2536 1076 2544 --
1101 2515 1175 2553 Ea:
1202 2515 1274 2552 illa
1302 2516 1368 2554 die
1394 2517 1517 2554 multa

70 2564 242 2613 suerunt
272 2566 444 2604 solennia
465 2596 476 2611 ‚
502 2577 543 2604 ut
575 2577 673 2620 puta
710 2568 760 2606 de
796 2570 915 2622 stupis
948 2569 1175 2614 combustis,
1218 2568 1382 2608 dicendo
1396 2583 1409 2604 τ
1447 2570 1516 2608 Sic

89 2620 228 2658 transit
256 2620 385 2672 gloria
412 2622 579 2673 mundi,-
607 2622 658 2659 de
682 2623 843 2674 epistola
870 2631 908 2660 et
936 2624 1137 2675 evangelio
1156 2625 1196 2660 in
1211 2623 1331 2661 Elissa
1349 2623 1513 2674 Graece,

89 2669 283 2712 Hebraice
323 2683 361 2712 et
393 2675 547 2713 Latine.
606 2675 768 2714 Crassus
806 2678 845 2714 in
873 2677 1010 2715 Diario
1045 2676 1245 2716 electionis
1274 2685 1313 2716 et
1346 2691 1514 2717 corona-

88 2724 206 2764 tionis
237 2728 379 2768 Leonis
408 2729 492 2768 X.:
514 2751 566 2760 —
587 2730 628 2769 in
651 2730 779 2769 medio
803 2731 916 2770 vadit
938 2732 1030 2780 ille,
1063 2733 1135 2786 qui
1159 2732 1328 2772 dicem-us
1358 2742 1415 2772 est
1430 2735 1512 2787 epi-
