1884 3132
186 155 263 200 An
300 156 597 201 consum-r.
636 155 832 200 Pomm.
870 154 943 199 nr„
989 156 1171 199 cmm.
1196 154 1294 198 ms.
1327 157 1379 197 11.
1441 135 1552 211 657

105 261 228 301 πείνη
243 260 430 314 Babstum
447 263 543 302 hoch
554 260 820 315 auffgen'chtet
837 265 952 315 trb‘gt,
962 262 1086 315 gleich
1102 261 1206 300 sind:
1221 260 1276 315 [et
1289 258 1410 314 paulo
1421 258 1552 314 postz]

108 318 182 355 ἐᾶν·
201 315 333 356 Seiten
365 317 589 370 begieiteten
607 319 664 356 sie
683 329 818 355 zween
835 317 1002 356 Knab'en
1016 346 1027 363 ‚
1045 317 1196 355 welche
1220 325 1353 355 wem
1379 315 1555 368 vergiilte
1574 337 1577 341 ·

109 366 225 425 Spies
237 371 335 410 oder·
349 369 523 425 Stangen
543 373 613 410 mic
625 371 958 410 Lorberkriintzen
970 371 1223 417 umwunden,
1253 371 1338 410 und
1352 371 1449 409 oben
1460 371 1558 421 fasc

107 426 265 464 ψίεεὶη
281 426 418 465 Creutz
442 440 582 466 waren
600 456 611 472 ‚
638 426 724 465 und
745 427 827 464 wie
854 428 919 465 ein
946 425 1085 480 Spigel
1101 426 1296 478 gliintzten
1309 456 1320 472 ,
1353 434 1502 478 tmgen.

136 486 141 489 ’
218 480 371 534 C.pen.
390 481 502 535 [573,
523 479 608 533 20.]
636 477 795 531 τύχοις.
814 478 875 519 Ita
901 481 1155 520 membranae
1194 494 1266 533 pro
1307 480 1466 530 τοίχοις
1512 487 1553 519 et

107 533 304 585 καγκέλλο
329 549 404 588 pro
431 535 648 589 καγκὲλλῳ.
706 536 938 589 Fluctuavi‚
959 536 1028 574 diu
1058 535 1260 588 quomodo
1279 534 1414 574 locum
1443 534 1553 574 hunc

107 588 339 636 redderem,
372 597 412 630 et
437 591 550 644 prius
576 597 776 629 verteram
803 591 886 629 sic:
937 592 1077 638 lauro,
1103 599 1145 628 nt
1166 604 1248 629 mos
1276 599 1333 628 est
1342 592 1489 641 facere
1508 591 1551 628 in

102 645 413 698 processionibus
430 674 442 694 ‚
476 654 515 684 et
541 646 633 683 aliis
661 645 897 699 quibusdam
910 677 922 696 ‚
947 660 1043 700 quos
1071 645 1145 682 illa
1157 645 1324 696 fioebat
1338 646 1439 683 anni
1451 654 1553 683 tem·

105 707 235 751 pes-tas
247 728 260 748 ,
290 699 467 754 floribus
494 700 759 755 configuratae
793 722 847 731 -·-
876 700 934 739 ad
962 701 1146 739 dextram
1173 700 1331 754 pariter
1359 708 1474 754 atque
1500 700 1567 738 siz<

107 753 275 792 nisce-am
306 756 503 807 parietum
528 769 555 793 a
590 755 772 794 cancellis
818 755 910 794 inde
942 755 1213 794 Potamiorum
1246 756 1301 792 sic
1329 754 1522 793 dictorum
1536 784 1549 801 ,

109 816 147 846 et
190 808 242 846 ab
270 809 354 848 illis
374 823 396 848 e
432 818 532 847 recte
573 809 757 849 stantibus
807 807 926 863 vulgo
963 811 1019 848 sic
1054 809 1169 848 dictis
1198 809 1417 848 Arboribus
1462 808 1563 860 affi-.

110 875 193 901 oeae
219 872 344 905 erant.
372 863 529 903 Deinde
557 865 734 910 mutavi,
764 863 870 903 malo
898 864 1003 914 fato,
1031 862 1172 916 procul
1199 863 1340 902 dubio.
1398 863 1555 914 Quam-

109 916 172 956 vis
199 918 305 956 enim
332 919 465 958 nescio
485 919 583 972 quid
609 919 809 968 Potamia,
837 920 935 972 quid
963 919 1142 958 Arbores
1171 917 1347 958 fuerint:
1379 932 1460 957 non
1482 919 1552 957 dua

109 969 196 1010 bito
222 979 372 1020 tamen,
419 973 548 1021 hanc,
590 988 714 1027 quam
753 974 873 1013 modo
903 973 1054 1024 attuli,
1100 975 1468 1026 interpretationem
1497 974 1558 1013 illi

109 1027 411 1079 praeferendam
430 1042 527 1076 esse,
546 1042 649 1082 quae
666 1030 830 1069 Graecis
849 1029 988 1069 verbis
1006 1030 1186 1082 apposita
1212 1028 1302 1066 suit.
1333 1028 1412 1067 Sed
1441 1042 1558 1082 saepe

110 1083 306 1136 contingit
329 1082 445 1123 nobis
482 1083 842 1132 homuncionibus,
882 1091 945 1132 ut,
974 1098 1045 1137 per
1071 1083 1376 1135 trepidationem
1403 1084 1557 1123 omissis

111 1143 152 1175 et
178 1137 342 1176 abiectis
370 1138 601 1178 melioribus
621 1169 631 1184 ‚
663 1153 766 1191 quae
793 1141 836 1178 in
866 1146 1028 1192 promtu
1057 1146 1096 1177 et
1124 1140 1166 1176 in
1195 1138 1379 1177 manibus
1407 1145 1550 1188 erant,

114 1189 310 1231 deteriora
329 1194 579 1246 arripiamus.
613 1192 674 1232 Τὰ
690 1193 843 1245 δένδρα
871 1194 1061 1234 videntur
1071 1193 1233 1232 arbores
1250 1207 1368 1245 opere
1380 1195 1553 1244 topiario

112 1245 251 1296 saetae,
265 1246 394 1286 buxus
407 1248 472 1287 vel
489 1256 602 1287 taxus
620 1249 660 1286 in
679 1249 868 1287 arborum
882 1251 1051 1302 speciem
1067 1249 1241 1298 concisa,
1259 1244 1462 1287 fuisses&
1482 1261 1558 1286 πο-

111 1296 245 1350 &duaa
272 1316 370 1341 vero
398 1303 500 1341 sorte
529 1303 688 1342 fuerunt
714 1311 843 1342 metae
859 1317 1104 1342 marmoreae
1132 1317 1224 1341 cum
1253 1301 1367 1341 lineis
1395 1302 1554 1340 undan-

110 1354 244 1403 tibus,
275 1370 411 1395 coram
438 1357 517 1395 illis
543 1357 726 1396 cancellis
754 1359 930 1410 positae3
960 1358 1045 1397 vid.
1082 1359 1150 1395 Du
1177 1357 1310 1410 Cange
1338 1371 1379 1395 v.
1413 1358 1558 1395 Hora·-

112 1408 212 1459 μοί,
259 1418 299 1449 et
325 1425 428 1463 quae
455 1426 575 1464 supra
612 1412 693 1450 dixi
722 1411 774 1451 ad
799 1427 839 1466 p.
859 1422 952 1465 27'1.
977 1413 1025 1450 C.
1055 1413 1106 1450 de
1134 1412 1339 1458 thalassan
1369 1419 1438 1449 aut
1466 1411 1554 1450 sue-v

113 1471 210 1503 runt
235 1479 359 1518 genus
381 1465 541 1519 aliquod
563 1468 750 1505 materiae
777 1481 845 1505 seu
877 1466 1029 1520 ligneae
1058 1480 1128 1505 seu
1155 1479 1416 1514 marmoreae,
1446 1469 1560 1506 cuius

114 1526 185 1557 aut
213 1533 362 1560 asseres
400 1528 470 1559 aut
502 1520 663 1559 tabulae
706 1534 842 1560 saxeae
867 1522 923 1560 sic
970 1523 1098 1574 pictae
1135 1527 1331 1558 naturave
1360 1521 1556 1560 formatae

114 1581 269 1622 essent,
302 1583 349 1613 ut
374 1575 571 1614 undantes
615 1578 723 1615 rivos
752 1576 1012 1624 effihiberent,
1043 1575 1085 1614 id
1117 1583 1175 1614 est
1204 1574 1399 1614 haberent
1426 1575 1551 1615 lineas

114 1631 343 1681 serpentino
368 1644 482 1670 more
502 1630 751 1670 fluctuantes.
805 1631 964 1670 Scilicet
992 1645 1054 1680 ea,
1084 1643 1187 1682 quae
1218 1628 1459 1680 γραδωτῶς,
1481 1645 1561 1684 per·

113 1684 288 1735 gradus,
315 1685 384 1724 sed
410 1700 492 1724 non
521 1692 654 1737 recte,
683 1700 824 1724 verum
851 1685 1047 1724 nudatum
1078 1684 1288 1737 parallelos
1314 1685 1553 1737 procedunt,

110 1736 164 1776 ἀι
177 1741 272 1778 novi
284 1740 426 1779 Graeci
446 1736 630 1790 ποτάμια
669 1741 886 1794 appellant.
943 1740 1103 1779 Contin.
1126 1738 1382 1791 Theophanis
1411 1740 1459 1777 L.
1482 1740 1558 1778 ΠΙ.

114 1806 159 1831 n.
173 1790 262 1842 ξιτ
286 1789 308 1831 ὅ
329 1791 548 1847 Καριανὸς
574 1790 686 1834 οὕτω
703 1795 824 1847 φέρει
847 1792 920 1847 τὴν
937 1796 1081 1846 κλῆσιν
1115 1790 1246 1833 διὰτὸ
1265 1789 1348 1831 α’πό
1365 1793 1437 1844 τῆς
1451 1807 1557 1844 you-‘-

117 1842 284 1894 δώσεως
311 1845 423 1899 ἔχειν
442 1847 523 1888 ἀπὸ
555 1848 678 1888 λίθου
692 1848 912 1901 Καριανοῦ
932 1842 1018 1888 οἷον
1035 1845 1195 1887 πλατύν
1221 1857 1315 1886 τινα
1343 1845 1527 1896 ποταμόν
1542 1863 1555 1887 τ

117 1901 204 1939 vid.
222 1902 290 1940 Du
302 1902 487 1956 Cangeh.
505 1917 546 1942 v.
573 1912 612 1942 et
626 1905 732 1943 dicta
760 1919 783 1943 a
813 1905 927 1942 nobis
950 1904 1000 1942 ad
1013 1919 1052 1957 p.
1078 1902 1170 1942 502.
1192 1903 1237 1941 C.
1265 1902 1314 1940 de
1341 1902 1554 1941 umbilicis-

200 1956 294 1999 532.
315 1957 370 1996 A.
390 1959 432 1998 5.
460 1957 573 2012 [574
595 1958 657 2012 7.]
685 1955 780 2006 τούς
825 1955 997 2010 λώρους.
1056 1959 1251 2007 Quamvis
1279 1957 1328 1995 de
1356 1957 1475 2003 loris,
1507 1958 1559 1996 de

118 2010 360 2063 scipionibus
397 2020 437 2051 et
480 2014 711 2053 anexicaciis
749 2013 814 2052 vel
842 2015 984 2052 aeaciis
1006 2043 1016 2058 ,
1062 2013 1112 2051 de
1157 2012 1302 2065 quibus
1329 2012 1394 2050 hic
1423 2026 1556 2061 sermo

118 2065 190 2115 fit,
218 2066 348 2118 ample
386 2067 614 2107 disseruerit
656 2070 723 2107 Du
752 2069 884 2121 Gange
911 2070 952 2106 in
991 2068 1276 2107 dissertationis
1304 2066 1354 2104 de
1383 2068 1558 2106 nummis

118 2121 208 2158 aevi
250 2121 369 2159 medii
416 2123 621 2175 ingressu,
681 2123 876 2177 reliquum
923 2130 1056 2161 tamen
1121 2122 1381 2160 nibilominus
1442 2122 1560 2160 nobis

118 2186 278 2227 quoque
299 2205 311 2225 ,
340 2176 448 2229 quod
475 2177 711 2227 diceremus,
738 2178 843 2218 fecit.
904 2178 1133 2230 Tria,quae
1160 2177 1355 2223 dix-imus,
1385 2175 1492 2214 loros
1520 2181 1561 2214 et

119 2229 311 2282 scipiones
339 2238 379 2269 et
425 2232 576 2270 acacias
605 2234 769 2272 vetustis
802 2233 1030 2272 consulibus
1060 2233 1209 2270 Romae
1238 2234 1398 2284 propria
1426 2231 1560 2279 fuisse,

119 2284 155 2322 si
181 2297 266 2323 non
294 2285 377 2337 ipsa
404 2285 623 2340 iisdemque
650 2287 904 2333 nominibus,
935 2295 975 2325 at
1002 2301 1065 2325 res
1098 2294 1230 2325 tamen
1260 2285 1476 2324 admodum
1506 2287 1560 2324 si-·

120 2337 262 2390 miles,
302 2340 549 2392 aliquantum
595 2349 766 2381 mutatas
795 2341 914 2395 longo
941 2349 1167 2394 temporum
1202 2355 1320 2379 cursu
1338 2370 1349 2388 ‚
1377 2348 1417 2379 et
1445 2342 1561 2379 inva-

120 2392 241 2432 dente
266 2395 560 2447 superstitione,
588 2410 746 2434 morum
774 2405 894 2449 atque
920 2410 1120 2435 sacrorum
1146 2396 1390 2444 diversitate,
1423 2402 1462 2434 e't
1486 2409 1560 2434 an³

121 2449 317 2500 tiquitatis
343 2450 515 2502 denique
542 2452 802 2503 ignoratione,
833 2451 1028 2490 constabit
1056 2452 1238 2502 protinus
1267 2465 1290 2489 e
1317 2457 1451 2488 nostra
1478 2450 1560 2490 dis-⁹

120 2505 340 2554 putatione.
394 2504 473 2543 Sed
501 2507 611 2557 prius
639 2505 870 2551 dicendum,
900 2505 997 2558 quid
1026 2505 1134 2544 lorus
1165 2513 1235 2543 aut
1263 2505 1394 2543 lorum
1420 2505 1558 2544 fueriti

122 2555 198 2594 Est
234 2566 366 2597 autem
408 2574 600 2612 perquam
637 2559 795 2598 difficile
836 2560 1108 2598 definitionem
1152 2564 1220 2598 aut
1256 2560 1560 2612 descriptionem

124 2609 221 2649 dare
236 2611 331 2651 locis
343 2615 529 2653 omnibus
564 2622 797 2664 auctorum,
827 2617 895 2667 qui
924 2614 1101 2653 lororum
1131 2614 1371 2653 mentionem
1394 2614 1559 2661 faciunt,

125 2670 196 2702 aut
213 2663 388 2706 lororum
406 2669 614 2721 generibus
639 2670 823 2708 omnibus
851 2683 1083 2722 congruam.
1105 2668 1191 2708 Non
1221 2670 1326 2708 enim
1355 2670 1459 2708 idem
1487 2684 1561 2721 ap:

122 2717 312 2770 pellatum
350 2722 424 2761 fuit
449 2724 700 2777 temporibus
722 2724 922 2773 omnibus,
950 2724 1019 2764 sed
1045 2724 1307 2769 diversissima
1334 2724 1460 2779 ligura
1487 2723 1563 2763 lori

171 2795 432 2833 Constantinus
460 2799 635 2846 Porphyr.
665 2799 739 2835 Vol.
765 2801 813 2835 11.
1259 2800 1302 2844 4²
