1884 3132
329 138 441 195 386
606 157 680 198 lo.
724 120 828 198 mc.
888 157 1082 197 Rmsmi
1129 154 1504 198 COMMENTAmi
1555 188 1559 190 .

330 258 396 298 vel
433 271 497 296 me
535 272 615 296 non
655 265 843 297 monente
882 257 1008 311 liquet
1024 288 1034 306 ‚
1077 263 1116 296 et
1139 258 1231 296 satis
1259 258 1435 310 suggerit
1470 258 1614 297 Latina
1646 259 1770 299 inter-

330 315 516 367 pretatio.

443 368 494 407 A.
515 383 556 422 9.
577 367 679 422 [595
702 398 714 418 ,
750 366 814 421 4.]
846 366 1046 406 &azam
1104 366 1288 406 Verbum
1327 373 1427 405 tuuc
1463 368 1654 420 temporis
1690 368 1770 408 fre-

332 431 588 477 quentatum,
618 425 677 461 uti
706 425 825 462 etiam
855 422 1080 474 διαλαλιά,
1130 437 1205 474 pro
1235 421 1381 475 quibus
1410 429 1564 461 veteres
1604 435 1770 476 προσει-

331 482 448 528 πεῖν,
480 477 804 531 προσαγορεύειν
832 478 1031 516 dicebaut.
1085 475 1298 516 Λιαλαλιά
1327 484 1387 516 est
1411 477 1619 526 allocutio,
1651 491 1766 530 prae-

332 536 468 572 sertim
507 548 610 587 quae
656 533 707 571 ab
745 548 825 571 uno
877 533 925 570 ad
967 532 1115 570 multos
1153 532 1338 585 pertinet.
1393 531 1574 571 Balsamo
1602 533 1770 572 facetam

331 590 431 628 dans
467 591 576 628 vocis
611 603 806 643 campana
836 588 1145 641 etymologiam:
1191 582 1247 632 ὥς
1285 584 1309 624 ὅ
1345 582 1506 636 κὰμπος
1548 590 1634 633 τοῖς
1669 587 1769 638 βου-

331 642 519 694 λομένοις
556 643 615 690 εἰς
655 643 860 694 ἐμπορίαν
903 639 1204 692 ἀνεμπόδιστος
1246 637 1490 694 πρόκειται,
1549 637 1658 680 οὕτω
1699 639 1773 682 καὶ

327 694 619 749 χαλκοστόμου
660 696 850 744 κώδωνος
894 695 920 749 ἦ
962 696 1170 749 μετέωρος
1211 695 1405 734 ὃιαλαλιά
1434 698 1518 742 τοῖς
1545 696 1673 735 πᾶσιν
1703 696 1770 736 εὕ-

333 750 530 805 πρόσιτος
572 749 787 805 ἡ’πλωται;
828 752 912 791 vid.
952 753 1129 805 Epitom.
1174 751 1343 790 Diodori
1383 750 1506 790 Siculi
1549 752 1599 790 L.
1633 751 1771 792 XXII.

332 823 374 861 p.
404 807 498 862 497.
531 822 570 846 2.
625 809 667 846 Si
697 807 748 845 ab
777 807 1031 846 Artemidoro
1060 807 1226 859 profecti
1256 813 1348 845 sunt
1388 805 1554 845 indiculi
1582 806 1694 846 libris
1730 815 1771 847 et
1816 808 1820 813 ’

333 864 527 915 capitibus
559 864 599 901 in
630 863 802 901 editione
829 862 1054 915 Rigaltiana
1081 862 1314 914 praemissi,
1356 875 1452 900 usus
1493 862 1578 914 ipse
1610 876 1771 916 quoque

335 918 411 955 fuit
440 933 486 957 eo
514 918 710 956 vocabulo
745 918 848 956 libro
889 919 958 956 lV.
975 947 985 967 ,
1029 918 1096 956 sed
1126 924 1165 955 et
1193 916 1342 955 indices
1371 916 1429 955 illi
1457 923 1497 955 et
1515 930 1592 955 vox
1612 918 1771 957 serioris

334 975 473 1012 aetatis
512 981 619 1012 sunt.
678 972 858 1011 Dubium
891 973 1052 1011 interim
1082 986 1203 1025 penes
1232 986 1296 1010 me
1324 978 1406 1022 est,
1439 971 1632 1010 Graecine
1658 972 1770 1011 Lati-

333 1042 431 1078 nos,
462 1043 513 1066 an
542 1027 584 1066 hi
611 1027 699 1066 illos
730 1028 871 1065 imitati
900 1027 1062 1066 suerint.
1122 1027 1225 1065 Nam
1253 1027 1419 1065 seriores
1448 1040 1608 1080 quoque
1637 1027 1771 1066 Latini

334 1084 574 1122 interlocutio
608 1097 681 1134 pro
722 1084 903 1121 allocutio
919 1112 931 1131 ,
972 1082 1192 1120 dissertatio
1232 1081 1441 1131 dicebant,
1466 1089 1512 1120 ut
1540 1089 1695 1121 constat
1725 1096 1770 1122 ex

331 1140 536 1190 prooemio
566 1138 1139 1176 ChroniciWindesemensis:
1185 1138 1362 1191 prolix-is
1389 1138 1510 1188 igitur
1537 1151 1771 1190 arengarum

334 1194 687 1232 interlocutionibus
710 1194 947 1247 postpositis.
986 1192 1038 1230 Ni
1068 1192 1259 1230 memoria
1288 1191 1404 1240 fallit,
1423 1191 1596 1230 habetur
1611 1206 1771 1247 quoque

331 1248 573 1287 interlocutio
595 1262 666 1300 pro
687 1247 890 1295 allocutio,
916 1247 1102 1296 edictum,
1132 1249 1173 1286 in
1201 1246 1346 1285 Codice
1373 1247 1629 1285 Iustinianeo.

444 1303 492 1342 B.
522 1317 555 1341 1.
581 1302 693 1357 [395,
714 1302 777 1356 7.]
806 1298 853 1340 τὸ
884 1301 1078 1354 περσίκην
1106 1300 1246 1347 αὐτοῖς
1275 1301 1453 1355 ἀπαντᾷ.
1510 1302 1556 1340 Id
1585 1309 1643 1341 est
1669 1315 1768 1352 περ-

335 1356 485 1408 σίκιον,
503 1359 767 1411 marsupium,
791 1357 969 1396 sacellus.
999 1357 1058 1395 Ita
1077 1363 1184 1395 certe
1202 1358 1360 1409 exponit
1373 1357 1440 1394 Du
1453 1356 1602 1410 Gange.
1632 1357 1773 1407 Quum

336 1420 471 1450 autem
500 1413 623 1451 moris
640 1442 650 1462 ,
682 1427 762 1465 quo
791 1426 898 1451 novo
926 1411 1126 1464 praefecto
1156 1411 1265 1449 urbis
1293 1418 1364 1449 aut
1390 1413 1578 1464 praetorii
1616 1425 1773 1451 marsu-

334 1469 449 1519 pium
477 1467 721 1516 offerebant,
766 1467 977 1520 vestigium
1014 1480 1212 1521 nusquam
1240 1467 1483 1519 reperirem,
1521 1480 1651 1520 neque
1677 1481 1773 1520 pro-

336 1522 445 1561 tinus
477 1530 665 1575 exputare
693 1537 872 1575 possem,
903 1536 1093 1575 quorsum
1121 1536 1166 1560 ea
1194 1536 1255 1560 res
1282 1522 1522 1574 pertineret,
1551 1523 1663 1576 coepi
1693 1521 1773 1561 du-

334 1576 466 1615 bitare
482 1607 493 1628 ,
523 1579 811 1631 significaretne
831 1592 907 1617 vox
928 1579 1136 1631 persicium
1179 1584 1337 1630 praeter
1369 1578 1614 1630 marsupium
1641 1577 1773 1616 adhuc

335 1630 447 1670 aliud
474 1634 598 1685 quid,
627 1647 771 1686 nempe
795 1643 937 1671 vestem
955 1633 1153 1671 Persicam
1181 1646 1251 1671 seu
1267 1631 1490 1682 Medicam,
1522 1631 1564 1670 id
1591 1639 1650 1671 est
1676 1633 1773 1671 seri—

334 1700 424 1724 cam
444 1701 542 1726 auro
563 1687 737 1737 illusam3
763 1688 908 1726 Persae
935 1689 1043 1726 enim
1064 1689 1106 1725 in
1128 1701 1175 1725 eo
1198 1701 1342 1740 genere
1355 1686 1471 1726 valde
1491 1685 1743 1725 luxuriantur
1756 1701 1774 1738 3*

336 1748 407 1779 aut
457 1750 608 1782 vestem
636 1744 741 1795 persi
760 1742 836 1781 'vel
865 1745 1006 1795 persici
1035 1741 1177 1780 coloris
1198 1770 1211 1792 ,
1253 1741 1293 1779 id
1322 1749 1380 1780 est
1407 1741 1574 1780 obscure
1615 1743 1770 1795 cyanei.

336 1795 545 1836 Habemus
583 1798 688 1850 apud
731 1799 906 1836 Leonem
948 1799 1262 1836 Grammaticum
1288 1811 1326 1849 p.
1354 1795 1452 1845 465.
1482 1810 1518 1834 c.
1541 1796 1613 1834 fin.
1640 1792 1771 1847 χιτών

334 1851 669 1904 χρυσοπέρσικος
684 1882 695 1902 ,
716 1854 847 1891 tunica
875 1854 1002 1891 azereis
1010 1853 1105 1908 filis
1135 1853 1288 1890 intexta
1303 1881 1314 1899 ,
1349 1851 1489 1889 coloris
1514 1851 1648 1905 persi5
1687 1850 1771 1895 vid.

337 1905 407 1943 Du
435 1907 568 1960 Gange
596 1922 636 1946 v.
657 1908 810 1950 Persas.
865 1908 1004 1946 Posset
1030 1909 1163 1959 itaque
1194 1920 1275 1944 non
1294 1905 1467 1944 absurde
1492 1907 1638 1954 statui,
1679 1919 1770 1959 per-

336 1962 463 1998 sicum
490 1961 610 2000 fuisse
638 1969 787 2000 vestem
815 1961 1031 2000 admodum
1058 1964 1272 2014 pretiosam
1288 1990 1300 2010 ,
1328 1975 1430 2013 quae
1455 1962 1497 1998 in
1517 1961 1682 1999 honoris
1708 1975 1772 2000 re-

339 2029 432 2054 cens
462 2016 596 2055 collati
636 2018 789 2069 insigne
821 2017 1071 2055 consueverit
1098 2016 1303 2070 praefectis
1331 2015 1491 2054 obviam
1521 2016 1628 2054 ferri.
1683 2015 1790 2060 Ob-v

335 2071 438 2108 tinet
464 2071 594 2110 adhuc
623 2071 744 2110 hodie
770 2086 880 2121 mos,
927 2086 972 2110 ex
1001 2071 1093 2109 aula
1120 2086 1201 2110 non
1231 2072 1352 2123 magis
1378 2070 1631 2109 orientalium
1657 2070 1768 2123 prin-

337 2126 495 2176 cipum,
536 2141 657 2178 quam
694 2127 939 2164 Graecorum
982 2128 1023 2164 in
1053 2127 1263 2164 Turcicam
1291 2127 1523 2175 derivatus,
1553 2132 1623 2164 aut
1653 2126 1769 2164 novis

336 2180 596 2220 investiendis
639 2188 707 2219 aut
744 2181 944 2219 veteribus
987 2181 1268 2219 confirmandis
1315 2181 1450 2234 legatis
1487 2180 1553 2219 vel
1592 2179 1767 2218 exarchis

338 2234 487 2283 (Bassas
504 2235 542 2273 id
563 2250 686 2289 genus
704 2237 860 2285 vocant)
880 2236 1091 2288 quotannis
1120 2238 1161 2274 in
1189 2237 1413 2288 provincias
1440 2250 1463 2274 a
1484 2234 1649 2274 Sultano
1663 2234 1768 2273 mitti

335 2296 466 2328 vestes
494 2290 728 2329 honorarias
767 2290 954 2341 (Challas
991 2292 1147 2329 Turcae
1173 2290 1401 2344 appellant,
1441 2290 1550 2328 unde
1585 2295 1767 2328 nostrum

341 2343 480 2394 Gala,)
511 2346 718 2392 mittendi,
750 2360 848 2397 quas
876 2347 917 2383 in
943 2346 1097 2398 signum
1127 2347 1380 2384 investiturae
1407 2352 1447 2383 et
1469 2341 1769 2383 benevolentiae

336 2398 568 2450 principalis
608 2408 647 2439 et
681 2401 964 2452 'professionem
1000 2399 1198 2439 fidelitatis
1240 2415 1334 2439 suae
1365 2402 1504 2439 Bassae
1531 2398 1676 2436 debent
1702 2399 1767 2438 in-

339 2452 476 2491 duere.
533 2455 637 2502 Quia
666 2463 798 2493 tamen
827 2455 904 2493 hoc
934 2455 984 2493 ad
1014 2455 1298 2508 Imperatorem
1329 2457 1458 2508 ipsum
1475 2453 1766 2492 accommodari

338 2519 462 2557 aeque
502 2508 615 2547 facile
644 2509 751 2548 haud
779 2517 928 2562 potest,
960 2511 1024 2548 cui
1052 2525 1187 2549 recens
1226 2510 1349 2549 electo
1373 2522 1491 2561 super
1528 2521 1693 2546 carruca
1722 2510 1764 2547 in

336 2560 478 2598 urbem
508 2564 670 2602 intranti
699 2565 887 2603 dicuntur
909 2580 952 2617 p.
975 2564 1066 2615 240.
1082 2566 1134 2603 D.
1161 2566 1199 2603 3.
1230 2579 1364 2603 cruces
1391 2568 1432 2601 et
1457 2563 1622 2615 persicia
1649 2559 1765 2615 praess

338 2613 433 2651 ferri
469 2616 530 2654 vel
560 2618 719 2657 obviam
748 2619 870 2658 ferri:
904 2620 1071 2672 (signum
1099 2622 1203 2658 enim
1231 2620 1483 2657 investiturae
1510 2619 1551 2655 in
1577 2617 1652 2656 hoc
1670 2632 1763 2656 casu

335 2670 501 2718 persicia
532 2685 613 2709 esse
651 2682 853 2726 nequeunt
874 2704 885 2723 ‚
925 2682 1049 2726 q'uum
1077 2673 1302 2725 chlamydes
1339 2679 1377 2710 et
1413 2686 1583 2711 coronae
1620 2680 1657 2711 et
1685 2671 1763 2711 alia

337 2723 518 2774 symbola
553 2727 632 2764 sint
674 2728 962 2780 Imperatorum
985 2730 997 2782 )
1025 2728 1129 2767 malo
1157 2741 1263 2766 nunc
1291 2741 1314 2766 a
1340 2726 1494 2781 vulgari
1525 2729 1765 2780 expositione
