1884 3132
301 143 417 217 676
464 201 466 204 ,
612 160 685 201 10.
724 158 830 201 iAc.
873 160 1067 200 musica
1105 157 1482 202 comm-„Numi

302 265 495 315 diversae,
524 279 621 304 aevo
637 264 769 304 medio
797 263 1013 303 admodum
1034 264 1249 317 frequentis
1275 278 1371 303 usus
1385 267 1532 303 erant.
1571 262 1741 318 Generis

304 328 438 359 autem
467 320 628 359 alterins
657 327 784 359 vestes
801 349 812 366 ‚
843 334 1014 371 quarum
1044 319 1197 357 colores
1226 321 1338 359 mixti
1366 334 1438 372 per
1463 325 1590 358 totam
1615 317 1736 357 telam

304 383 456 424 essent,
497 377 644 415 mixtas
681 374 949 428 appellabant.
1030 375 1199 412 Ioannes
1252 375 1466 428 Signiensis
1519 373 1642 427 (apud
1667 373 1737 412 Du

304 430 499 484 Cangium
543 445 584 469 v.
621 431 847 481 Iocularis).·
891 430 990 477 alii,
1010 429 1117 484 quod
1131 431 1296 484 proprie
1325 430 1554 468 iocularium
1571 438 1648 479 est,
1686 428 1741 466 ab

303 495 464 541 utroque
488 486 608 524 latere
647 485 785 524 divisis
821 485 1012 523 coloribus
1034 515 1045 532 ‚
1089 486 1182 523 item
1205 485 1341 523 mixtis
1355 514 1367 534 ‚
1407 486 1635 523 vestimenta
1662 497 1741 521 va-

302 541 474 579 riabant.
534 541 731 579 Henricus
761 540 811 578 de
830 540 1049 593 Knygthou
1082 539 1132 578 de
1154 539 1376 579 Eventibus
1402 538 1570 593 Angliae
1597 540 1645 578 L.
1663 538 1740 577 IV.

305 596 429 648 (apud
455 595 522 634 Du
555 596 751 649 Cangium
779 609 822 634 v.
850 595 1105 649 Liripipium)
1153 596 1208 633 ait
1234 595 1413 634 dominas
1435 596 1592 634 vestitas
1603 593 1739 646 fuisse

301 651 468 690 vestibus
487 652 659 705 partitis.
717 651 804 702 lpse
847 650 912 688 Du
934 650 1067 702 Gange
1096 649 1314 699 dubitavit,
1350 650 1551 703 quomodo
1596 661 1737 688 vocem

302 700 624 759 ἆσπροκόκκινος
661 705 859 744 redderet.
917 702 997 743 Dat
1027 706 1133 743 enim
1173 705 1212 742 in
1245 705 1311 743 Gl.
1343 705 1416 744 Gr.
1445 705 1491 744 h.
1518 719 1560 744 v.
1584 705 1759 759 partim·

301 761 412 799 albus
429 790 440 809 ,
467 761 618 815 partim
658 762 851 799 coccineus
885 758 949 799 vel
987 760 1180 798 coccineus
1206 760 1445 799 subalbidus.
1504 759 1561 799 At
1588 761 1629 797 in
1657 759 1738 798 La-

302 818 390 855 tino
415 817 741 871 lezccoporpliyfrtis
771 815 892 853 vertit
918 830 972 854 ex
993 829 1173 869 purpura
1192 815 1296 854 alba.
1351 814 1492 854 Voluit
1517 828 1737 868 purpuram

302 871 530 910 dilutiorem
561 870 692 909 dicere
720 874 825 921 (nam
843 884 1020 923 purpura
1050 869 1139 908 alba
1170 876 1229 908 est
1258 864 1525 920 ἀσύστατον),
1554 877 1600 908 ut
1626 876 1738 922 patet

256 969 259 972 ,
302 940 348 965 ex
377 926 515 965 addito
541 926 848 973 leucorhodz'nm,
890 924 999 977 quod
1027 924 1146 963 vertit
1167 939 1221 963 ex
1247 939 1355 963 roseo
1383 925 1511 963 colore
1535 925 1735 964 dilutiore.

413 981 460 1019 B.
488 980 642 1033 penult.
674 980 786 1034 [576‚
814 978 893 1034 ¹7⁴]
924 979 1225 1025 λευκολέοντας.
1266 979 1368 1017 Sunt
1398 982 1570 1018 intextae
1596 981 1741 1032 pannis

301 1035 429 1074 fundo
459 1035 616 1074 coloreo
656 1036 846 1088 imagines
887 1034 1078 1072 candidae
1107 1033 1267 1072 leonum
1295 1041 1495 1073 rectorum
1519 1037 1739 1086 stantium,

300 1090 367 1128 vel
396 1098 435 1129 et
471 1090 739 1128 incedentium
761 1121 772 1140 ‚
814 1096 882 1128 aut
919 1089 1038 1127 etiam
1071 1088 1232 1127 leonum
1271 1090 1462 1142 imagines
1488 1089 1667 1129 coloreae
1694 1091 1738 1128 in

301 1144 428 1184 fundo
457 1145 627 1184 candido
674 1146 780 1183 iutra
811 1143 1006 1182 circulum
1048 1144 1347 1196 comprehenso.
1404 1144 1639 1197 Conspicere
1666 1159 1738 1184 ve·-

301 1207 402 1238 stem
430 1199 534 1239 hanc
562 1198 653 1238 licet
689 1201 730 1238 in
760 1199 943 1238 eunucho
972 1199 1023 1237 ad
1043 1200 1221 1238 dextram
1258 1200 1514 1252 Imperatoris
1540 1207 1669 1238 stante
1695 1200 1738 1238 in

301 1254 372 1293 illa
401 1256 599 1308 imagine,
645 1269 767 1307 quam
797 1253 1062 1293 Ceremoniali
1098 1261 1236 1292 nostro
1263 1254 1540 1307 praefiximus,
1571 1255 1665 1293 item
1693 1256 1737 1294 in

301 1309 371 1348 illa
401 1311 537 1363 Magni
566 1310 689 1348 Ducis
729 1309 959 1361 Apocauci,
996 1323 1117 1361 quam
1146 1311 1249 1347 notis
1275 1310 1356 1348 suis
1384 1309 1436 1348 ad
1462 1309 1737 1362 Nicephorum

301 1363 522 1418 Gregoram
550 1365 715 1404 inseruit
757 1364 807 1403 cl.
849 1365 1042 1403 Boivinus
1079 1379 1121 1417 p.
1142 1364 1209 1402 52.
1240 1365 1370 1402 Latini
1410 1364 1510 1403 tales
1535 1364 1669 1404 leones
1695 1365 1738 1404 in

300 1433 392 1458 area
421 1420 596 1458 rotunda
621 1419 771 1458 circulo
800 1420 1098 1472 circumscripta
1125 1419 1258 1458 leones
1275 1421 1460 1458 inrotatos
1486 1419 1551 1459 vel
1577 1421 1740 1472 circum·

299 1484 445 1513 rotatos
473 1474 742 1528 appellabant.
812 1475 964 1514 Histor.
997 1475 1229 1527 Episcopor.
1256 1474 1479 1513 Antisidor.
1523 1475 1643 1527 (apud
1670 1475 1739 1514 Du

300 1528 498 1582 Cangium
527 1545 567 1569 v.
617 1530 930 1580 Cir-cumrotatzis)
945 1548 956 1568 .·
994 1532 1073 1569 tria
1098 1531 1434 1584 praestantissima
1470 1530 1602 1583 pallia
1630 1531 1742 1568 mille

302 1585 517 1623 solidorum
541 1586 670 1639 pretio
693 1587 907 1623 constancia
924 1614 935 1634 ‚
953 1599 1119 1640 quorum
1145 1599 1261 1624 imum
1290 1586 1436 1624 viridis
1458 1586 1599 1623 coloris
1617 1614 1629 1634 ,
1657 1586 1739 1624 leo-

302 1640 413 1677 nibus
436 1640 738 1678 multicoloribus
762 1641 1043 1678 circumrotatis
1065 1641 1202 1692 ficlget
1219 1670 1228 1685 ,
1268 1640 1473 1678 secundum
1503 1640 1740 1692 imaginibus

299 1708 433 1746 regum
469 1696 623 1749 pariter
676 1696 956 1733 circumrotatis
989 1696 1115 1748 regali
1145 1695 1260 1733 modo
1288 1695 1538 1749 equitantium
1578 1695 1704 1748 pollet
1723 1724 1736 1745 ,

299 1750 453 1787 tertium
476 1764 627 1804 quoque
653 1750 823 1788 leonibus
857 1751 1134 1789 auricoloribus
1169 1750 1448 1788 circumrotatis
1486 1749 1738 1803 adspicienti-

300 1803 369 1841 bus
408 1805 572 1843 arridet.
636 1804 825 1843 solebant
865 1819 1027 1858 quoque
1053 1805 1185 1844 leones
1224 1812 1263 1843 et
1295 1803 1471 1842 oviculas
1512 1804 1554 1841 in
1581 1811 1738 1843 textura

298 1859 477 1911 iungere.
501 1860 568 1897 Du
596 1859 727 1912 Gange
748 1874 787 1898 v.
818 1860 1006 1915 Scapolus
1021 1889 1034 1906 ‚
1066 1874 1169 1913 quae
1196 1859 1394 1898 oviculam
1423 1865 1563 1910 notat,
1591 1859 1741 1911 caligas

298 1913 506 1952 hrcudatas
537 1928 623 1953 cum
657 1916 822 1969 scapolis
843 1925 881 1954 et
907 1915 1076 1954 leonibus
1111 1914 1245 1953 habet.

411 1969 456 2006 B.
489 1968 562 2007 ult.
593 1968 710 2023 [576‚
738 1969 823 2023 18.]
870 1969 1165 2021 στρατωρίκια.
1242 1970 1355 2007 quta
1397 1970 1564 2008 formam
1593 1976 1631 2008 et
1657 1977 1741 2009 ter-

300 2023 561 2062 minationem
586 2038 699 2063 suam
727 2024 890 2063 deberet
917 2025 1015 2063 haec
1029 2038 1105 2063 vox
1136 2026 1324 2062 vestitum
1353 2032 1567 2063 stratorum
1581 2031 1737 2073 notare,

297 2084 345 2115 ut
370 2077 653 2131 καισαρίκιον,
683 2076 964 2131 σπαθαρίκιον
1001 2086 1095 2128 etc.;
1138 2081 1232 2131 quia
1259 2086 1393 2118 tamen
1436 2087 1624 2118 stratores
1654 2093 1739 2118 non

300 2136 474 2184 φορεῖν,
507 2133 615 2186 quod
645 2133 811 2172 verbum
842 2133 1001 2173 vestitui
1043 2136 1248 2186 proprium
1279 2142 1361 2182 est,
1409 2134 1478 2173 sed
1515 2131 1740 2185 βαστάζειν

297 2182 349 2224 τὰ
379 2187 665 2239 στρατωρίκια
684 2190 887 2240 dicuntur,
916 2188 1025 2242 quod
1055 2190 1104 2227 de
1126 2204 1170 2227 re
1200 2188 1368 2242 gestatili
1397 2191 1502 2228 inter
1528 2203 1668 2228 manus
1699 2195 1740 2227 et

297 2239 463 2279 libratili
480 2271 492 2293 ,
521 2251 567 2281 ut
597 2250 654 2282 est
683 2251 862 2291 scutum,
892 2244 1032 2287 hasta.
1060 2244 1242 2297 bipennis
1271 2252 1366 2294 etc„
1394 2252 1550 2283 tantum
1577 2244 1738 2293 dicitur,

297 2296 449 2334 credidi
478 2311 543 2335 me
562 2299 708 2337 rectius
728 2299 939 2346 facturum,
963 2301 995 2338 si
1020 2300 1303 2352 interpretarer
1322 2301 1458 2352 virgas
1479 2298 1739 2352 sibipeculia-

296 2363 369 2392 res,
427 2350 550 2391 Forte
577 2353 792 2392 debueram
823 2354 927 2392 idem
956 2353 1164 2392 consilium
1207 2362 1363 2392 secutus
1391 2368 1478 2404 esse·
1500 2351 1619 2405 paulo
1647 2359 1741 2390 ante

298 2418 341 2455 p.
364 2405 458 2444 532.
481 2407 534 2445 D.
560 2421 600 2461 9.
616 2415 655 2447 et
682 2409 898 2447 reddidisse
913 2423 994 2447 non
1022 2418 1156 2456 vestes,
1186 2409 1254 2447 sed
1281 2411 1413 2461 virgas
1427 2407 1737 2447 candidatorum.

299 2459 424 2498 Forte
451 2460 761 2511 κανδιδατίκια,
805 2460 1085 2513 σπαθαρίκια,
1128 2459 1613 2514 σπαθαροκανδιδατύεια
1641 2468 1736 2500 sunt

300 2515 436 2566 virgae
487 2517 815 2568 candidatorum,
870 2518 1159 2571 spathariorum
1177 2548 1187 2567 ‚
1226 2515 1731 2570 spatharocandidatorum.

302 2568 420 2606 Certe
447 2570 564 2617 infra,
598 2574 771 2611 sectione
798 2573 971 2611 secunda
998 2575 1136 2625 capitis
1164 2572 1246 2623 40„
1277 2571 1494 2610 stratoricia
1511 2599 1521 2617 ,
1551 2570 1735 2610 candida-

299 2623 410 2670 ticia,
440 2626 892 2675 spatharocandidaticia
920 2628 1147 2666 referuntur
1166 2630 1270 2665 inter
1287 2621 1337 2664 τὰ
1368 2619 1508 2675 σκεύη,
1539 2638 1562 2662 a
1589 2626 1736 2678 quibus

301 2675 455 2714 diversa
484 2687 602 2729 sunt,
643 2688 682 2719 et
717 2689 763 2720 ut
810 2682 966 2721 diversa
1004 2683 1123 2735 paulo
1164 2688 1253 2734 post
1292 2680 1450 2718 seorsim
1481 2687 1736 2719 recensentur

300 2733 530 2772 mutatoria.
586 2735 666 2774 Sed
695 2737 770 2775 isto
795 2737 958 2788 quidem
986 2738 1028 2776 in
1067 2736 1155 2775 loco
1183 2749 1270 2774 eam
1297 2735 1581 2787 interpretandi
1610 2738 1735 2775 ratio-
