1826 3126
204 212 280 258 An
319 210 614 258 consrm.
651 210 848 263 ponpa.
887 207 958 252 DE
995 210 1175 254 cmm.
1208 206 1310 254 nn.
1348 206 1383 251 ι.
1429 184 1506 265 49

71 316 223 370 equites
262 317 432 370 insignia
464 328 560 354 suae
579 315 745 368 quisque
779 313 906 366 gentis
934 313 975 353 in
1005 315 1150 364 armis,
1178 314 1256 354 hoc
1281 319 1339 365 ast
1360 312 1507 364 scuti35

57 372 283 426 gererent,
319 371 412 410 inde
438 370 590 409 factum
620 375 704 418 est,
738 375 785 406 ut
814 368 854 406 id
872 397 883 417 ‚
922 369 1031 422 quod
1057 371 1098 408 in
1128 370 1247 408 armis
1270 369 1421 422 pictum
1446 382 1509 407 es3

70 434 131 466 set
146 456 159 476 ‚
192 440 396 465 armorum
418 425 502 479 ipso
531 424 693 463 nomine
715 424 979 475 metonymice
1010 424 1223 463 diceretur.
1279 424 1388 463 Scuti
1418 422 1509 462 talis

70 475 167 520 cum
208 474 426 534 insignibus
444 509 457 530 ,
494 485 535 529 et
560 470 758 531 spatharii
794 476 860 515 vel
898 478 1107 517 Candidati
1142 479 1239 532 regii
1267 493 1358 517 cum
1394 474 1510 518 hasta

71 544 231 575 scutum
261 535 431 574 tenentis
466 533 603 573 videre
633 539 691 571 est
729 532 939 584 imaginem
973 533 1013 570 in
1040 533 1107 572 illa
1134 534 1364 572 Ravennate
1391 533 1510 572 lusti-²

71 591 182 630 niani
201 591 280 639 M.‚
312 589 364 628 de
397 602 478 642 qua
502 585 638 642 paullo
662 593 753 625 ante
783 586 890 635 dixi,
935 588 1043 640 apud
1068 587 1337 638 Alemannum
1371 595 1410 626 et
1439 589 1509 627 Du

72 645 206 698 Gange
234 637 352 684 Fam.
369 637 485 696 Byz.‚
513 644 605 681 item
635 641 741 694 apud
773 641 967 694 Ciampin.
986 643 1039 680 T.
1062 643 1118 680 ΙΙ.
1139 644 1323 681 Monum.
1347 644 1507 682 Vetust.

69 699 158 738 tab.
186 713 275 749 22.-
311 698 394 749 Qui
420 697 729 750 lmperatoribus
759 696 928 735 CPtanis
953 697 1155 736 adstarent
1179 698 1376 750 Spatharii
1394 727 1405 747 ,
1438 706 1510 737 aut

72 747 308 803 Candidati,
339 760 411 791 aut
429 753 678 792 Protectores
692 780 704 800 ‚
740 753 880 790 armati
895 759 1009 790 erant
1026 759 1138 791 scuto
1155 760 1195 790 ct
1220 752 1356 803 hasta3
1393 751 1510 792 erant

161 809 169 816 ”
196 809 254 847 eri
283 821 449 859 eorum3
481 807 671 860 quoniam
691 807 793 860 ipsos
807 807 909 860 Imp.
927 821 1037 845 arma
1055 815 1205 860 gestare
1227 821 1308 846 non
1325 807 1506 846 decebat.

71 858 172 902 Inde
198 857 371 902 Saum-ii
392 861 489 901 olim
515 862 610 900 dicti
652 856 702 901 τιὶ
734 859 848 913 α’μφί
875 858 946 900 τὸν
974 862 1152 912 βασιλέα
1179 859 1368 913 τάγματα
1382 893 1397 912 ‚q
1434 874 1508 901 ειη-ἱ

70 925 181 957 ctore
204 918 361 956 Zosimo
391 917 468 956 111.
500 931 541 970 p.
579 912 668 956 188.
699 915 816 954 Cous.
842 907 977 955 vales.
1003 917 1055 955 ad
1084 916 1222 955 Amm.
1252 909 1434 956 Marcell.
1460 932 1505 970 p.

71 967 170 1012 552.
226 970 348 1012 Unde
375 979 483 1025 patet
513 972 724 1023 dictionem
744 970 871 1010 Nostri
903 986 945 1025 p.
971 973 1065 1026 237.
1121 968 1166 1011 τὸ
1198 963 1313 1022 ἅρμα
1346 975 1510 1023 agnum

70 1040 144 1066 ται
170 1034 277 1066 recte
299 1026 495 1066 redditam
523 1041 547 1066 a
563 1025 678 1066 nobis
702 1021 822 1065 fuisse
845 1035 959 1065 arma
974 1056 986 1077 ‚
1020 1027 1061 1077 id
1084 1034 1276 1079 estuscuta
1299 1034 1338 1066 et
1353 1027 1508 1078 hastae,

71 1090 271 1132 tenentur,
316 1086 359 1120 et·
394 1081 503 1135 apud
537 1083 683 1134 Georg.
717 1076 908 1134 Monach.
935 1096 977 1135 p.
1010 1081 1258 1134 544.1Α.4.
1289 1077 1396 1132 μετὰ
1430 1079 1509 1133 ἆρ-

70 1131 215 1188 μᾶτων
238 1137 476 1176 vertendum
503 1150 584 1176 esse
608 1151 693 1175 cum
717 1137 962 1191 stipator-ihm
983 1137 1159 1186 scutatis,
1196 1129 1262 1175 vel
1283 1138 1506 1189 amager-115.

71 1191 198 1242 Nam,
238 1205 290 1231 ne
325 1191 501 1231 dicamus
541 1191 754 1231 dictionem
782 1205 870 1244 eam
898 1191 953 1230 ibi
992 1192 1210 1245 significare
1244 1206 1329 1230 cum
1364 1201 1508 1244 magno

70 1259 230 1285 numero
254 1256 434 1286 eumcum
449 1275 461 1295 ‚
493 1246 559 1286 vel
585 1261 793 1300 procerum
816 1247 859 1285 in
888 1243 1071 1286 curribus
1094 1245 1393 1300 procedentium
1406 1275 1418 1295 ‚
1454 1246 1508 1284 faa

72 1299 128 1353 cit
155 1314 240 1340 mos
265 1300 381 1341 aulae
407 1302 592 1341 CPtanae
605 1331 617 1351 ,
663 1313 745 1358 quo
777 1316 858 1340 non
891 1297 1036 1340 licebat
1065 1301 1133 1340 alii
1166 1302 1352 1355 cuiquam
1385 1315 1509 1340 curru

74 1350 168 1395 vehi
206 1355 249 1394 in
283 1357 529 1410 processione
562 1354 723 1410 publica
737 1384 753 1409 ⁹.
793 1357 826 1396 si
856 1358 1075 1410 Imperator
1108 1365 1230 1396 curru
1267 1355 1507 1407 veheretur,

73 1409 144 1449 sed
178 1423 316 1463 omnes
345 1426 528 1465 proceres
561 1419 631 1450 aut
666 1412 816 1465 pedites
847 1405 1193 1466 obsequebantur,
1233 1419 1304 1451 aut
1317 1436 1330 1462 5
1362 1424 1511 1464 magno

59 1458 228 1504 ‘honore
250 1465 379 1505 affecti
395 1494 408 1517 ‚
442 1467 608 1520 equites.
635 1467 697 1506 Ex
713 1481 760 1506 eo
779 1467 941 1506 tandem
957 1482 1116 1521 quoque
1136 1467 1304 1516 factum,
1335 1473 1382 1515 ut
1403 1460 1510 1516 '³49⁴

74 1532 139 1567 μα
162 1533 309 1558 nomen
339 1529 439 1560 esset
472 1521 560 1560 loco
589 1522 632 1560 in
668 1523 783 1560 Circo
801 1551 813 1572 ‚
848 1522 919 1561 ubi
946 1523 1145 1574 Armigeri
1180 1523 1222 1561 in
1257 1522 1402 1570 armis,
1432 1519 1512 1559 hoc

76 1580 164 1625 est,
194 1574 337 1613 scutati
367 1583 408 1614 et
439 1575 583 1615 hastati
610 1576 771 1615 stabant
788 1606 800 1626 ‚
835 1577 885 1615 de
914 1591 995 1629 quo
1021 1577 1202 1616 inferius.
1380 1623 1384 1626 θ

188 1629 243 1667 D.
265 1627 342 1668 ult.
370 1629 437 1683 [7‚
456 1629 525 1684 7.]
575 1629 631 1684 τῷ
674 1624 888 1684 ὄκταγαὶνῳ
917 1623 1203 1684 κοιγβουκ).ει’ῳ.
1258 1625 1578 1683 ΡαΙεῒίειήεεὲΕᾶ.
1590 1625 1629 1667 Ῐι.
1646 1627 1688 1669 {fl

76 1681 181 1722 stiva
202 1682 268 1722 vel
284 1686 461 1737 porticus
479 1683 753 1737 octangularoe
772 1685 1006 1724 aedificandi
1029 1699 1114 1724 mos
1138 1686 1270 1724 adhuc
1294 1686 1336 1724 in
1361 1686 1516 1724 oriente

75 1736 231 1776 obtinet
246 1768 258 1786 ‚
291 1745 338 1776 ut
358 1753 381 1778 e
403 1736 508 1778 della
531 1738 648 1778 Valle
671 1740 808 1778 Itiner.
834 1734 882 1778 L.
908 1740 980 1791 IV.
1011 1739 1072 1790 14.
1102 1748 1281 1788 constat,v
1316 1741 1386 1793 qui
1417 1740 1515 1791 talia

77 1792 261 1831 aedificia
282 1794 480 1842 rotunda,
517 1801 588 1832 aut
610 1790 861 1848 multangula
874 1825 886 1842 ‚
926 1795 1319 1834 deambulationibus
1338 1795 1516 1834 destina-

78 1852 121 1885 ta
136 1876 148 1894 ‚
187 1847 229 1886 in
254 1862 429 1900 quorum
458 1847 587 1902 planis
606 1851 720 1889 tectis
735 1879 746 1897 ‚
786 1864 887 1902 quae
913 1857 1048 1888 tamen
1074 1851 1335 1902 podiamentis
1358 1864 1429 1901 seu
1450 1860 1515 1903 pe-

77 1900 295 1942 ctoralibus
313 1911 474 1952 carent,
506 1903 755 1943 deambulari
771 1935 782 1951 ‚
821 1904 906 1944 ludi
931 1919 1091 1958 quoque
1116 1904 1221 1957 pila,
1250 1906 1437 1956 nonsssine
1461 1912 1515 1944 te-v

76 1956 281 2006 meritam,
325 1972 442 2012 saepe
464 1973 557 1998 cum
593 1960 699 1998 vitae
731 1960 883 1998 iactura
914 1960 1037 2007 solet,
1071 1960 1253 2013 perhibet
1279 1974 1304 1998 a
1321 1961 1452 1999 Persis
1474 1962 1516 2000 et

75 2020 220 2061 Turcis
267 2023 410 2062 Gimek
436 2023 653 2078 appellari,
690 2025 800 2079 quod
823 2025 979 2065 Arabes
1016 2029 1180 2084 (γυ-’ξ’
1208 2027 1394 2072 exarant,
1433 2033 1514 2079 qua

55 2075 126 2114 'de
148 2090 247 2116 voce
271 2077 324 2117 ad
347 2078 593 2118 Abulsedam
617 2094 705 2134 ago.
767 2081 998 2128 Con-idom,
1030 2083 1062 2119 si
1091 2081 1193 2119 bene
1221 2081 1409 2127 memini,-
1450 2087 1514 2120 taa

73 2128 132 2169 les
151 2130 320 2184 galeriae
350 2133 393 2172 in
419 2134 633 2182 circulum,
664 2148 733 2174 seu
753 2136 972 2174 rotundum
988 2166 999 2183 ‚
1034 2150 1104 2174 seu
1129 2135 1381 2189 angularem.
1407 2136 1515 2175 intra

71 2197 156 2224 sese
175 2186 381 2227 revolutae
410 2196 450 2228 et
467 2189 678 2230 redeuntes
701 2190 952 2244 appellantur
972 2191 1024 2230 ab
1042 2191 1164 2230 Italis.-
1345 2238 1350 2241 Π
1499 2228 1502 2229 ⁷

187 2240 226 2279 5.
253 2241 306 2279 A.
336 2256 370 2280 1.
409 2242 470 2297 [7‚
497 2243 560 2298 7.]
612 2245 799 2299 παλατίῳ
823 2245 895 2297 τῆς
918 2241 1104 2299 Δάφνης.
1162 2246 1210 2283 In
1230 2245 1416 2284 omnibus
1436 2246 1513 2284 im·-

74 2295 174 2346 perii
196 2295 367 2335 Romani
393 2299 612 2338 maioribus
635 2299 829 2347 urbibus,
869 2300 945 2338 illis
967 2308 1072 2340 certe
1087 2331 1097 2347 ,
1142 2307 1244 2353 quae
1265 2301 1424 2339 Circum
1446 2301 1514 2340 ha·

74 2348 242 2399 herent,
278 2358 349 2389 aut
370 2352 572 2392 theatrum
585 2384 596 2401 ‚
630 2355 694 2394 vel
715 2355 1056 2408 amphitheatrum
1069 2386 1080 2403 ‚
1118 2363 1158 2394 et
1190 2355 1304 2394 ludos
1325 2355 1515 2403 ederent.

76 2411 192 2442 erant
227 2419 388 2459 quoque
418 2407 637 2461 Daphnae,
684 2409 725 2448 id
759 2417 818 2449 est
849 2410 1090 2456 tribunalia,—
1132 2409 1198 2449 vel
1223 2409 1431 2457 basilicae.
1472 2411 1515 2450 iu

75 2458 223 2511 quibus
251 2460 411 2500 laureae
436 2463 656 2503 victoribus
692 2466 1005 2517 imponerentur.
1064 2466 1146 2514 Qui
1181 2479 1266 2504 mos
1296 2466 1515 2504 victoribus

78 2515 246 2553 coronas
268 2516 309 2554 in
335 2516 484 2556 talibus
510 2517 779 2558 tribunalibus
814 2520 996 2572 Daphnis
1021 2519 1135 2569 dictis
1165 2520 1368 2559 tribuendi
1394 2535 1474 2558 non
1489 2534 1516 2559 a

75 2566 327 2608 Diocletiano
347 2572 478 2624 coepit
493 2601 504 2618 ‚
539 2573 648 2626 quod
672 2575 812 2612 coniici
837 2581 967 2627 posset
999 2587 1021 2612 e
1049 2573 1181 2613 verbis
1209 2574 1379 2614 Malalae
1402 2576 1454 2612 T.
1476 2575 1514 2614 Iz'

74 2635 117 2673 p.
140 2621 235 2675 407.
293 2624 339 2663 ἐν
363 2626 424 2679 ,τῇ
456 2626 554 2681 θείᾳ
592 2622 727 2666 adron?
754 2626 937 2676 διατάξει
958 2627 1170 2667 ἐκέλευσεν
1189 2627 1234 2668 ἐν·
1256 2628 1408 2682 Δάφνῃ
1438 2628 1516 2667 δα-

76 2677 290 2734 φνολῦσθαι
309 2675 408 2725 τούς
432 2679 759 2731 ἀγωνιζομένους
782 2681 828 2722 ἐν
853 2683 911 2737 τῷ
935 2680 1065 2732 ἀγῶνι
1087 2681 1347 2733 Ὀλὺμήίων,
1373 2692 1517 2736 nempe

79 2728 427 2772 Antiocheam-um
442 2764 454 2781 ‚
494 2749 576 2774 non
601 2737 851 2776 pisanorum.
913 2739 926 2786 (
939 2737 1050 2775 Idem
1066 2737 1214 2777 Malala
1231 2739 1283 2776 T.
1306 2739 1361 2776 11.
1382 2753 1424 2791 p.
1443 2738 1511 2778 62.

79 2783 351 2838 Δαφνητικήν
366 2788 603 2829 Antiochiae
621 2793 800 2830 nominat
813 2821 824 2835 ,
850 2791 1099 2846 subintellige
1115 2793 1331 2833 Basilicam
1344 2821 1355 2841 ‚
1379 2794 1518 2846 aitque

124 2853 386 2891 conetantinus
412 2859 588 2905 Porphyr.
609 2861 683 2895 Vol.
709 2861 758 2896 11.
1233 2861 1256 2906 4
