<?xml version="1.0" encoding="UTF-8"?>
<!DOCTYPE html PUBLIC "-//W3C//DTD XHTML 1.0 Transitional//EN"
    "http://www.w3.org/TR/xhtml1/DTD/xhtml1-transitional.dtd">
<html xmlns="http://www.w3.org/1999/xhtml" xml:lang="en" lang="en">
 <head>
  <title>
</title>
<meta http-equiv="Content-Type" content="text/html;charset=utf-8" />
  <meta name='ocr-system' content='tesseract 3.04.00' />
  <meta name='ocr-capabilities' content='ocr_page ocr_carea ocr_par ocr_line ocrx_word'/>
</head>
<body>
  <div class='ocr_page' id='page_1' title='image "./corpusscriptorum08niebuoft_0687.png"; bbox 0 0 1884 3132; ppageno 0'>
   <div class='ocr_carea' id='block_1_1' title="bbox 182 104 1535 179">
    <p class='ocr_par' dir='ltr' id='par_1_1' title="bbox 182 104 1535 179">
     <span class='ocr_line' id='line_1_1' title="bbox 182 104 1535 179; baseline -0.003 -15"><span class='ocrx_word' id='word_1_1' title='bbox 182 123 258 165; x_wconf 76' lang='lat' dir='ltr'>An</span> <span class='ocrx_word' id='word_1_2' title='bbox 298 120 936 165; x_wconf 66' lang='lat' dir='ltr'>coNsrAm.P0R1›11.nE</span> <span class='ocrx_word' id='word_1_3' title='bbox 972 123 1153 166; x_wconf 70' lang='lat' dir='ltr'>cmm.</span> <span class='ocrx_word' id='word_1_4' title='bbox 1193 123 1291 164; x_wconf 78' lang='lat' dir='ltr'>Lm.</span> <span class='ocrx_word' id='word_1_5' title='bbox 1329 125 1381 164; x_wconf 88' lang='lat'>11.</span> <span class='ocrx_word' id='word_1_6' title='bbox 1421 104 1535 179; x_wconf 86' lang='lat'>679</span> 
     </span>
    </p>
   </div>
   <div class='ocr_carea' id='block_1_2' title="bbox 55 225 1536 2738">
    <p class='ocr_par' dir='ltr' id='par_1_2' title="bbox 55 225 1536 2738">
     <span class='ocr_line' id='line_1_2' title="bbox 103 225 1536 292; baseline 0 -26"><span class='ocrx_word' id='word_1_7' title='bbox 103 227 245 266; x_wconf 74' lang='lat' dir='ltr'>menst&#39;s</span> <span class='ocrx_word' id='word_1_8' title='bbox 263 227 413 266; x_wconf 65' lang='lat' dir='ltr'>decim:</span> <span class='ocrx_word' id='word_1_9' title='bbox 435 241 476 269; x_wconf 87' lang='lat' dir='ltr'>a.</span> <span class='ocrx_word' id='word_1_10' title='bbox 513 225 610 279; x_wconf 82' lang='lat'><strong>468.</strong></span> <span class='ocrx_word' id='word_1_11' title='bbox 645 228 864 267; x_wconf 77' lang='lat' dir='ltr'>celebrabat</span> <span class='ocrx_word' id='word_1_12' title='bbox 877 227 987 267; x_wconf 81' lang='lat' dir='ltr'>Nasr</span> <span class='ocrx_word' id='word_1_13' title='bbox 999 229 1158 292; x_wconf 77' lang='lat' dir='ltr'>fiscum</span> <span class='ocrx_word' id='word_1_14' title='bbox 1186 227 1398 283; x_wconf 69' lang='grc' dir='ltr'>Καρίαν-αι’,</span> <span class='ocrx_word' id='word_1_15' title='bbox 1433 225 1536 283; x_wconf 89' lang='lat' dir='ltr'>[quo</span> 
     </span>
     <span class='ocr_line' id='line_1_3' title="bbox 103 279 1536 335; baseline 0.003 -16"><span class='ocrx_word' id='word_1_16' title='bbox 103 295 248 334; x_wconf 83' lang='lat' dir='ltr'><strong>nempe</strong></span> <span class='ocrx_word' id='word_1_17' title='bbox 273 283 466 321; x_wconf 85' lang='lat' dir='ltr'>ieiunium</span> <span class='ocrx_word' id='word_1_18' title='bbox 493 290 738 322; x_wconf 83' lang='lat' dir='ltr'>menstruum</span> <span class='ocrx_word' id='word_1_19' title='bbox 767 284 999 335; x_wconf 79' lang='lat' dir='ltr'><strong>rumpitur,</strong></span> <span class='ocrx_word' id='word_1_20' title='bbox 1031 279 1258 322; x_wconf 77' lang='grc' dir='ltr'><em>κατάλυσιν</em></span> <span class='ocrx_word' id='word_1_21' title='bbox 1285 285 1382 322; x_wconf 86' lang='lat' dir='ltr'>novi</span> <span class='ocrx_word' id='word_1_22' title='bbox 1410 285 1536 323; x_wconf 85' lang='lat' dir='ltr'>Grae-</span> 
     </span>
     <span class='ocr_line' id='line_1_4' title="bbox 104 335 1534 392; baseline 0.003 -18"><span class='ocrx_word' id='word_1_23' title='bbox 104 337 141 374; x_wconf 85' lang='lat' dir='ltr'>ci</span> <span class='ocrx_word' id='word_1_24' title='bbox 163 335 405 390; x_wconf 81' lang='lat' dir='ltr'>appellant‚]</span> <span class='ocrx_word' id='word_1_25' title='bbox 434 338 541 391; x_wconf 82' lang='lat' dir='ltr'>quod</span> <span class='ocrx_word' id='word_1_26' title='bbox 571 351 686 392; x_wconf 84' lang='lat' dir='ltr'>quum</span> <span class='ocrx_word' id='word_1_27' title='bbox 710 351 758 377; x_wconf 86' lang='lat' dir='ltr'>eo</span> <span class='ocrx_word' id='word_1_28' title='bbox 780 352 884 377; x_wconf 82' lang='lat' dir='ltr'>armo</span> <span class='ocrx_word' id='word_1_29' title='bbox 924 351 967 376; x_wconf 84' lang='grc' dir='ltr'>ιη</span> <span class='ocrx_word' id='word_1_30' title='bbox 996 352 1162 377; x_wconf 79' lang='lat' dir='ltr'>vernam</span> <span class='ocrx_word' id='word_1_31' title='bbox 1191 347 1448 392; x_wconf 80' lang='lat' dir='ltr'><em>tempestatem</em></span> <span class='ocrx_word' id='word_1_32' title='bbox 1470 341 1534 378; x_wconf 86' lang='lat' dir='ltr'>in-</span> 
     </span>
     <span class='ocr_line' id='line_1_5' title="bbox 100 391 1534 448; baseline 0.002 -19"><span class='ocrx_word' id='word_1_33' title='bbox 100 391 272 441; x_wconf 59' lang='lat' dir='ltr'>cido-et,</span> <span class='ocrx_word' id='word_1_34' title='bbox 296 391 386 446; x_wconf 82' lang='lat' dir='ltr'>fieb</span> <span class='ocrx_word' id='word_1_35' title='bbox 387 400 453 438; x_wconf 87' lang='lat' dir='ltr'>at,</span> <span class='ocrx_word' id='word_1_36' title='bbox 510 401 554 430; x_wconf 81' lang='lat' dir='ltr'>ut</span> <span class='ocrx_word' id='word_1_37' title='bbox 586 406 717 431; x_wconf 80' lang='lat' dir='ltr'>omnes</span> <span class='ocrx_word' id='word_1_38' title='bbox 747 393 790 431; x_wconf 83' lang='lat' dir='ltr'>in</span> <span class='ocrx_word' id='word_1_39' title='bbox 816 393 1162 446; x_wconf 63' lang='grc' dir='ltr'>ερίεηιίιᾱιὶςειιηιῖς,</span> <span class='ocrx_word' id='word_1_40' title='bbox 1206 394 1341 447; x_wconf 81' lang='lat' dir='ltr'>quibus</span> <span class='ocrx_word' id='word_1_41' title='bbox 1373 394 1534 448; x_wconf 75' lang='lat' dir='ltr'>qzu&#39;sque</span> 
     </span>
     <span class='ocr_line' id='line_1_6' title="bbox 154 447 1533 501; baseline 0.001 -17"><span class='ocrx_word' id='word_1_42' title='bbox 154 447 562 496; x_wconf 65' lang='lat' dir='ltr'>cmlcsee,mutator11&#39;s</span> <span class='ocrx_word' id='word_1_43' title='bbox 597 460 851 501; x_wconf 69' lang='lat' dir='ltr'>maxtmoque</span> <span class='ocrx_word' id='word_1_44' title='bbox 885 461 1045 486; x_wconf 83' lang='lat' dir='ltr'>numero</span> <span class='ocrx_word' id='word_1_45' title='bbox 1088 448 1147 486; x_wconf 86' lang='lat' dir='ltr'>ad</span> <span class='ocrx_word' id='word_1_46' title='bbox 1169 449 1392 501; x_wconf 77' lang='lat' dir='ltr'><em>principem</em></span> <span class='ocrx_word' id='word_1_47' title='bbox 1435 462 1533 500; x_wconf 78' lang='lat' dir='ltr'>gra-</span> 
     </span>
     <span class='ocr_line' id='line_1_7' title="bbox 101 501 1532 557; baseline 0.002 -19"><span class='ocrx_word' id='word_1_48' title='bbox 101 501 261 539; x_wconf 79' lang='lat' dir='ltr'>tulandi</span> <span class='ocrx_word' id='word_1_49' title='bbox 297 515 414 539; x_wconf 79' lang='lat' dir='ltr'>causa</span> <span class='ocrx_word' id='word_1_50' title='bbox 443 501 686 556; x_wconf 72' lang='lat' dir='ltr'>oorficoemnt.</span> <span class='ocrx_word' id='word_1_51' title='bbox 747 502 904 540; x_wconf 81' lang='lat' dir='ltr'><em>Aderat</em></span> <span class='ocrx_word' id='word_1_52' title='bbox 933 510 1016 540; x_wconf 82' lang='lat' dir='ltr'>tum</span> <span class='ocrx_word' id='word_1_53' title='bbox 1043 516 1196 557; x_wconf 78' lang='lat' dir='ltr'>quoque</span> <span class='ocrx_word' id='word_1_54' title='bbox 1235 502 1313 541; x_wconf 79' lang='lat' dir='ltr'>Iba</span> <span class='ocrx_word' id='word_1_55' title='bbox 1344 502 1532 541; x_wconf 70' lang='lat' dir='ltr'>Gzoimclz</span> 
     </span>
     <span class='ocr_line' id='line_1_8' title="bbox 98 554 1531 610; baseline 0.003 -18"><span class='ocrx_word' id='word_1_56' title='bbox 98 554 276 610; x_wconf 71' lang='lat' dir='ltr'>elludque</span> <span class='ocrx_word' id='word_1_57' title='bbox 299 569 458 594; x_wconf 79' lang='lat' dir='ltr'>carmen</span> <span class='ocrx_word' id='word_1_58' title='bbox 490 556 698 603; x_wconf 72' lang='lat' dir='ltr'><em>recitabat,</em></span> <span class='ocrx_word' id='word_1_59' title='bbox 735 558 840 595; x_wconf 80' lang='lat' dir='ltr'>cuius</span> <span class='ocrx_word' id='word_1_60' title='bbox 870 557 964 594; x_wconf 69' lang='lat' dir='ltr'>llaec</span> <span class='ocrx_word' id='word_1_61' title='bbox 993 566 1080 610; x_wconf 67' lang='lat' dir='ltr'>sunt</span> <span class='ocrx_word' id='word_1_62' title='bbox 1108 566 1178 598; x_wconf 81' lang='lat' dir='ltr'>ecc.</span> <span class='ocrx_word' id='word_1_63' title='bbox 1242 557 1444 596; x_wconf 79' lang='lat' dir='ltr'>Instructis</span> <span class='ocrx_word' id='word_1_64' title='bbox 1467 559 1531 597; x_wconf 82' lang='lat' dir='ltr'>in-</span> 
     </span>
     <span class='ocr_line' id='line_1_9' title="bbox 99 609 1531 665; baseline 0.001 -17"><span class='ocrx_word' id='word_1_65' title='bbox 99 609 152 648; x_wconf 84' lang='lat' dir='ltr'>de</span> <span class='ocrx_word' id='word_1_66' title='bbox 185 610 309 664; x_wconf 81' lang='lat' dir='ltr'>epulis</span> <span class='ocrx_word' id='word_1_67' title='bbox 331 610 495 663; x_wconf 82' lang='lat' dir='ltr'>potabat</span> <span class='ocrx_word' id='word_1_68' title='bbox 526 610 636 651; x_wconf 64' lang='lat' dir='ltr'>Nast-</span> <span class='ocrx_word' id='word_1_69' title='bbox 680 626 796 649; x_wconf 70' lang='lat' dir='ltr'>usmte</span> <span class='ocrx_word' id='word_1_70' title='bbox 819 611 878 650; x_wconf 86' lang='lat' dir='ltr'>ad</span> <span class='ocrx_word' id='word_1_71' title='bbox 909 625 1127 664; x_wconf 82' lang='lat' dir='ltr'>vesperam.</span> <span class='ocrx_word' id='word_1_72' title='bbox 1166 634 1217 640; x_wconf 91' lang='lat'>—-</span> <span class='ocrx_word' id='word_1_73' title='bbox 1259 613 1385 665; x_wconf 81' lang='lat' dir='ltr'>Igitur</span> <span class='ocrx_word' id='word_1_74' title='bbox 1422 612 1531 650; x_wconf 85' lang='lat' dir='ltr'>festis</span> 
     </span>
     <span class='ocr_line' id='line_1_10' title="bbox 99 625 1530 719; baseline 0.003 -17"><span class='ocrx_word' id='word_1_75' title='bbox 99 664 375 703; x_wconf 78' lang='lat' dir='ltr'>tantummodo</span> <span class='ocrx_word' id='word_1_76' title='bbox 395 664 536 705; x_wconf 88' lang='lat' dir='ltr'>diebus</span> <span class='ocrx_word' id='word_1_77' title='bbox 560 664 618 704; x_wconf 87' lang='lat' dir='ltr'>illi</span> <span class='ocrx_word' id='word_1_78' title='bbox 645 625 806 704; x_wconf 59' lang='lat' dir='ltr'>Arabici</span> <span class='ocrx_word' id='word_1_79' title='bbox 827 668 965 719; x_wconf 87' lang='lat' dir='ltr'>poe&#39;tae</span> <span class='ocrx_word' id='word_1_80' title='bbox 982 667 1160 704; x_wconf 85' lang='lat' dir='ltr'>carmina</span> <span class='ocrx_word' id='word_1_81' title='bbox 1182 681 1253 705; x_wconf 85' lang='lat' dir='ltr'>sua</span> <span class='ocrx_word' id='word_1_82' title='bbox 1275 682 1352 706; x_wconf 91' lang='lat' dir='ltr'>non</span> <span class='ocrx_word' id='word_1_83' title='bbox 1370 666 1530 706; x_wconf 83' lang='lat' dir='ltr'>exhibe-</span> 
     </span>
     <span class='ocr_line' id='line_1_11' title="bbox 99 718 1529 774; baseline 0.002 -17"><span class='ocrx_word' id='word_1_84' title='bbox 99 718 199 757; x_wconf 78' lang='lat' dir='ltr'>bant</span> <span class='ocrx_word' id='word_1_85' title='bbox 218 722 379 772; x_wconf 84' lang='lat' dir='ltr'>scripta,</span> <span class='ocrx_word' id='word_1_86' title='bbox 395 726 441 757; x_wconf 90' lang='lat' dir='ltr'>ut</span> <span class='ocrx_word' id='word_1_87' title='bbox 457 721 620 767; x_wconf 81' lang='lat' dir='ltr'>G1aec1</span> <span class='ocrx_word' id='word_1_88' title='bbox 652 720 719 759; x_wconf 84' lang='lat' dir='ltr'>sed</span> <span class='ocrx_word' id='word_1_89' title='bbox 751 735 820 759; x_wconf 89' lang='lat' dir='ltr'>ore</span> <span class='ocrx_word' id='word_1_90' title='bbox 841 723 913 774; x_wconf 85' lang='lat' dir='ltr'>ipsi</span> <span class='ocrx_word' id='word_1_91' title='bbox 930 721 1163 767; x_wconf 80' lang='lat' dir='ltr'>1ecitabant‚</span> <span class='ocrx_word' id='word_1_92' title='bbox 1193 729 1238 759; x_wconf 90' lang='lat' dir='ltr'>ut</span> <span class='ocrx_word' id='word_1_93' title='bbox 1258 722 1322 760; x_wconf 85' lang='lat' dir='ltr'>die</span> <span class='ocrx_word' id='word_1_94' title='bbox 1342 722 1529 774; x_wconf 82' lang='lat' dir='ltr'>principis</span> 
     </span>
     <span class='ocr_line' id='line_1_12' title="bbox 97 773 1528 839; baseline 0.002 -27"><span class='ocrx_word' id='word_1_95' title='bbox 97 773 235 824; x_wconf 78' lang='lat' dir='ltr'>natali,</span> <span class='ocrx_word' id='word_1_96' title='bbox 258 773 322 812; x_wconf 91' lang='lat' dir='ltr'>die</span> <span class='ocrx_word' id='word_1_97' title='bbox 357 774 479 813; x_wconf 79' lang='lat' dir='ltr'>natali</span> <span class='ocrx_word' id='word_1_98' title='bbox 501 775 820 825; x_wconf 85' lang='lat' dir='ltr'>Muhammedis‚</span> <span class='ocrx_word' id='word_1_99' title='bbox 857 776 923 815; x_wconf 90' lang='lat' dir='ltr'>die</span> <span class='ocrx_word' id='word_1_100' title='bbox 964 776 1169 839; x_wconf 81' lang='lat' dir='ltr'>Rupturae</span> <span class='ocrx_word' id='word_1_101' title='bbox 1209 790 1279 814; x_wconf 88' lang='lat' dir='ltr'>seu</span> <span class='ocrx_word' id='word_1_102' title='bbox 1319 776 1528 816; x_wconf 74' lang='lat' dir='ltr'>paschatis</span> 
     </span>
     <span class='ocr_line' id='line_1_13' title="bbox 98 828 1528 894; baseline 0.002 -28"><span class='ocrx_word' id='word_1_103' title='bbox 98 828 291 878; x_wconf 85' lang='lat' dir='ltr'>minoris,</span> <span class='ocrx_word' id='word_1_104' title='bbox 321 829 417 867; x_wconf 89' lang='lat' dir='ltr'>item</span> <span class='ocrx_word' id='word_1_105' title='bbox 446 829 640 869; x_wconf 87' lang='lat' dir='ltr'>Paschate</span> <span class='ocrx_word' id='word_1_106' title='bbox 672 844 742 869; x_wconf 87' lang='lat' dir='ltr'>seu</span> <span class='ocrx_word' id='word_1_107' title='bbox 772 831 927 869; x_wconf 82' lang='lat' dir='ltr'>Bairam</span> <span class='ocrx_word' id='word_1_108' title='bbox 950 832 1129 880; x_wconf 81' lang='lat' dir='ltr'>maiore,</span> <span class='ocrx_word' id='word_1_109' title='bbox 1160 837 1198 869; x_wconf 86' lang='lat' dir='ltr'>et</span> <span class='ocrx_word' id='word_1_110' title='bbox 1225 831 1420 883; x_wconf 82' lang='lat' dir='ltr'>quando&#39;</span> <span class='ocrx_word' id='word_1_111' title='bbox 1410 845 1528 894; x_wconf 59' lang='lat' dir='ltr'>{mpe-</span> 
     </span>
     <span class='ocr_line' id='line_1_14' title="bbox 96 883 1525 937; baseline 0.003 -16"><span class='ocrx_word' id='word_1_112' title='bbox 96 883 204 921; x_wconf 87' lang='lat' dir='ltr'>rium</span> <span class='ocrx_word' id='word_1_113' title='bbox 233 883 376 922; x_wconf 85' lang='lat' dir='ltr'>adisset</span> <span class='ocrx_word' id='word_1_114' title='bbox 398 886 608 937; x_wconf 82' lang='lat' dir='ltr'>princeps,</span> <span class='ocrx_word' id='word_1_115' title='bbox 637 892 707 924; x_wconf 89' lang='lat' dir='ltr'>aut</span> <span class='ocrx_word' id='word_1_116' title='bbox 733 885 887 925; x_wconf 86' lang='lat' dir='ltr'>hostem</span> <span class='ocrx_word' id='word_1_117' title='bbox 913 885 1067 924; x_wconf 82' lang='lat' dir='ltr'>ferasve</span> <span class='ocrx_word' id='word_1_118' title='bbox 1094 886 1279 924; x_wconf 88' lang='lat' dir='ltr'>venando</span> <span class='ocrx_word' id='word_1_119' title='bbox 1305 887 1525 926; x_wconf 84' lang='lat' dir='ltr'>stravisset.</span> 
     </span>
     <span class='ocr_line' id='line_1_15' title="bbox 92 937 1527 993; baseline 0.002 -17"><span class='ocrx_word' id='word_1_120' title='bbox 92 937 172 976; x_wconf 87' lang='lat' dir='ltr'>Sed</span> <span class='ocrx_word' id='word_1_121' title='bbox 187 938 394 977; x_wconf 82' lang='lat' dir='ltr'>redeamus</span> <span class='ocrx_word' id='word_1_122' title='bbox 420 939 470 978; x_wconf 89' lang='lat' dir='ltr'>ad</span> <span class='ocrx_word' id='word_1_123' title='bbox 490 946 645 978; x_wconf 87' lang='lat' dir='ltr'>nostros</span> <span class='ocrx_word' id='word_1_124' title='bbox 662 941 1062 980; x_wconf 83' lang='lat' dir='ltr'>Graecos.Mo1em</span> <span class='ocrx_word' id='word_1_125' title='bbox 1092 942 1373 993; x_wconf 87' lang='lat' dir='ltr'>perantiquum</span> <span class='ocrx_word' id='word_1_126' title='bbox 1416 941 1527 993; x_wconf 86' lang='lat' dir='ltr'>prin-</span> 
     </span>
     <span class='ocr_line' id='line_1_16' title="bbox 97 992 1526 1048; baseline 0.003 -18"><span class='ocrx_word' id='word_1_127' title='bbox 97 992 202 1045; x_wconf 84' lang='lat' dir='ltr'>cipes</span> <span class='ocrx_word' id='word_1_128' title='bbox 228 995 270 1032; x_wconf 88' lang='lat' dir='ltr'>in</span> <span class='ocrx_word' id='word_1_129' title='bbox 294 993 446 1032; x_wconf 86' lang='lat' dir='ltr'>hilariis</span> <span class='ocrx_word' id='word_1_130' title='bbox 474 1001 515 1032; x_wconf 88' lang='lat' dir='ltr'>et</span> <span class='ocrx_word' id='word_1_131' title='bbox 552 993 678 1047; x_wconf 87' lang='lat' dir='ltr'>epulis</span> <span class='ocrx_word' id='word_1_132' title='bbox 715 1009 854 1034; x_wconf 89' lang='lat' dir='ltr'>eorum</span> <span class='ocrx_word' id='word_1_133' title='bbox 883 995 1127 1034; x_wconf 80' lang='lat' dir='ltr'>carminibus</span> <span class='ocrx_word' id='word_1_134' title='bbox 1157 994 1382 1034; x_wconf 83' lang='lat' dir='ltr'>celeb1andi</span> <span class='ocrx_word' id='word_1_135' title='bbox 1410 1010 1526 1048; x_wconf 82' lang='lat' dir='ltr'>prae-</span> 
     </span>
     <span class='ocr_line' id='line_1_17' title="bbox 91 1047 1525 1103; baseline 0.002 -18"><span class='ocrx_word' id='word_1_136' title='bbox 91 1053 155 1086; x_wconf 82' lang='lat' dir='ltr'>ter</span> <span class='ocrx_word' id='word_1_137' title='bbox 179 1047 400 1086; x_wconf 83' lang='lat' dir='ltr'><strong>Homerum</strong></span> <span class='ocrx_word' id='word_1_138' title='bbox 458 1048 635 1103; x_wconf 88' lang='lat' dir='ltr'>aliosque</span> <span class='ocrx_word' id='word_1_139' title='bbox 681 1058 832 1089; x_wconf 87' lang='lat' dir='ltr'>veteres</span> <span class='ocrx_word' id='word_1_140' title='bbox 864 1052 1000 1103; x_wconf 83' lang='lat' dir='ltr'>poetas</span> <span class='ocrx_word' id='word_1_141' title='bbox 1049 1057 1219 1089; x_wconf 83' lang='lat' dir='ltr'>testatur</span> <span class='ocrx_word' id='word_1_142' title='bbox 1245 1051 1365 1089; x_wconf 86' lang='lat' dir='ltr'>etiam</span> <span class='ocrx_word' id='word_1_143' title='bbox 1403 1050 1525 1088; x_wconf 84' lang='lat' dir='ltr'>Athe-</span> 
     </span>
     <span class='ocr_line' id='line_1_18' title="bbox 91 1103 1526 1158; baseline 0.003 -19"><span class='ocrx_word' id='word_1_144' title='bbox 91 1115 215 1141; x_wconf 84' lang='lat' dir='ltr'>naeus</span> <span class='ocrx_word' id='word_1_145' title='bbox 242 1103 314 1142; x_wconf 85' lang='lat' dir='ltr'>lv.</span> <span class='ocrx_word' id='word_1_146' title='bbox 361 1117 400 1156; x_wconf 89' lang='lat' dir='ltr'>p.</span> <span class='ocrx_word' id='word_1_147' title='bbox 437 1103 527 1144; x_wconf 82' lang='lat'><strong>155.</strong></span> <span class='ocrx_word' id='word_1_148' title='bbox 581 1104 760 1157; x_wconf 82' lang='lat' dir='ltr'>exemplo</span> <span class='ocrx_word' id='word_1_149' title='bbox 797 1105 988 1144; x_wconf 85' lang='lat' dir='ltr'>Antiochi</span> <span class='ocrx_word' id='word_1_150' title='bbox 1027 1106 1113 1152; x_wconf 89' lang='lat' dir='ltr'>M,</span> <span class='ocrx_word' id='word_1_151' title='bbox 1153 1107 1223 1158; x_wconf 90' lang='lat' dir='ltr'>qui</span> <span class='ocrx_word' id='word_1_152' title='bbox 1261 1119 1353 1144; x_wconf 90' lang='lat' dir='ltr'>cum</span> <span class='ocrx_word' id='word_1_153' title='bbox 1392 1105 1526 1144; x_wconf 79' lang='lat' dir='ltr'><strong>ederet</strong></span> 
     </span>
     <span class='ocr_line' id='line_1_19' title="bbox 55 1155 1525 1221; baseline 0.003 -27"><span class='ocrx_word' id='word_1_154' title='bbox 55 1166 69 1178; x_wconf 56' lang='lat'>‘²</span> <span class='ocrx_word' id='word_1_155' title='bbox 91 1155 228 1221; x_wconf 83' lang='lat' dir='ltr'>epulas</span> <span class='ocrx_word' id='word_1_156' title='bbox 272 1157 451 1196; x_wconf 87' lang='lat' dir='ltr'><strong>solennes</strong></span> <span class='ocrx_word' id='word_1_157' title='bbox 469 1189 483 1210; x_wconf 90' lang='lat'>,</span> <span class='ocrx_word' id='word_1_158' title='bbox 530 1173 630 1212; x_wconf 90' lang='lat' dir='ltr'>quas</span> <span class='ocrx_word' id='word_1_159' title='bbox 677 1166 829 1198; x_wconf 83' lang='lat' dir='ltr'>armata</span> <span class='ocrx_word' id='word_1_160' title='bbox 882 1159 1037 1198; x_wconf 85' lang='lat' dir='ltr'>saltatio</span> <span class='ocrx_word' id='word_1_161' title='bbox 1071 1160 1310 1213; x_wconf 83' lang='lat' dir='ltr'>sequebatur</span> <span class='ocrx_word' id='word_1_162' title='bbox 1328 1190 1339 1208; x_wconf 95' lang='lat'>,</span> <span class='ocrx_word' id='word_1_163' title='bbox 1398 1159 1525 1199; x_wconf 84' lang='lat' dir='ltr'>habe-</span> 
     </span>
     <span class='ocr_line' id='line_1_20' title="bbox 90 1211 1524 1268; baseline 0.003 -19"><span class='ocrx_word' id='word_1_164' title='bbox 90 1211 162 1250; x_wconf 87' lang='lat' dir='ltr'>bat</span> <span class='ocrx_word' id='word_1_165' title='bbox 209 1213 252 1251; x_wconf 90' lang='lat' dir='ltr'>in</span> <span class='ocrx_word' id='word_1_166' title='bbox 294 1214 484 1251; x_wconf 82' lang='lat' dir='ltr'>comitatu</span> <span class='ocrx_word' id='word_1_167' title='bbox 529 1214 641 1252; x_wconf 88' lang='lat' dir='ltr'>illum</span> <span class='ocrx_word' id='word_1_168' title='bbox 700 1215 1011 1268; x_wconf 85' lang='lat' dir='ltr'>Hegesianacten</span> <span class='ocrx_word' id='word_1_169' title='bbox 1057 1213 1306 1253; x_wconf 79' lang='lat' dir='ltr'>h1st011cum</span> <span class='ocrx_word' id='word_1_170' title='bbox 1391 1215 1524 1265; x_wconf 87' lang='lat' dir='ltr'>Quem</span> 
     </span>
     <span class='ocr_line' id='line_1_21' title="bbox 89 1244 1523 1321; baseline 0.003 -18"><span class='ocrx_word' id='word_1_171' title='bbox 89 1279 216 1318; x_wconf 87' lang='lat' dir='ltr'>quum</span> <span class='ocrx_word' id='word_1_172' title='bbox 239 1267 338 1305; x_wconf 87' lang='lat' dir='ltr'>ordo</span> <span class='ocrx_word' id='word_1_173' title='bbox 370 1267 538 1306; x_wconf 85' lang='lat' dir='ltr'>saltandi</span> <span class='ocrx_word' id='word_1_174' title='bbox 566 1275 758 1320; x_wconf 30' lang='lat' dir='ltr'>tangeiffet</span> <span class='ocrx_word' id='word_1_175' title='bbox 762 1244 1078 1321; x_wconf 52' lang='lat' dir='ltr'>”deprecabatur</span> <span class='ocrx_word' id='word_1_176' title='bbox 1102 1269 1177 1307; x_wconf 87' lang='lat' dir='ltr'>hoc</span> <span class='ocrx_word' id='word_1_177' title='bbox 1203 1271 1403 1308; x_wconf 83' lang='lat' dir='ltr'>insuetum</span> <span class='ocrx_word' id='word_1_178' title='bbox 1433 1284 1523 1321; x_wconf 86' lang='lat' dir='ltr'>spe-</span> 
     </span>
     <span class='ocr_line' id='line_1_22' title="bbox 90 1320 1520 1387; baseline 0.002 -29"><span class='ocrx_word' id='word_1_179' title='bbox 90 1320 291 1359; x_wconf 85' lang='lat' dir='ltr'>ctaculum</span> <span class='ocrx_word' id='word_1_180' title='bbox 328 1321 378 1360; x_wconf 88' lang='lat' dir='ltr'>de</span> <span class='ocrx_word' id='word_1_181' title='bbox 405 1336 448 1360; x_wconf 90' lang='lat' dir='ltr'>se</span> <span class='ocrx_word' id='word_1_182' title='bbox 468 1323 602 1387; x_wconf 88' lang='lat' dir='ltr'>edere,</span> <span class='ocrx_word' id='word_1_183' title='bbox 617 1330 656 1361; x_wconf 94' lang='lat' dir='ltr'>et</span> <span class='ocrx_word' id='word_1_184' title='bbox 684 1323 874 1362; x_wconf 81' lang='lat' dir='ltr'>offerebat</span> <span class='ocrx_word' id='word_1_185' title='bbox 894 1326 1025 1387; x_wconf 87' lang='lat' dir='ltr'>potius</span> <span class='ocrx_word' id='word_1_186' title='bbox 1044 1326 1221 1362; x_wconf 78' lang='lat' dir='ltr'>caimina</span> <span class='ocrx_word' id='word_1_187' title='bbox 1247 1326 1287 1362; x_wconf 91' lang='lat' dir='ltr'>in</span> <span class='ocrx_word' id='word_1_188' title='bbox 1323 1326 1406 1362; x_wconf 83' lang='lat' dir='ltr'>eius</span> <span class='ocrx_word' id='word_1_189' title='bbox 1431 1322 1520 1362; x_wconf 83' lang='lat' dir='ltr'>lau-</span> 
     </span>
     <span class='ocr_line' id='line_1_23' title="bbox 91 1373 1521 1440; baseline 0.001 -27"><span class='ocrx_word' id='word_1_190' title='bbox 91 1374 184 1413; x_wconf 88' lang='lat' dir='ltr'>dem</span> <span class='ocrx_word' id='word_1_191' title='bbox 210 1376 399 1414; x_wconf 84' lang='lat' dir='ltr'>recitare:</span> <span class='ocrx_word' id='word_1_192' title='bbox 430 1373 523 1414; x_wconf 79' lang='grc' dir='ltr'>ἐπει</span> <span class='ocrx_word' id='word_1_193' title='bbox 545 1376 592 1416; x_wconf 81' lang='grc' dir='ltr'>δὲ</span> <span class='ocrx_word' id='word_1_194' title='bbox 619 1390 689 1416; x_wconf 80' lang='grc' dir='ltr'>και</span> <span class='ocrx_word' id='word_1_195' title='bbox 720 1377 780 1423; x_wconf 82' lang='grc' dir='ltr'>εἰς</span> <span class='ocrx_word' id='word_1_196' title='bbox 802 1374 1111 1440; x_wconf 64' lang='lat' dir='ltr'>‘quffla&#39;vaxra</span> <span class='ocrx_word' id='word_1_197' title='bbox 1131 1401 1183 1406; x_wconf 85' lang='lat'>-—-</span> <span class='ocrx_word' id='word_1_198' title='bbox 1210 1374 1279 1416; x_wconf 80' lang='grc' dir='ltr'>τὸν</span> <span class='ocrx_word' id='word_1_199' title='bbox 1306 1374 1380 1423; x_wconf 77' lang='grc' dir='ltr'><strong>τοὶς</strong></span> <span class='ocrx_word' id='word_1_200' title='bbox 1408 1373 1521 1416; x_wconf 67' lang='lat' dir='ltr'>loro·</span> 
     </span>
     <span class='ocr_line' id='line_1_24' title="bbox 91 1426 1525 1498; baseline 0.002 -31"><span class='ocrx_word' id='word_1_201' title='bbox 91 1427 187 1481; x_wconf 81' lang='grc' dir='ltr'><strong><em>ριἀς</em></strong></span> <span class='ocrx_word' id='word_1_202' title='bbox 211 1426 432 1493; x_wconf 77' lang='grc' dir='ltr'><em>γράψαντα</em></span> <span class='ocrx_word' id='word_1_203' title='bbox 468 1427 502 1498; x_wconf 85' lang='grc' dir='ltr'><em>ἡ</em></span> <span class='ocrx_word' id='word_1_204' title='bbox 550 1430 622 1482; x_wconf 82' lang='grc' dir='ltr'>τῆς</span> <span class='ocrx_word' id='word_1_205' title='bbox 649 1427 860 1483; x_wconf 75' lang='grc' dir='ltr'><strong><em>ὄρχησεως</em></strong></span> <span class='ocrx_word' id='word_1_206' title='bbox 895 1428 1012 1479; x_wconf 77' lang='grc' dir='ltr'><strong><em>τάξις</em></strong></span> <span class='ocrx_word' id='word_1_207' title='bbox 1038 1431 1224 1482; x_wconf 81' lang='grc' dir='ltr'><em>ἐγένετο,</em></span> <span class='ocrx_word' id='word_1_208' title='bbox 1256 1427 1440 1476; x_wconf 75' lang='grc' dir='ltr'><em>αἰαστὰς</em></span> <span class='ocrx_word' id='word_1_209' title='bbox 1467 1426 1525 1470; x_wconf 80' lang='grc' dir='ltr'>εἶ-</span> 
     </span>
     <span class='ocr_line' id='line_1_25' title="bbox 89 1479 1523 1550; baseline 0.001 -30"><span class='ocrx_word' id='word_1_210' title='bbox 89 1496 191 1522; x_wconf 80' lang='grc' dir='ltr'><em>πεν·</em></span> <span class='ocrx_word' id='word_1_211' title='bbox 220 1479 419 1549; x_wconf 79' lang='grc' dir='ltr'>πότερον,</span> <span class='ocrx_word' id='word_1_212' title='bbox 450 1499 483 1523; x_wconf 90' lang='grc' dir='ltr'>ω</span> <span class='ocrx_word' id='word_1_213' title='bbox 506 1485 698 1535; x_wconf 79' lang='grc' dir='ltr'><em>βασιλεῦ,</em></span> <span class='ocrx_word' id='word_1_214' title='bbox 727 1485 863 1531; x_wconf 77' lang='grc' dir='ltr'><em>κακῶς</em></span> <span class='ocrx_word' id='word_1_215' title='bbox 890 1482 1164 1550; x_wconf 79' lang='grc' dir='ltr'><em>ὄρχούμενον</em></span> <span class='ocrx_word' id='word_1_216' title='bbox 1176 1484 1252 1534; x_wconf 79' lang='grc' dir='ltr'>ἐιιὲ</span> <span class='ocrx_word' id='word_1_217' title='bbox 1280 1483 1523 1524; x_wconf 74' lang='grc' dir='ltr'><em>θεάσασθαι</em></span> 
     </span>
     <span class='ocr_line' id='line_1_26' title="bbox 88 1532 1522 1607; baseline 0.001 -32"><span class='ocrx_word' id='word_1_218' title='bbox 88 1534 247 1587; x_wconf 70' lang='grc' dir='ltr'><strong><em>βούὶει,</em></strong></span> <span class='ocrx_word' id='word_1_219' title='bbox 269 1532 298 1589; x_wconf 79' lang='grc' dir='ltr'><em>ἢ</em></span> <span class='ocrx_word' id='word_1_220' title='bbox 323 1538 459 1585; x_wconf 71' lang='grc' dir='ltr'><em>καλῶς</em></span> <span class='ocrx_word' id='word_1_221' title='bbox 489 1537 805 1607; x_wconf 76' lang='grc' dir='ltr'><em>ἀπαγγέλλοντός</em></span> <span class='ocrx_word' id='word_1_222' title='bbox 841 1553 922 1607; x_wconf 87' lang='grc' dir='ltr'>μου</span> <span class='ocrx_word' id='word_1_223' title='bbox 951 1537 1040 1580; x_wconf 81' lang='grc' dir='ltr'><em>ι’ὸια</em></span> <span class='ocrx_word' id='word_1_224' title='bbox 1070 1537 1280 1591; x_wconf 76' lang='grc' dir='ltr'><em>ποιήματα</em></span> <span class='ocrx_word' id='word_1_225' title='bbox 1307 1539 1445 1585; x_wconf 78' lang='grc' dir='ltr'><em>θέλεις</em></span> <span class='ocrx_word' id='word_1_226' title='bbox 1473 1538 1522 1577; x_wconf 81' lang='grc' dir='ltr'>α’-</span> 
     </span>
     <span class='ocr_line' id='line_1_27' title="bbox 86 1587 1522 1661; baseline 0.001 -32"><span class='ocrx_word' id='word_1_227' title='bbox 86 1593 320 1641; x_wconf 70' lang='grc' dir='ltr'>κροᾶσθαις</span> <span class='ocrx_word' id='word_1_228' title='bbox 346 1592 583 1639; x_wconf 76' lang='grc' dir='ltr'><strong><em>κελευσθεις</em></strong></span> <span class='ocrx_word' id='word_1_229' title='bbox 611 1587 686 1632; x_wconf 84' lang='grc' dir='ltr'>ουν</span> <span class='ocrx_word' id='word_1_230' title='bbox 713 1588 844 1639; x_wconf 75' lang='grc' dir='ltr'><strong><em>οὕτως</em></strong></span> <span class='ocrx_word' id='word_1_231' title='bbox 870 1608 947 1661; x_wconf 74' lang='grc' dir='ltr'>ῃσε</span> <span class='ocrx_word' id='word_1_232' title='bbox 974 1590 1262 1644; x_wconf 78' lang='grc' dir='ltr'><em>τόνβασιλὲα,</em></span> <span class='ocrx_word' id='word_1_233' title='bbox 1292 1589 1392 1631; x_wconf 72' lang='grc' dir='ltr'><em>ὥστ’</em></span> <span class='ocrx_word' id='word_1_234' title='bbox 1421 1590 1522 1644; x_wconf 72' lang='grc' dir='ltr'>ἐσά-</span> 
     </span>
     <span class='ocr_line' id='line_1_28' title="bbox 85 1634 1521 1711; baseline 0.001 -27"><span class='ocrx_word' id='word_1_235' title='bbox 85 1658 162 1684; x_wconf 75' lang='grc' dir='ltr'>νου</span> <span class='ocrx_word' id='word_1_236' title='bbox 190 1660 234 1685; x_wconf 79' lang='grc' dir='ltr'>’τε</span> <span class='ocrx_word' id='word_1_237' title='bbox 260 1645 492 1698; x_wconf 72' lang='grc' dir='ltr'><strong><em>αξιωθῆιαι</em></strong></span> <span class='ocrx_word' id='word_1_238' title='bbox 519 1647 591 1686; x_wconf 80' lang='grc' dir='ltr'>καί</span> <span class='ocrx_word' id='word_1_239' title='bbox 615 1662 696 1687; x_wconf 81' lang='grc' dir='ltr'>των</span> <span class='ocrx_word' id='word_1_240' title='bbox 741 1634 879 1699; x_wconf 60' lang='grc' dir='ltr'><em>φίϊων</em></span> <span class='ocrx_word' id='word_1_241' title='bbox 901 1642 961 1694; x_wconf 76' lang='grc' dir='ltr'>εἷς</span> <span class='ocrx_word' id='word_1_242' title='bbox 986 1647 1193 1711; x_wconf 48' lang='grc' dir='ltr'><strong>ρεξέσθαι.</strong></span> <span class='ocrx_word' id='word_1_243' title='bbox 1259 1649 1306 1687; x_wconf 90' lang='lat' dir='ltr'>ln</span> <span class='ocrx_word' id='word_1_244' title='bbox 1334 1647 1395 1687; x_wconf 85' lang='lat' dir='ltr'>his</span> <span class='ocrx_word' id='word_1_245' title='bbox 1427 1662 1521 1686; x_wconf 75' lang='lat' dir='ltr'>vei·-</span> 
     </span>
     <span class='ocr_line' id='line_1_29' title="bbox 86 1699 1520 1766; baseline 0.002 -28"><span class='ocrx_word' id='word_1_246' title='bbox 86 1700 149 1739; x_wconf 82' lang='lat' dir='ltr'>his</span> <span class='ocrx_word' id='word_1_247' title='bbox 170 1701 437 1740; x_wconf 87' lang='lat' dir='ltr'>memorabilis</span> <span class='ocrx_word' id='word_1_248' title='bbox 463 1709 522 1741; x_wconf 88' lang='lat' dir='ltr'>est</span> <span class='ocrx_word' id='word_1_249' title='bbox 553 1703 786 1756; x_wconf 82' lang='lat' dir='ltr'>significatio</span> <span class='ocrx_word' id='word_1_250' title='bbox 817 1703 1001 1742; x_wconf 79' lang='lat' dir='ltr'>vocabuli</span> <span class='ocrx_word' id='word_1_251' title='bbox 1030 1700 1118 1741; x_wconf 77' lang='grc' dir='ltr'><em>ἰδια</em></span> <span class='ocrx_word' id='word_1_252' title='bbox 1159 1699 1393 1766; x_wconf 79' lang='grc' dir='ltr'><em>ποιήματα,</em></span> <span class='ocrx_word' id='word_1_253' title='bbox 1422 1717 1520 1754; x_wconf 75' lang='lat' dir='ltr'>pio-</span> 
     </span>
     <span class='ocr_line' id='line_1_30' title="bbox 85 1753 1519 1810; baseline 0 -17"><span class='ocrx_word' id='word_1_254' title='bbox 85 1757 173 1808; x_wconf 77' lang='lat' dir='ltr'>pria</span> <span class='ocrx_word' id='word_1_255' title='bbox 198 1770 278 1795; x_wconf 89' lang='lat' dir='ltr'>non</span> <span class='ocrx_word' id='word_1_256' title='bbox 296 1759 464 1808; x_wconf 67' lang='lat' dir='ltr'>poetae,</span> <span class='ocrx_word' id='word_1_257' title='bbox 492 1757 560 1795; x_wconf 88' lang='lat' dir='ltr'>sed</span> <span class='ocrx_word' id='word_1_258' title='bbox 588 1759 668 1810; x_wconf 83' lang='lat' dir='ltr'>regi</span> <span class='ocrx_word' id='word_1_259' title='bbox 697 1757 923 1805; x_wconf 83' lang='lat' dir='ltr'>Antiocho,</span> <span class='ocrx_word' id='word_1_260' title='bbox 954 1757 1071 1803; x_wconf 75' lang='grc' dir='ltr'><strong><em>ἰδίως</em></strong></span> <span class='ocrx_word' id='word_1_261' title='bbox 1099 1770 1157 1802; x_wconf 81' lang='grc' dir='ltr'>εις</span> <span class='ocrx_word' id='word_1_262' title='bbox 1190 1753 1320 1796; x_wconf 78' lang='grc' dir='ltr'><em>αὐτὸν</em></span> <span class='ocrx_word' id='word_1_263' title='bbox 1346 1769 1519 1808; x_wconf 76' lang='grc' dir='ltr'><em>πεποιη-</em></span> 
     </span>
     <span class='ocr_line' id='line_1_31' title="bbox 84 1807 1518 1876; baseline 0.001 -28"><span class='ocrx_word' id='word_1_264' title='bbox 84 1809 217 1860; x_wconf 68' lang='grc' dir='ltr'><strong><em>μένας</em></strong></span> <span class='ocrx_word' id='word_1_265' title='bbox 247 1811 390 1849; x_wconf 91' lang='lat' dir='ltr'>deinde</span> <span class='ocrx_word' id='word_1_266' title='bbox 415 1807 568 1864; x_wconf 78' lang='grc' dir='ltr'><em>εοάνου</em></span> <span class='ocrx_word' id='word_1_267' title='bbox 596 1811 848 1876; x_wconf 70' lang='grc' dir='ltr'><em>αξιωθῆναι,</em></span> <span class='ocrx_word' id='word_1_268' title='bbox 871 1814 1059 1851; x_wconf 89' lang='lat' dir='ltr'>convivas</span> <span class='ocrx_word' id='word_1_269' title='bbox 1086 1826 1222 1850; x_wconf 88' lang='lat' dir='ltr'>omnes</span> <span class='ocrx_word' id='word_1_270' title='bbox 1249 1810 1391 1849; x_wconf 83' lang='lat' dir='ltr'>collata</span> <span class='ocrx_word' id='word_1_271' title='bbox 1416 1812 1518 1863; x_wconf 77' lang='lat' dir='ltr'>stipe</span> 
     </span>
     <span class='ocr_line' id='line_1_32' title="bbox 85 1863 1516 1920; baseline 0.001 -19"><span class='ocrx_word' id='word_1_272' title='bbox 85 1863 427 1916; x_wconf 81' lang='lat' dir='ltr'>donasse3te1tio</span> <span class='ocrx_word' id='word_1_273' title='bbox 459 1869 618 1918; x_wconf 85' lang='lat' dir='ltr'>poe&#39;tam</span> <span class='ocrx_word' id='word_1_274' title='bbox 650 1868 754 1905; x_wconf 88' lang='lat' dir='ltr'>inter</span> <span class='ocrx_word' id='word_1_275' title='bbox 779 1863 876 1913; x_wconf 78' lang='grc' dir='ltr'>τούς</span> <span class='ocrx_word' id='word_1_276' title='bbox 902 1864 1066 1920; x_wconf 78' lang='grc' dir='ltr'><em>φίλους,</em></span> <span class='ocrx_word' id='word_1_277' title='bbox 1096 1867 1309 1904; x_wconf 74' lang='lat' dir='ltr'>familiaies</span> <span class='ocrx_word' id='word_1_278' title='bbox 1339 1872 1379 1904; x_wconf 88' lang='lat' dir='ltr'>et</span> <span class='ocrx_word' id='word_1_279' title='bbox 1405 1879 1516 1904; x_wconf 81' lang='lat' dir='ltr'>com-</span> 
     </span>
     <span class='ocr_line' id='line_1_33' title="bbox 87 1919 1515 1974; baseline -0.001 -15"><span class='ocrx_word' id='word_1_280' title='bbox 87 1919 282 1959; x_wconf 80' lang='lat' dir='ltr'>mensales</span> <span class='ocrx_word' id='word_1_281' title='bbox 325 1921 427 1973; x_wconf 86' lang='lat' dir='ltr'>regis</span> <span class='ocrx_word' id='word_1_282' title='bbox 464 1921 585 1960; x_wconf 82' lang='lat' dir='ltr'>fuisse</span> <span class='ocrx_word' id='word_1_283' title='bbox 620 1929 891 1960; x_wconf 82' lang='lat' dir='ltr'>numeratum.</span> <span class='ocrx_word' id='word_1_284' title='bbox 955 1921 1169 1974; x_wconf 83' lang='lat' dir='ltr'>Antiquius</span> <span class='ocrx_word' id='word_1_285' title='bbox 1213 1919 1435 1973; x_wconf 82' lang='lat' dir='ltr'>exemplum</span> <span class='ocrx_word' id='word_1_286' title='bbox 1474 1927 1515 1959; x_wconf 87' lang='lat' dir='ltr'>et</span> 
     </span>
     <span class='ocr_line' id='line_1_34' title="bbox 88 1972 1515 2029; baseline 0.001 -19"><span class='ocrx_word' id='word_1_287' title='bbox 88 1972 355 2025; x_wconf 83' lang='lat' dir='ltr'>fragmentum</span> <span class='ocrx_word' id='word_1_288' title='bbox 374 1974 464 2013; x_wconf 80' lang='lat' dir='ltr'>talis</span> <span class='ocrx_word' id='word_1_289' title='bbox 480 1975 664 2026; x_wconf 78' lang='lat' dir='ltr'>basilicii,</span> <span class='ocrx_word' id='word_1_290' title='bbox 692 1977 801 2029; x_wconf 91' lang='lat' dir='ltr'>quod</span> <span class='ocrx_word' id='word_1_291' title='bbox 816 1976 1100 2029; x_wconf 85' lang='lat' dir='ltr'>Neoptolemus</span> <span class='ocrx_word' id='word_1_292' title='bbox 1118 1975 1363 2029; x_wconf 84' lang='lat' dir='ltr'>tragoedus</span> <span class='ocrx_word' id='word_1_293' title='bbox 1353 1989 1393 2012; x_wconf 82' lang='grc' dir='ltr'>ιη</span> <span class='ocrx_word' id='word_1_294' title='bbox 1415 1988 1515 2012; x_wconf 84' lang='lat' dir='ltr'>con-</span> 
     </span>
     <span class='ocr_line' id='line_1_35' title="bbox 84 2028 1511 2084; baseline 0.001 -20"><span class='ocrx_word' id='word_1_295' title='bbox 84 2028 192 2065; x_wconf 85' lang='lat' dir='ltr'>vivio</span> <span class='ocrx_word' id='word_1_296' title='bbox 208 2028 407 2081; x_wconf 87' lang='lat' dir='ltr'>Philippi,</span> <span class='ocrx_word' id='word_1_297' title='bbox 433 2032 534 2082; x_wconf 84' lang='lat' dir='ltr'>regis</span> <span class='ocrx_word' id='word_1_298' title='bbox 553 2031 830 2081; x_wconf 83' lang='lat' dir='ltr'>Macedoniae,</span> <span class='ocrx_word' id='word_1_299' title='bbox 867 2032 990 2084; x_wconf 83' lang='lat' dir='ltr'>patris</span> <span class='ocrx_word' id='word_1_300' title='bbox 1007 2030 1223 2070; x_wconf 77' lang='lat' dir='ltr'>Alexandii</span> <span class='ocrx_word' id='word_1_301' title='bbox 1248 2031 1321 2076; x_wconf 90' lang='grc' dir='ltr'><strong>Μ.,</strong></span> <span class='ocrx_word' id='word_1_302' title='bbox 1353 2029 1511 2079; x_wconf 85' lang='lat' dir='ltr'>cecinit,</span> 
     </span>
     <span class='ocr_line' id='line_1_36' title="bbox 81 2081 1480 2145; baseline 0.001 -26"><span class='ocrx_word' id='word_1_303' title='bbox 81 2081 198 2120; x_wconf 86' lang='lat' dir='ltr'>affert</span> <span class='ocrx_word' id='word_1_304' title='bbox 227 2083 428 2122; x_wconf 80' lang='lat' dir='ltr'>Diodorus</span> <span class='ocrx_word' id='word_1_305' title='bbox 448 2085 602 2123; x_wconf 91' lang='lat' dir='ltr'>Siculus</span> <span class='ocrx_word' id='word_1_306' title='bbox 621 2086 732 2124; x_wconf 88' lang='lat' dir='ltr'><strong>XVl.</strong></span> <span class='ocrx_word' id='word_1_307' title='bbox 752 2100 819 2138; x_wconf 82' lang='lat'><strong>92.</strong></span> <span class='ocrx_word' id='word_1_308' title='bbox 847 2101 884 2139; x_wconf 87' lang='lat' dir='ltr'>p.</span> <span class='ocrx_word' id='word_1_309' title='bbox 914 2086 1146 2124; x_wconf 79' lang='lat' dir='ltr'><strong>152.T.11.</strong></span> <span class='ocrx_word' id='word_1_310' title='bbox 1165 2084 1230 2123; x_wconf 86' lang='lat' dir='ltr'>ed.</span> <span class='ocrx_word' id='word_1_311' title='bbox 1242 2083 1480 2145; x_wconf 46' lang='lat' dir='ltr'>YVesseliug.</span> 
     </span>
     <span class='ocr_line' id='line_1_37' title="bbox 166 2135 1511 2193; baseline 0 -18"><span class='ocrx_word' id='word_1_312' title='bbox 166 2135 258 2187; x_wconf 83' lang='lat'><strong>354.</strong></span> <span class='ocrx_word' id='word_1_313' title='bbox 277 2137 328 2175; x_wconf 96' lang='lat' dir='ltr'><strong>A.</strong></span> <span class='ocrx_word' id='word_1_314' title='bbox 389 2138 528 2192; x_wconf 88' lang='lat'>[5</span> <span class='ocrx_word' id='word_1_315' title='bbox 485 2175 497 2192; x_wconf 53' lang='grc' dir='ltr'><em>Ι</em></span> <span class='ocrx_word' id='word_1_316' title='bbox 511 2173 524 2192; x_wconf 47' lang='grc' dir='ltr'><em>Ι</em></span> <span class='ocrx_word' id='word_1_317' title='bbox 534 2171 545 2188; x_wconf 83' lang='grc'>,</span> <span class='ocrx_word' id='word_1_318' title='bbox 572 2139 656 2193; x_wconf 86' lang='lat'><strong>14.]</strong></span> <span class='ocrx_word' id='word_1_319' title='bbox 700 2140 901 2179; x_wconf 81' lang='grc' dir='ltr'><strong>Σκέπτου.</strong></span> <span class='ocrx_word' id='word_1_320' title='bbox 968 2141 1171 2187; x_wconf 89' lang='lat' dir='ltr'>Coniicio,</span> <span class='ocrx_word' id='word_1_321' title='bbox 1202 2140 1323 2191; x_wconf 88' lang='lat' dir='ltr'>scepti</span> <span class='ocrx_word' id='word_1_322' title='bbox 1350 2140 1511 2176; x_wconf 85' lang='lat' dir='ltr'>nomine</span> 
     </span>
     <span class='ocr_line' id='line_1_38' title="bbox 80 2191 1511 2262; baseline 0.001 -33"><span class='ocrx_word' id='word_1_323' title='bbox 80 2191 200 2230; x_wconf 83' lang='lat' dir='ltr'>fuisse</span> <span class='ocrx_word' id='word_1_324' title='bbox 228 2191 375 2230; x_wconf 83' lang='lat' dir='ltr'>dietam</span> <span class='ocrx_word' id='word_1_325' title='bbox 414 2193 595 2232; x_wconf 76' lang='lat' dir='ltr'>militiam</span> <span class='ocrx_word' id='word_1_326' title='bbox 638 2197 903 2262; x_wconf 82' lang='lat' dir='ltr'>pompaticam</span> <span class='ocrx_word' id='word_1_327' title='bbox 940 2195 1143 2248; x_wconf 74' lang='lat' dir='ltr'>Augustae</span> <span class='ocrx_word' id='word_1_328' title='bbox 1181 2197 1407 2246; x_wconf 79' lang='lat' dir='ltr'>piopiiam,</span> <span class='ocrx_word' id='word_1_329' title='bbox 1438 2206 1511 2230; x_wconf 83' lang='lat' dir='ltr'>eu·-</span> 
     </span>
     <span class='ocr_line' id='line_1_39' title="bbox 79 2225 1511 2301; baseline 0 -17"><span class='ocrx_word' id='word_1_330' title='bbox 79 2246 222 2284; x_wconf 86' lang='lat' dir='ltr'>nucbis</span> <span class='ocrx_word' id='word_1_331' title='bbox 258 2253 501 2285; x_wconf 86' lang='lat' dir='ltr'>constantem</span> <span class='ocrx_word' id='word_1_332' title='bbox 522 2277 533 2298; x_wconf 91' lang='lat'>,</span> <span class='ocrx_word' id='word_1_333' title='bbox 575 2244 656 2286; x_wconf 81' lang='grc' dir='ltr'>ἆπὸ</span> <span class='ocrx_word' id='word_1_334' title='bbox 697 2249 773 2287; x_wconf 83' lang='grc' dir='ltr'>τοῦ</span> <span class='ocrx_word' id='word_1_335' title='bbox 798 2249 962 2289; x_wconf 83' lang='grc' dir='ltr'><em>σκέπειν</em></span> <span class='ocrx_word' id='word_1_336' title='bbox 981 2280 992 2299; x_wconf 93' lang='lat'><em>‚</em></span> <span class='ocrx_word' id='word_1_337' title='bbox 1005 2225 1140 2301; x_wconf 61' lang='lat' dir='ltr'>1³quod</span> <span class='ocrx_word' id='word_1_338' title='bbox 1168 2248 1225 2286; x_wconf 89' lang='lat' dir='ltr'>illi</span> <span class='ocrx_word' id='word_1_339' title='bbox 1255 2261 1343 2286; x_wconf 88' lang='lat' dir='ltr'>eam</span> <span class='ocrx_word' id='word_1_340' title='bbox 1369 2260 1511 2299; x_wconf 84' lang='lat' dir='ltr'>proce-</span> 
     </span>
     <span class='ocr_line' id='line_1_40' title="bbox 80 2300 1485 2367; baseline 0.001 -29"><span class='ocrx_word' id='word_1_341' title='bbox 80 2300 241 2339; x_wconf 87' lang='lat' dir='ltr'>dentem</span> <span class='ocrx_word' id='word_1_342' title='bbox 268 2301 487 2348; x_wconf 89' lang='lat' dir='ltr'>ambirent,</span> <span class='ocrx_word' id='word_1_343' title='bbox 519 2303 582 2340; x_wconf 88' lang='lat' dir='ltr'>cin</span> <span class='ocrx_word' id='word_1_344' title='bbox 610 2303 789 2356; x_wconf 90' lang='lat' dir='ltr'>endoque</span> <span class='ocrx_word' id='word_1_345' title='bbox 816 2318 840 2342; x_wconf 87' lang='lat' dir='ltr'>a</span> <span class='ocrx_word' id='word_1_346' title='bbox 866 2311 1078 2367; x_wconf 87' lang='lat' dir='ltr'>conspectu</span> <span class='ocrx_word' id='word_1_347' title='bbox 1105 2301 1264 2355; x_wconf 90' lang='lat' dir='ltr'>publico</span> <span class='ocrx_word' id='word_1_348' title='bbox 1291 2308 1485 2353; x_wconf 83' lang='lat' dir='ltr'>tegerent.</span> 
     </span>
     <span class='ocr_line' id='line_1_41' title="bbox 187 2354 1510 2419; baseline 0 -25"><span class='ocrx_word' id='word_1_349' title='bbox 187 2355 238 2395; x_wconf 86' lang='lat' dir='ltr'><strong>A.</strong></span> <span class='ocrx_word' id='word_1_350' title='bbox 258 2354 298 2406; x_wconf 87' lang='grc'><strong>4.</strong></span> <span class='ocrx_word' id='word_1_351' title='bbox 330 2354 444 2409; x_wconf 86' lang='lat'><strong>[577,</strong></span> <span class='ocrx_word' id='word_1_352' title='bbox 468 2355 559 2419; x_wconf 84' lang='grc' dir='ltr'><strong>ι4.]</strong></span> <span class='ocrx_word' id='word_1_353' title='bbox 577 2358 804 2419; x_wconf 81' lang='grc' dir='ltr'><strong><em>υποφιαλιν</em></strong></span> <span class='ocrx_word' id='word_1_354' title='bbox 827 2354 1024 2410; x_wconf 80' lang='grc' dir='ltr'><strong>καμὴσια.</strong></span> <span class='ocrx_word' id='word_1_355' title='bbox 1078 2358 1143 2396; x_wconf 90' lang='lat' dir='ltr'>Sic</span> <span class='ocrx_word' id='word_1_356' title='bbox 1175 2356 1355 2395; x_wconf 84' lang='lat' dir='ltr'>solebant</span> <span class='ocrx_word' id='word_1_357' title='bbox 1381 2369 1510 2394; x_wconf 81' lang='lat' dir='ltr'>mem-</span> 
     </span>
     <span class='ocr_line' id='line_1_42' title="bbox 77 2405 1509 2464; baseline 0.001 -17"><span class='ocrx_word' id='word_1_358' title='bbox 77 2408 228 2448; x_wconf 86' lang='lat' dir='ltr'>branae</span> <span class='ocrx_word' id='word_1_359' title='bbox 254 2417 412 2449; x_wconf 81' lang='lat' dir='ltr'>nostrae</span> <span class='ocrx_word' id='word_1_360' title='bbox 431 2424 505 2462; x_wconf 88' lang='lat' dir='ltr'>pro</span> <span class='ocrx_word' id='word_1_361' title='bbox 533 2406 615 2448; x_wconf 78' lang='grc' dir='ltr'>ὗπό</span> <span class='ocrx_word' id='word_1_362' title='bbox 644 2411 801 2463; x_wconf 82' lang='grc' dir='ltr'><strong>φιαλιν.</strong></span> <span class='ocrx_word' id='word_1_363' title='bbox 844 2413 1000 2451; x_wconf 79' lang='lat' dir='ltr'>Paliter</span> <span class='ocrx_word' id='word_1_364' title='bbox 1044 2410 1207 2464; x_wconf 86' lang='lat' dir='ltr'>quando</span> <span class='ocrx_word' id='word_1_365' title='bbox 1250 2405 1331 2449; x_wconf 78' lang='grc' dir='ltr'>ἇνὰ</span> <span class='ocrx_word' id='word_1_366' title='bbox 1372 2410 1509 2448; x_wconf 85' lang='lat' dir='ltr'>distri-</span> 
     </span>
     <span class='ocr_line' id='line_1_43' title="bbox 78 2462 1508 2531; baseline 0.001 -29"><span class='ocrx_word' id='word_1_367' title='bbox 78 2462 263 2502; x_wconf 82' lang='lat' dir='ltr'>butivum</span> <span class='ocrx_word' id='word_1_368' title='bbox 324 2472 571 2511; x_wconf 85' lang='lat' dir='ltr'>occurreret,</span> <span class='ocrx_word' id='word_1_369' title='bbox 626 2479 827 2531; x_wconf 46' lang='lat' dir='ltr'>nusquam</span> <span class='ocrx_word' id='word_1_370' title='bbox 870 2466 1124 2518; x_wconf 85' lang='lat' dir='ltr'>separabant,</span> <span class='ocrx_word' id='word_1_371' title='bbox 1174 2465 1242 2503; x_wconf 90' lang='lat' dir='ltr'>sed</span> <span class='ocrx_word' id='word_1_372' title='bbox 1292 2465 1508 2517; x_wconf 81' lang='lat' dir='ltr'>iungebant</span> 
     </span>
     <span class='ocr_line' id='line_1_44' title="bbox 78 2515 1504 2572; baseline 0.001 -17"><span class='ocrx_word' id='word_1_373' title='bbox 78 2519 334 2568; x_wconf 84' lang='lat' dir='ltr'>nominibus,</span> <span class='ocrx_word' id='word_1_374' title='bbox 365 2527 410 2558; x_wconf 88' lang='lat' dir='ltr'>ut</span> <span class='ocrx_word' id='word_1_375' title='bbox 449 2515 631 2566; x_wconf 71' lang='grc' dir='ltr'>ἀναδύο,</span> <span class='ocrx_word' id='word_1_376' title='bbox 662 2517 812 2570; x_wconf 78' lang='grc' dir='ltr'><em>αναὲξ,</em></span> <span class='ocrx_word' id='word_1_377' title='bbox 840 2520 945 2567; x_wconf 81' lang='lat' dir='ltr'>bmi,</span> <span class='ocrx_word' id='word_1_378' title='bbox 975 2522 1079 2568; x_wconf 82' lang='lat' dir='ltr'>seni,·</span> <span class='ocrx_word' id='word_1_379' title='bbox 1107 2534 1149 2559; x_wconf 82' lang='lat' dir='ltr'>v·-</span> <span class='ocrx_word' id='word_1_380' title='bbox 1183 2534 1224 2572; x_wconf 85' lang='lat' dir='ltr'>p-</span> <span class='ocrx_word' id='word_1_381' title='bbox 1244 2519 1337 2558; x_wconf 80' lang='lat'><strong>536.</strong></span> <span class='ocrx_word' id='word_1_382' title='bbox 1361 2519 1415 2558; x_wconf 90' lang='lat' dir='ltr'><strong>A.</strong></span> <span class='ocrx_word' id='word_1_383' title='bbox 1445 2533 1504 2568; x_wconf 82' lang='lat'>1.,</span> 
     </span>
     <span class='ocr_line' id='line_1_45' title="bbox 80 2571 1506 2639; baseline 0.003 -31"><span class='ocrx_word' id='word_1_384' title='bbox 80 2571 151 2609; x_wconf 89' lang='lat' dir='ltr'>ubi</span> <span class='ocrx_word' id='word_1_385' title='bbox 186 2572 412 2639; x_wconf 81' lang='grc' dir='ltr'><strong><em>προσὸύσιν</em></strong></span> <span class='ocrx_word' id='word_1_386' title='bbox 435 2573 594 2612; x_wconf 87' lang='lat' dir='ltr'>exhibui</span> <span class='ocrx_word' id='word_1_387' title='bbox 635 2573 687 2611; x_wconf 87' lang='lat' dir='ltr'>ad</span> <span class='ocrx_word' id='word_1_388' title='bbox 714 2577 1011 2638; x_wconf 85' lang='lat' dir='ltr'>praescriptum</span> <span class='ocrx_word' id='word_1_389' title='bbox 1038 2573 1373 2614; x_wconf 77' lang='lat' dir='ltr'>membianarum</span> <span class='ocrx_word' id='word_1_390' title='bbox 1403 2573 1506 2612; x_wconf 87' lang='lat' dir='ltr'>Sunt</span> 
     </span>
     <span class='ocr_line' id='line_1_46' title="bbox 79 2623 1503 2693; baseline -0.001 -26"><span class='ocrx_word' id='word_1_391' title='bbox 79 2633 212 2667; x_wconf 81' lang='lat' dir='ltr'>autem</span> <span class='ocrx_word' id='word_1_392' title='bbox 239 2623 288 2666; x_wconf 75' lang='lat' dir='ltr'>toi</span> <span class='ocrx_word' id='word_1_393' title='bbox 317 2624 396 2666; x_wconf 80' lang='grc' dir='ltr'>ὑπὸ</span> <span class='ocrx_word' id='word_1_394' title='bbox 427 2627 573 2682; x_wconf 77' lang='grc' dir='ltr'><strong><em>φιαλίν</em></strong></span> <span class='ocrx_word' id='word_1_395' title='bbox 614 2625 798 2693; x_wconf 80' lang='grc' dir='ltr'><em>καμήσια</em></span> <span class='ocrx_word' id='word_1_396' title='bbox 838 2629 942 2668; x_wconf 87' lang='lat' dir='ltr'>idem</span> <span class='ocrx_word' id='word_1_397' title='bbox 969 2636 1088 2682; x_wconf 86' lang='lat' dir='ltr'>atque</span> <span class='ocrx_word' id='word_1_398' title='bbox 1117 2625 1167 2668; x_wconf 80' lang='grc' dir='ltr'>τὰ</span> <span class='ocrx_word' id='word_1_399' title='bbox 1195 2625 1276 2667; x_wconf 79' lang='grc' dir='ltr'>ἀπὸ</span> <span class='ocrx_word' id='word_1_400' title='bbox 1306 2627 1370 2667; x_wconf 86' lang='lat' dir='ltr'>vel</span> <span class='ocrx_word' id='word_1_401' title='bbox 1394 2624 1503 2677; x_wconf 75' lang='grc' dir='ltr'><em>μετὰ</em></span> 
     </span>
     <span class='ocr_line' id='line_1_47' title="bbox 78 2679 1502 2738; baseline 0.002 -20"><span class='ocrx_word' id='word_1_402' title='bbox 78 2681 246 2735; x_wconf 77' lang='grc' dir='ltr'><strong><em>φιαλίου</em></strong></span> <span class='ocrx_word' id='word_1_403' title='bbox 283 2680 468 2736; x_wconf 81' lang='grc' dir='ltr'><em>καμήσια</em></span> <span class='ocrx_word' id='word_1_404' title='bbox 487 2712 499 2735; x_wconf 86' lang='lat'>‚</span> <span class='ocrx_word' id='word_1_405' title='bbox 540 2689 587 2722; x_wconf 87' lang='lat' dir='ltr'>ut</span> <span class='ocrx_word' id='word_1_406' title='bbox 626 2679 650 2735; x_wconf 82' lang='grc' dir='ltr'><em>ἢ</em></span> <span class='ocrx_word' id='word_1_407' title='bbox 679 2679 970 2737; x_wconf 74' lang='grc' dir='ltr'><em>υποκαμποῖγιν</em></span> <span class='ocrx_word' id='word_1_408' title='bbox 1001 2683 1223 2738; x_wconf 79' lang='grc' dir='ltr'><strong><em>σύγκλητος</em></strong></span> <span class='ocrx_word' id='word_1_409' title='bbox 1250 2683 1356 2724; x_wconf 88' lang='lat' dir='ltr'>idem</span> <span class='ocrx_word' id='word_1_410' title='bbox 1382 2690 1502 2738; x_wconf 82' lang='lat' dir='ltr'>atque</span> 
     </span>
    </p>
   </div>
  </div>
 </body>
</html>
