1832 3126
128 150 133 159 ’ξ
161 189 236 235 An
273 188 571 235 cousi-mr.
610 187 808 231 ronrn.
838 188 910 228 niz
950 186 1134 228 cmm.
1170 187 1270 228 un.
1311 184 1347 226 1.
1411 164 1517 240 ¹57

137 294 208 348 37.
221 293 275 334 D.
299 292 438 347 1.[61,
458 289 550 346 πμ]
580 286 652 332 τὸν
675 284 913 343 κουράτορα
948 285 1022 330 τὸν
1049 287 1193 340 μέγαν.
1248 287 1419 341 Magnus
1442 301 1517 328 cu·-

83 348 379 390 mter-videm
398 347 540 395 fuisse,
571 347 642 400 qui
666 344 916 386 curatoribus
950 345 1136 384 omnibus
1163 343 1410 391 minoribus,
1443 356 1516 383 cu-

84 404 326 444 ratoriarum
358 401 648 456 inspectoribus
664 428 678 453 ,
723 407 921 454 praeerat.
977 400 1082 438 Sunt
1119 407 1254 439 autem
1291 400 1517 438 curatoriae

83 458 272 514 praedia,
317 459 429 511 agri,
473 457 640 503 domus,
692 455 871 494 urbanae
908 452 1240 507 suburbanaeque
1254 483 1266 503 ‚
1312 454 1516 494 interdum

83 527 245 568 quoque
265 513 412 566 integri,
427 519 578 558 tractus
595 518 726 549 terrae
740 539 751 558 ‚
788 524 961 564 quorum
987 510 1138 548 reditus
1158 510 1210 548 ad
1231 511 1516 562 Imperatorem

84 567 241 618 solum,
287 581 357 607 seu
390 567 442 606 ad
475 567 671 620 privatam
701 579 786 604 rem
803 594 815 615 ,
853 565 1120 618 pertinebant.
1179 565 1393 604 Curatores
1418 565 1517 605 olim

83 623 207 663 iidem
230 629 350 676 atque
378 609 620 676 Logotbetae
644 626 715 659 aut
745 619 957 659 rationales
997 626 1113 658 erant
1141 619 1250 668 (vid.
1275 620 1326 658 T.
1353 620 1386 659 1.
1406 620 1515 660 Hist.

83 677 194 732 Aug.
206 691 263 732 „p.
289 677 412 732 997.)
449 684 489 715 et
514 677 556 715 in
585 676 712 729 specie
740 683 942 715 curatores
961 674 1198 714 dicebantur
1219 674 1383 714 aedibus
1405 690 1516 728 prae-

83 731 202 780 fecti,
237 732 280 772 in
306 730 451 784 quibus
475 732 666 786 pecuniae
689 731 1020 781 asservabantur,
1045 730 1130 769 vid.
1153 730 1221 768 Du
1253 730 1385 784 Cange
1409 738 1515 770 utro-

29 815 34 818 -
84 801 164 841 que
190 785 380 842 glossario
406 793 446 826 et
475 787 526 826 ad
560 785 744 826 Alexiad.
776 799 820 839 p.
848 786 943 841 339.
968 786 1089 824 Goar.
1120 783 1171 825 ad
1195 784 1339 825 Codin.
1370 800 1412 839 p.
1441 786 1511 826 δι.

82 856 129 884 n.
151 840 220 897 49.
259 842 322 880 De
344 842 596 881 curatoribus
628 840 791 880 urbium
821 848 862 880 et
894 841 1192 894 provinciarum
1222 854 1266 880 v.
1295 840 1433 881 Vales.
1465 842 1522 882 δᾶ·

81 895 224 948 Amin.
252 895 434 936 Marcell.
469 912 513 950 p.
542 896 611 949 41.
641 909 679 945 a,
709 898 779 950 qui
806 910 847 950 p.
874 897 968 937 323.
996 895 1025 935 b
1047 896 1242 949 originem
1280 904 1515 937 curatorum

80 952 142 992 rei
177 951 355 1005 privatae
387 952 524 992 habet.
579 953 702 991 Goar-
736 951 787 991 ad
822 951 993 991 Cedren.
1018 965 1059 1006 p.
1092 950 1189 1006 479.
1246 951 1518 1005 κουρατωρία

82 1006 367 1060 interpretatur
385 1008 579 1063 prz'nczjnis
612 1007 813 1062 privatum
845 1008 1042 1071 peculium
1072 1014 1142 1046 aut
1172 1005 1404 1047 dominium.
1460 1007 1517 1047 Et

80 1061 176 1102 inde
194 1069 328 1115 patet,
367 1062 466 1115 quid
493 1064 543 1102 sit
566 1063 814 1116 provinciam
844 1077 884 1102 in
913 1062 1154 1102 curatoriam
1178 1061 1374 1116 redigere.
1431 1061 1512 1101 Sci-

81 1115 176 1156 licet
210 1118 441 1170 provincia‚
486 1133 589 1171 quae
622 1118 744 1157 armis
774 1118 1025 1171 subigeretur
1052 1124 1091 1157 et
1120 1118 1295 1170 pristinis
1324 1117 1515 1157 adiicere·

80 1177 175 1219 tur,
209 1171 375 1211 cedebat
399 1186 482 1212 non
505 1173 770 1226 reipublicae,
801 1173 871 1212 sed
892 1174 1126 1227 Imperatori
1146 1202 1157 1222 ,
1194 1179 1234 1212 et
1259 1172 1410 1212 reditus
1428 1174 1515 1213 eius

81 1240 166 1266 non
188 1227 239 1266 ad
268 1229 465 1266 aerarium
494 1228 700 1281 publicum
716 1258 726 1275 ‚
762 1228 831 1268 sed
856 1228 908 1267 ad
926 1243 1011 1268 rem
1029 1230 1225 1282 privatam
1243 1227 1515 1281 pertinebant,

80 1281 138 1320 ita
156 1287 315 1330 tamen,
343 1290 389 1321 ut
415 1284 611 1336 praesidia
635 1285 684 1322 iis
710 1285 895 1336 imposita
924 1284 974 1323 de
1003 1298 1076 1324 suo
1104 1282 1267 1322 deberet
1296 1284 1517 1337 Imperator

81 1333 203 1375 alere.
258 1337 397 1390 Itaque
421 1339 627 1391 provincia
648 1338 862 1387 Melitene,
901 1353 1022 1393 quam
1050 1340 1254 1381 Romanus
1285 1339 1518 1391 Lecapenus

81 1391 127 1430 in
150 1393 390 1431 curatoriam
430 1393 576 1432 dicitur
611 1394 818 1447 redegisse,
858 1394 964 1446 (vid.
988 1395 1157 1434 Dissert.
1194 1393 1246 1434 cl.
1283 1393 1436 1433 Leichii
1464 1393 1515 1434 de

81 1445 348 1485 Constantino
380 1447 582 1502 Porphyr.
612 1463 654 1502 p.
686 1450 841 1488 XVIII.
884 1455 924 1498 §.
950 1451 1020 1499 5.‚
1072 1449 1144 1488 ubi
1180 1449 1334 1502 egregie
1371 1448 1517 1488 Annae

81 1498 216 1539 locum
246 1501 434 1540 adversus
461 1503 528 1540 Du
556 1503 694 1556 Cangii
731 1510 933 1543 tentamen
962 1504 1169 1554 defendit‚)
1212 1503 1264 1542 ad
1296 1504 1516 1556 Imperato-

83 1567 175 1594 rum
201 1554 386 1608 deinceps
417 1556 615 1608 peculium
648 1559 854 1611 pertinuit.
913 1561 1130 1612 Oppositae
1158 1558 1281 1610 igitur
1305 1565 1420 1597 erant
1443 1572 1516 1599 cu·-

23 1648 26 1653 ,
82 1613 254 1649 ratoriae
282 1610 549 1662 thematibus,
585 1620 678 1662 aut,
712 1621 759 1651 ut
784 1614 916 1652 Latini
938 1614 1057 1652 medii
1085 1614 1173 1652 aevi
1200 1612 1408 1662 dicebant,
1446 1613 1516 1652 du·

81 1664 252 1703 (tatibus.
308 1665 533 1705 Ekehartus
558 1668 690 1706 iunior
711 1668 761 1706 de
785 1667 940 1707 casibus
965 1669 1006 1707 S.
1035 1668 1141 1707 Galli
1162 1667 1210 1706 C.
1235 1680 1297 1707 h:
1327 1667 1514 1708 Nondum

77 1719 210 1758 adhuc
234 1720 305 1758 illo
333 1729 502 1775 tempore
532 1722 678 1761 Saeoevia
713 1724 756 1764 in
787 1724 969 1762 ducatum
995 1732 1081 1762 erat
1099 1723 1282 1771 redacta,
1323 1722 1394 1760 sed
1403 1723 1514 1778 fisco

82 1775 191 1826 regio
216 1775 470 1829 peculiariter
498 1778 688 1831 parebat,
735 1779 832 1817 sicut
863 1778 978 1817 hodie
1005 1787 1043 1817 et
1067 1779 1256 1817 Francia.
1313 1777 1514 1817 Procura-

81 1828 178 1867 bant
199 1830 335 1868 ambas
365 1830 552 1873 Gamerae
590 1832 656 1886 [id
685 1840 744 1871 est
779 1832 855 1871 τοῦ
885 1832 1069 1886 ἰδικοῦ],
1109 1846 1204 1888 quos
1234 1832 1291 1871 sic
1322 1833 1519 1872 vocabant

82 1885 231 1922 nuncii.
285 1885 393 1924 Eum
423 1901 575 1926 morem
597 1889 857 1940 Imperatores
883 1888 1127 1928 Ottomanici
1145 1917 1156 1934 ‚
1195 1894 1242 1925 ut
1267 1886 1395 1926 multa
1418 1887 1511 1936 alia,

81 1951 131 1976 ex
169 1939 361 1978 institutis
394 1940 509 1980 aulae
545 1943 787 1995 Byzantinae
821 1945 1088 1982 retinuerunt.
1145 1943 1244 1982 Nam
1274 1955 1412 1981 recens
1445 1956 1514 1982 ex-

81 2000 280 2045 pugnatae
307 1994 428 2035 urbes
449 2004 490 2036 et
515 1998 744 2050 provinciae
770 2012 906 2041 omnes
919 2028 931 2050 ,
969 1999 1174 2051 veterique
1195 1997 1283 2036 orbi
1306 1996 1512 2037 Moslemi-

82 2059 119 2097 ci
136 2059 301 2111 imperii
328 2061 504 2101 adiectae
530 2065 715 2118 propriae
747 2071 842 2104 sunt
874 2065 1126 2118 Imperatoris
1155 2069 1195 2103 et
1226 2062 1278 2102 ad
1319 2054 1511 2121 :fiij—5

84 2122 260 2174 Clau-nd,
299 2139 382 2165 non
411 2127 462 2167 ad
496 2118 575 2169 dm
607 2138 710 2174 Q
741 2131 952 2170 Beitelmal
963 2161 974 2179 ‚
1025 2144 1094 2170 seu
1129 2129 1268 2169 fiscum
1303 2130 1511 2183 publicum

76 2179 291 2232 pertinent.
350 2181 479 2221 Aliter
513 2185 636 2238 igitur
681 2187 990 2225 instituebantur
1031 2193 1130 2224 tunc
1170 2186 1359 2237 temporis
1403 2185 1510 2225 bello

83 2232 271 2273 subactae
291 2237 516 2288 provinciae
532 2269 543 2289 ,
559 2254 680 2292 quam
709 2240 804 2280 olim
835 2241 992 2280 saeculo
1014 2242 1155 2294 quinto
1177 2254 1214 2279 e.
1240 2254 1292 2288 c.,
1320 2253 1402 2293 quo
1421 2240 1512 2280 illae

6 2299 13 2310 ³
79 2299 163 2326 non
187 2289 238 2327 ad
260 2291 387 2329 solum
419 2292 723 2356 Imperatorem.
769 2296 837 2335 sed
867 2297 927 2335 ad‘
943 2298 1074 2348 ipsum
1096 2303 1135 2334 et
1161 2301 1286 2334 totam
1315 2309 1400 2334 rem
1426 2295 1510 2334 Ro-

79 2355 266 2391 mamm,
309 2341 386 2397 τήν
420 2345 555 2400 ἆρχην
584 2350 667 2388 τῶν
701 2345 902 2403 ῥωμαίων
927 2351 992 2390 vel
1023 2347 1068 2389 τὸ
1103 2346 1298 2402 δημόσιον
1334 2352 1510 2402 pertine-

80 2395 180 2436 bant
194 2427 205 2447 ,
256 2406 295 2438 et
322 2400 435 2439 fundi
469 2416 492 2440 a
520 2406 686 2444 vetustis
717 2406 1004 2458 possessoribus
1041 2405 1170 2444 soluto
1210 2417 1350 2444 eorum
1381 2406 1509 2459 pretio

79 2452 221 2515 redimi
248 2454 472 2506 debebant,
505 2464 696 2511 tanquam
722 2461 754 2500 si
784 2463 895 2514 prius
922 2475 1001 2500 non
1031 2460 1277 2498 habuissent.
1334 2460 1388 2499 V.
1414 2460 1511 2500 Pro-

79 2519 217 2558 coplus
240 2509 452 2548 Hoeschel.
482 2511 572 2562 142.
596 2514 670 2552 ult.
702 2523 741 2554 et
768 2515 857 2566 143.
885 2516 925 2554 3.
984 2515 1149 2554 Invenio
1178 2512 1286 2567 apud
1314 2514 1504 2568 Symeon.

80 2560 189 2614 Mag.
222 2577 264 2615 p.
290 2564 387 2616 427.
410 2565 464 2604 D.
520 2567 807 2622 κουρατωρίαν
847 2567 906 2615 εἰς
946 2565 991 2608 ‘cti
1032 2573 1234 2608 κατοικεῖν
1258 2567 1390 2609 ἐκεῖσε
1431 2585 1509 2622 γυ-

79 2618 223 2673 γαῖκας
257 2614 330 2664 τὰς
359 2615 417 2671 μὴ
450 2619 610 2668 εἰδυίας
642 2628 884 2677 σωφρονεῖν.
938 2625 1100 2678 Ergone
1129 2624 1244 2663 aedes
1269 2625 1507 2678 castigandis

80 2670 270 2721 mprobis
302 2673 520 2713 destinatae
552 2683 646 2715 sunt
669 2681 787 2717 etiam
817 2678 1100 2731 κουρατωρίαι
1127 2677 1375 2734 appellatae?
1429 2681 1504 2718 vi-

79 2721 197 2763 detur
225 2729 388 2768 omnino
402 2758 415 2783 ,
461 2736 501 2770 et
530 2744 624 2772 sane
645 2733 817 2788 improbi
846 2741 965 2788 atque
995 2734 1136 2775 mentis
1162 2733 1269 2775 haud
1304 2739 1506 2787 compotes
