1884 3132
197 143 270 187 An
309 142 605 188 CONSTANT.
646 142 843 186 Pomm.
885 143 955 184 DE
998 143 1179 184 cERiM.
1219 144 1316 184 Lm.
1349 147 1400 185 11.
1445 122 1556 200 759

118 250 189 289 nbi
220 251 372 290 iaceant
389 280 401 301 ‚
434 257 536 290 tacet
563 249 743 287 historia.
800 248 1084 287 Constantinus
1113 249 1264 298 iunior,
1294 255 1339 288 ut
1370 249 1408 287 in
1431 263 1558 302 aquas

119 307 346 358 proiectus,
378 306 539 344 videtur
565 317 774 356 nunquam
800 302 1029 356 sepulcrum
1057 309 1211 352 nactus,
1242 304 1311 342 sed
1339 318 1362 342 a
1384 305 1556 358 piscibus

118 367 352 399 consumtus
381 359 514 399 fuisse.

228 416 282 453 D.
304 413 378 456 ult.
407 413 526 468 [642‚
552 411 637 466 10.]
669 408 892 458 Θεοδόσιος
917 409 942 450 ὅ
970 409 1114 463 μέγας.
1170 411 1276 465 ''[De
1303 412 1379 450 hoc
1421 411 1555 465 sepul-

117 483 187 509 cro
215 476 342 509 exstat
367 469 474 523 apud
503 469 762 522 Anonymum
790 467 966 514 mentio,
996 475 1040 505 nt
1072 473 1114 505 et
1143 466 1358 505 Theodosii
1388 469 1557 506 iunioris

118 524 185 564 hic
205 523 373 572 omissi,
403 524 548 563 Leonis
566 524 624 562 M.
649 529 690 562 et
710 523 920 561 Marciani.
975 521 1191 560 Theodosii
1217 536 1312 560 vero
1335 523 1391 560 M.
1412 537 1559 575 corpus

115 579 372 630 Mediolano,
409 579 480 618 ubi
509 578 690 628 obierat,
719 577 845 616 CPlin
873 576 1110 615 translatum
1140 584 1179 615 et
1207 577 1261 615 ab
1280 577 1454 615 Arcadio
1474 577 1561 617 filio

118 634 324 673 conditum
354 635 397 673 in
425 633 712 687 Apostolorum
739 632 837 671 aede
866 632 954 670 fuit.
1010 632 1192 670 Zosimus
1221 633 1269 671 L.
1295 633 1366 670 lv.
1386 634 1424 670 in
1445 632 1524 671 fine
1540 647 1553 671 ε

117 687 339 734 Θεοδόσιος
366 687 425 734 εἷς
469 685 546 740 τήν
581 683 900 727 Κωνσταντι’νου
941 682 1061 724 πόλιν
1100 683 1284 726 ἐπανιών
1320 683 1556 739 ἐτελεύτησε

114 739 250 798 νόσῳ,
275 740 351 782 καί
374 740 419 783 τὸ
449 739 599 782 τούτου
630 742 753 790 σῶμα
778 741 1033 792 ταριχευθὲν
1060 743 1144 788 τοῖς
1172 740 1217 780 ἐν
1245 742 1297 794 τῇ
1327 742 1555 780 Κωνσταν-

111 797 227 837 πίνου
250 793 368 836 πόλει
395 798 626 848 βασιλικοῖς
654 793 804 848 τάφοις
830 795 1088 848 ἑναπετέθη,
1146 805 1340 834 caeterum
1375 797 1555 835 Theodo-

113 853 192 891 sius
208 881 222 903 ‚
259 853 354 892 dum
388 852 517 891 CPlin
548 853 778 900 revertitur,
808 851 941 890 morbo
972 852 1101 889 vitam
1108 851 1252 907 finiit,
1282 853 1436 906 eiusque
1465 865 1554 890 cor-

105 921 182 961 pus
209 908 442 962 pollinctum
470 908 655 962 sepulcris
685 907 969 960 Impemtoriis‚
999 920 1099 960 quae
1123 906 1229 945 CPli
1251 915 1337 944 sunt
1350 936 1359 953 ‚
1400 906 1557 944 illatum

94 963 203 1014 suit.
261 962 433 1002 Cedren.
462 977 501 1015 p.
519 963 644 1016 327.:
694 957 914 1012 μετήνεγκε
944 958 989 999 δὲ
1023 957 1069 999 τὸ
1097 961 1220 1009 σῶμα
1253 957 1480 999 Θεοδοσίου
1510 960 1554 999 ἐν

113 1017 269 1055 ΚΠλει
289 1014 536 1070 Ἀρκάδιος,
577 1013 666 1062 θεῖς
697 1015 741 1055 ἐν
777 1015 834 1068 τῷ
870 1012 954 1068 ναῷ
992 1014 1076 1054 τῶν
1112 1010 1240 1066 ἁγίων
1276 1011 1554 1065 Ἀποστόλων,

118 1071 331 1110 Theodosii
353 1086 491 1127 corpus
519 1071 715 1110 Arcadius
747 1069 876 1109 CPlin
900 1070 1062 1118 detulit,
1094 1080 1209 1125 atque
1235 1071 1278 1108 in
1295 1071 1411 1121 fimo
1430 1070 1552 1123 -Apo-

109 1127 298 1165 stolorum
334 1125 563 1182 deposuic.]*
633 1126 719 1164 Non
751 1125 957 1178 praeteriit
986 1125 1131 1164 Noster
1161 1124 1382 1163 Arcadium
1422 1139 1557 1177 neque

112 1180 385 1220 Theodosium
414 1182 612 1221 iuniorem
629 1211 643 1226 ,
675 1180 744 1219 sed
774 1181 879 1219 infra
907 1195 944 1232 p.
980 1181 1072 1234 373.
1090 1180 1135 1218 B.
1164 1179 1410 1218 demonstrat
1439 1180 1552 1218 sedes

110 1249 250 1274 corum
288 1244 482 1275 aeternas.
540 1237 602 1275 De
629 1237 772 1274 Leonis
803 1236 860 1274 M.
883 1234 1066 1288 sepulcro
1106 1248 1143 1273 v.
1186 1234 1352 1273 Cedren.
1382 1249 1420 1288 p.
1456 1234 1551 1273 350.

112 1291 165 1328 D.
187 1305 228 1344 7.
260 1298 299 1330 et
326 1292 377 1330 de
400 1293 592 1330 Marciani
620 1305 659 1343 p.
678 1289 772 1341 346.
798 1290 846 1328 C.

194 1346 288 1399 371.
321 1346 373 1384 A.
398 1360 433 1385 1.
469 1346 584 1397 [642‚
611 1343 696 1397 11.]
739 1341 961 1395 ἱερακίτης.
1026 1345 1088 1382 Dc
1123 1346 1305 1382 hiemeiee
1342 1343 1406 1382 vel
1454 1345 1550 1382 mil-

112 1400 204 1439 vino
233 1414 432 1438 marmore
460 1401 541 1439 vid.
573 1399 737 1438 Salmas.
765 1399 816 1436 ad
845 1398 971 1437 Solin.
989 1413 1030 1450 p.
1051 1398 1156 1445 502„
1177 1399 1245 1436 ubi
1266 1400 1320 1436 ait
1340 1413 1423 1437 esse
1443 1413 1549 1436 mar-

114 1468 202 1493 mor
235 1457 359 1508 nigris
386 1455 448 1494 vel
478 1456 605 1494 furvis
633 1461 671 1492 et
700 1454 878 1491 candidis
908 1453 1077 1491 maculis
1107 1468 1328 1504 respersum
1347 1483 1358 1499 ‚
1398 1453 1447 1490 ad
1485 1454 1550 1490 in-

110 1516 192 1548 star
218 1510 446 1562 plumarum
472 1510 599 1549 milvi.
656 1508 796 1547 Aetius
823 1508 922 1546 ibid.
950 1508 1068 1546 λίθον
1095 1503 1343 1560 ὑπόχλωρον
1363 1507 1552 1560 appellat,

113 1565 221 1617 quod
249 1579 342 1604 cum
371 1565 501 1604 Nostri
530 1561 729 1613 πράσιιός
759 1564 954 1615 congruit.

217 1620 267 1659 Δ.
285 1620 326 1659 6.
360 1619 478 1674 [GM-2,
507 1618 589 1672 13.]
623 1616 822 1668 πράσινος
852 1612 1073 1663 Θετταλὸς.
1142 1615 1411 1655 Tliettalicum
1442 1631 1547 1655 mar-

113 1687 203 1713 mor
236 1674 365 1713 viride
398 1682 484 1726 est;
511 1675 593 1713 vid.
621 1673 782 1711 Contin.
811 1671 1048 1724 Theophan.
1083 1686 1125 1724 p.
1154 1672 1220 1713 88.
1255 1671 1302 1709 C.
1331 1670 1371 1721 4.
1401 1678 1439 1709 et
1458 1686 1550 1724 90„

114 1729 183 1768 nbi
221 1731 331 1768 varia
360 1730 464 1768 inter
490 1743 632 1782 genera
660 1727 868 1765 marmoris
898 1734 1093 1764 memorat
1125 1740 1283 1779 quoque
1320 1725 1548 1777 πρασίνους

112 1784 341 1834 ποταμίους
380 1780 661 1828 Θεσσαλικοὺς
675 1812 686 1831 ,
730 1782 873 1820 viridis
912 1782 1127 1819 Thessalici
1152 1781 1335 1819 wululati
1363 1781 1546 1818 laminas.

110 1838 295 1888 ἿΛίθυς
324 1835 511 1891 (verram,
539 1836 564 1890 ἡ
593 1834 639 1875 τὸ
668 1832 871 1888 πράσινον
884 1835 1038 1887 χρῶμα
1059 1835 1294 1887 κεκτημένη.
1344 1836 1446 1877 ,Vita
1469 1836 1546 1874 Ba-

114 1893 177 1932 sil.
203 1907 236 1932 c.
258 1893 321 1933 58.
346 1894 365 1910 ¹¹

222 1947 278 1986 A.
296 1899 342 1986 Si
374 1947 491 2002 [642‚
515 1946 604 2000 15]
626 1941 884 1992 Ἀκυιτανός.
942 1945 1001 1982 Ita
1030 1944 1302 1982 membranae.
1355 1944 1546 1996 Apogra-

113 2003 238 2056 phum
262 2003 540 2041 Draudianum
568 2010 607 2040 et
635 2017 679 2040 ex
708 2015 755 2039 eo
784 2001 905 2038 editio
933 1999 1148 2037 Leichiana
1175 1999 1324 2036 dabant
1351 1995 1547 2037 ’Λκθιτα-

111 2053 194 2101 νός.
250 2058 314 2097 Ad
335 2058 441 2096 hunc
460 2058 591 2096 locum
614 2056 667 2094 V.
686 2057 738 2093 D.
769 2055 865 2093 haec
893 2061 1019 2092 notat.
1078 2053 1289 2107 *[Rcddidi
1308 2053 1544 2107 Aquitanas,

111 2125 236 2165 quum
263 2114 306 2150 in
336 2112 402 2151 illa
424 2114 584 2166 regione
604 2125 802 2150 marmora
825 2109 907 2148 fodi
934 2109 1085 2147 Plinius
1111 2108 1273 2146 scribat.
1332 2107 1544 2145 Caeterum

113 2169 154 2205 in
183 2167 257 2205 hac
289 2181 390 2206 voce
418 2170 574 2206 variant
602 2169 826 2219 scriptores.
883 2164 1053 2201 Ccdren.
1082 2178 1123 2214 p.
1152 2163 1244 2202 565.
1283 2161 1327 2200 ἐν
1367 2160 1544 2214 λάρνακι

107 2219 355 2275 Ἀκυντιανῇ
371 2252 382 2271 ,
422 2237 465 2260 ex
497 2235 694 2260 marmore
721 2219 845 2267 ssavo,
875 2218 981 2270 quod
1013 2219 1050 2256 iu
1071 2217 1259 2270 Acyntbo
1283 2223 1418 2255 monte
1446 2215 1543 2254 effo-

112 2277 236 2314 ditur.
292 2276 496 2329 Anonym.
540 2278 580 2314 in
621 2277 735 2328 Orig.
765 2274 935 2311 CPtanis
972 2272 1227 2326 Νηκιτιανῇ,
1271 2285 1366 2319 seu,
1411 2277 1457 2309 ut
1499 2271 1543 2317 in

111 2331 287 2370 Colbert.
319 2331 422 2377 eod„
453 2329 738 2383 Ἀνακητιανῇ,
771 2329 837 2366 ubi
858 2328 1120 2371 Ananeltititz,
1152 2329 1264 2364 cuius
1291 2325 1434 2378 lapidis
1459 2325 1543 2363 Pli-

113 2387 203 2424 nius
231 2386 433 2433 meminit,
467 2385 676 2438 legendum
705 2397 788 2422 esse
817 2384 975 2421 coniicit
1006 2380 1281 2434 Bandurius.]*
1338 2382 1400 2418 De
1436 2394 1544 2418 mar-

113 2454 223 2481 more
252 2441 455 2493 Aquitano
494 2454 533 2477 v.
564 2439 763 2478 Alteserra
808 2437 856 2475 ad
888 2437 1070 2476 Anastas.
1109 2451 1149 2488 p.
1183 2435 1247 2487 42.
1287 2435 1326 2473 in
1356 2435 1540 2473 Hilario.

113 2496 235 2534 Forte
262 2496 365 2533 idem
395 2502 453 2533 est
494 2509 583 2532 cum
623 2506 820 2532 marmore
851 2493 1019 2540 Celtico,
1065 2491 1172 2543 quod
1209 2492 1312 2529 inter
1344 2503 1542 2528 marmora

115 2549 159 2587 S.
182 2550 358 2601 Sophiae
385 2549 588 2588 ornandae
616 2548 794 2587 adhibita
824 2553 998 2584 recenset
1027 2545 1194 2584 Paullus
1221 2545 1469 2583 silentiarius
1498 2546 1541 2582 in

114 2603 305 2656 Ecphrasi
335 2619 375 2643 v.
408 2618 527 2642 220.:

277 2654 382 2698 ὅσσα
412 2658 457 2697 δὲ
488 2653 638 2701 Κελτίς
666 2654 802 2706 ἀνεῖχε
829 2651 1195 2705 βαθυκριῗσταλ).ος
1222 2653 1378 2705 goin-atq,

276 2710 410 2767 χρωτὶ
436 2712 568 2764 μέλαν
600 2710 798 2762 στίλβοντι
831 2707 933 2749 πολὺ
966 2707 1110 2760 γλάγος
1142 2707 1458 2762 α’μφιβαλοῦσα.
