1826 3126
268 204 339 238 20
537 202 610 242 10.
659 197 766 240 1Ac.
814 197 1010 239 REISKII
1058 194 1436 240 COMMENTARH

263 303 328 359 De
366 302 442 341 hac
478 302 561 354 agit
595 306 717 353 caput
757 298 935 351 primum
973 297 1067 337 libri
1095 298 1258 337 secundi
1284 299 1413 338 nostri
1438 298 1713 339 ceremonialis

265 373 311 397 ex
339 357 543 410 professo,
590 355 656 393 hic
686 361 847 393 autem
862 356 906 418 ip
947 360 1178 393 transcursu
1214 362 1373 393 tantum
1407 355 1557 394 mentio
1597 356 1643 394 fit
1668 357 1712 394 in

265 413 399 452 verbis
443 426 516 462 της
552 410 838 461 καθημερινῆς
875 405 1098 461 ἱσταιιένης
1125 408 1433 463 προελεύσεως,
1507 411 1711 449 uotidiana

263 477 410 517 stante,
440 467 481 504 id
511 473 568 504 est
596 466 826 519 incipzente,
853 465 1112 519 processione.
1171 465 1376 504 Solemnes
1403 425 1533 518 prige
1560 465 1712 504 indice-

265 523 415 562 bantui
432 552 444 572 ,
490 528 529 559 et
558 520 757 559 debebant
784 527 880 558 tunc
909 533 1050 572 proce1
1052 534 1100 558 es
1119 521 1161 558 in
1189 520 1383 576 palatium
1410 520 1627 573 procedere
1637 519 1716 572 ἤλ-

263 577 420 628 λαγμέι
424 590 463 615 οι
482 607 493 626 ,
533 577 694 626 mutati,
724 575 800 614 hoc
830 583 889 614 est
915 577 958 614 in
985 577 1098 614 novis
1125 577 1252 623 robis,
1291 591 1340 614 en
1364 577 1460 628 gala
1475 605 1486 626 ‚
1534 575 1714 615 vestibus

260 632 483 685 splendidis
512 639 550 670 et
579 631 630 669 ad
658 644 847 683 pompam
876 631 1120 683 compositis.
1179 632 1458 670 processiones
1474 631 1716 669 Senatorum

264 689 308 726 in
337 690 489 726 curiam
518 686 712 725 solemnes
753 686 893 725 diebus
922 686 1164 725 solemnibus
1191 687 1242 725 ad
1271 686 1552 740 gratulandum
1581 694 1620 725 et
1647 700 1714 724 ac-

262 743 518 782 clamandum
547 742 728 793 Piincipi
757 740 801 780 ἐν
830 741 981 792 ἐσθῆτι
1007 738 1122 795 ἱερᾶ,
1151 742 1193 779 id
1222 749 1280 781 est
1307 742 1483 781 candzda
1508 751 1638 792 veste,
1667 747 1715 779 ut

262 799 453 840 Petavius
482 799 792 850 inteipretatur‚
823 804 1019 835 memorat
1046 771 1293 836 Th'emistius
1320 812 1362 850 p.
1395 795 1462 836 55.
1491 797 1580 835 init.
1638 796 1714 835 Ta·

234 852 322 891 *les
357 854 627 906 processiones
667 859 780 890 e1ant
807 853 858 890 ad
889 853 1077 901 Cilcum,
1118 855 1332 905 quotannis
1368 851 1465 891 olim
1501 858 1713 905 septenae,

262 908 408 947 deinde
451 909 628 960 quinae⁶
618 938 629 958 ‚
669 909 764 946 item
802 909 853 946 ad
881 902 1026 946 horrea
1063 907 1253 960 publica,
1275 948 1278 950 ,
1298 907 1493 947 lustrandi
1522 907 1712 945 frumenti

262 963 319 1001 ibi
349 959 519 1017 depositi
548 964 699 1016 gratia;
731 965 830 1002 item
859 963 909 1001 ad
938 962 1145 1002 balneum.
1204 964 1378 1014 Quando
1406 976 1551 1016 nempe
1579 962 1713 1026 Impe-

261 1026 399 1068 rator,
430 1025 499 1057 aut
528 1019 763 1072 Imperanix
793 1019 920 1057 lotum
950 1020 1077 1068 irent,
1107 1018 1226 1057 fiebat
1244 1019 1472 1072 processi03
1501 1019 1562 1057 uti
1590 1018 1711 1057 etiam

261 1048 423 1127 quando
452 1073 570 1127 legati
601 1075 722 1112 exteri
751 1075 1052 1127 exciperentur3
1083 1081 1122 1113 et
1150 1073 1227 1112 alia
1255 1075 1351 1113 talia
1371 1103 1382 1124 ‚
1412 1088 1514 1127 quae
1541 1073 1607 1112 hic
1625 1087 1711 1126 per-

261 1130 463 1168 strinxisse
491 1128 705 1168 suffecerit.
764 1130 831 1169 Ad
859 1131 1128 1183 processiones
1156 1131 1350 1182 peraticas
1377 1129 1507 1168 refero
1526 1158 1538 1179 ,
1582 1142 1712 1182 quan-

261 1185 315 1223 do
346 1185 610 1238 Imperatores
626 1215 636 1235 ‚
682 1185 820 1224 relicto
850 1185 998 1238 palatio
1015 1215 1026 1235 ,
1074 1187 1115 1223 in
1143 1185 1307 1237 praedia
1335 1199 1404 1224 seu
1431 1185 1612 1234 urbana,
1642 1197 1712 1222 seu

261 1239 490 1278 suburbana
508 1269 519 1290 ‚
549 1242 590 1278 in
620 1241 747 1291 Pera,
778 1241 884 1280 ultra
912 1242 1043 1279 sinum
1074 1241 1305 1278 Ceratinum
1322 1269 1334 1290 ,
1378 1247 1448 1279 aut
1475 1246 1515 1279 et
1542 1241 1584 1277 in
1612 1238 1712 1278 Asia

260 1296 363 1358 sita?
412 1295 706 1346 concederent3
750 1311 831 1349 quo
870 1304 1049 1348 tempore
1077 1294 1206 1334 officia
1234 1295 1363 1334 multa
1390 1295 1519 1335 aulica
1547 1301 1586 1333 et
1613 1309 1710 1348 pro-

260 1351 456 1389 cessiones
484 1351 740 1403 quotidianae
769 1352 1031 1390 feriabantur.
1089 1350 1201 1389 Talis
1231 1350 1410 1390 absentia
1439 1365 1461 1389 e
1487 1349 1639 1404 palatio
1671 1356 1712 1389 et

256 1406 462 1444 rusticatio
508 1421 707 1460 processus·
745 1408 967 1461 appellatur
985 1436 996 1456 ,
1042 1406 1135 1458 quia
1177 1407 1401 1458 Imperator
1448 1420 1493 1444 ex
1538 1412 1708 1458 augusta

259 1475 331 1499 sua
375 1461 466 1499 sede
508 1461 749 1514 procedebat
793 1463 888 1502 alio.
947 1461 1091 1500 Refero
1130 1461 1210 1499 huc
1238 1475 1399 1514 quoque
1426 1459 1710 1500 vindemialia·
1698 1476 1710 1510 ;

243 1516 421 1568 quando
450 1517 673 1570 Imperator
701 1519 849 1557 amicos
867 1547 879 1568 ‚
927 1531 1026 1570 quos
1054 1515 1202 1567 vellet,
1234 1517 1284 1555 ad
1313 1531 1355 1556 se
1382 1519 1424 1556 in
1451 1517 1589 1556 vineas
1617 1529 1710 1555 suas

258 1571 474 1610 invitabat.

366 1626 417 1664 A.
434 1626 475 1666 6.
495 1625 557 1681 [5‚
577 1624 662 1681 ¹3.]
695 1623 852 1682 μεφάλῃ
879 1625 1086 1683 ἐκκλησία.
1124 1627 1184 1666 Ita
1209 1625 1486 1693 appellabatur
1509 1614 1708 1682 templum

256 1681 299 1719 S.
335 1681 524 1734 Sophiae.

367 1736 421 1775 A.
438 1736 478 1775 8.
511 1737 574 1802 [5,
602 1737 687 1804 ι7.]
729 1733 810 1788 πρὸ
850 1737 952 1788 μιᾶς
993 1735 1152 1801 ἡμέρας
1188 1738 1263 1790 τῆς
1307 1735 1397 1783 οἵας
1448 1750 1524 1776 ουν
1547 1759 1600 1766 --
1622 1731 1709 1790 ἔορ-

256 1791 351 1844 τῆς,
380 1792 420 1830 id
450 1800 507 1831 est
536 1789 668 1847 ἡμέρᾳ
693 1794 773 1848 μιᾷ
805 1789 885 1846 πρὸ
911 1807 981 1845 τνς
1010 1788 1177 1845 ἑορτῆς,
1207 1807 1284 1832 uno
1322 1794 1388 1832 die
1421 1801 1512 1830 ante
1534 1793 1707 1843 fiscum.

257 1847 454 1886 Solemnis
483 1847 550 1887 ille
577 1863 664 1886 mos
692 1834 883 1914 loquendi
911 1849 1157 1886 Graecorum
1185 1862 1385 1886 novorum
1420 1854 1494 1886 est.
1551 1846 1618 1885 Sic
1634 1846 1708 1885 ali-

256 1901 300 1940 bi
329 1903 436 1955 apud
466 1903 660 1942 Nostrum
691 1899 771 1956 πρὸ
800 1901 966 1955 ἡμερων
997 1898 1107 1942 ὅσων
1135 1895 1187 1942 ἀν
1207 1897 1458 1952 κελευσωσι,
1496 1911 1552 1941 tot
1575 1902 1711 1940 diebus

256 1967 346 1996 ante
373 1967 466 2012 quot
492 1960 685 1998 lasserint.
745 1957 912 1996 Malalas
941 1959 993 1996 T.
1025 1959 1081 1996 ΙΙ.
1111 1972 1154 2010 p.
1191 1972 1252 1996 10.
1283 1959 1388 1997 cilca
1415 1958 1485 1996 fin.
1515 1953 1596 2009 πρὸ
1630 1952 1710 1996 ὀλί-

257 2025 333 2062 yov
373 2009 655 2076 διαστηματος
695 2013 770 2066 τῆς
798 2008 978 2062 πόλεως,
1017 2013 1057 2051 id
1089 2020 1147 2051 est
1175 2007 1297 2067 ὀλίγη)
1334 2008 1589 2064 διαστήματι
1623 2007 1708 2076 πρὸ

257 2066 332 2118 τῆς
361 2062 532 2114 πόλεως.
586 2068 758 2108 Photius
794 2070 836 2106 in
879 2069 1024 2107 Lexico
1064 2068 1214 2107 inedito
1243 2068 1351 2120 apud
1379 2067 1638 2108 Dodwellum
1667 2061 1709 2105 οἶ

258 2117 517 2174 τετρακόσιοι
558 2120 638 2176 πρὸ
687 2118 794 2162 ἑπτὰ
840 2122 944 2162 ἐτῶν
984 2122 1239 2179 κατέστησαν
1279 2123 1362 2162 τῶν
1394 2118 1426 2161 λ’
1464 2119 1706 2173 τυράννων,

260 2176 397 2215 CCCC
425 2188 568 2232 septem
597 2180 712 2218 annis
739 2187 828 2216 ante
855 2177 991 2216 XXX
1013 2187 1202 2228 tyrannos
1227 2177 1608 2217 obtznebant.1am
1635 2190 1708 2215 ve-

257 2237 362 2270 teres
385 2247 544 2286 quoque
573 2236 628 2273 sic
662 2233 928 2287 loquebantui
945 2234 1088 2271 Graeci
1117 2241 1156 2271 et
1179 2234 1328 2272 Latini.
1387 2232 1706 2296 Olympiodorus

258 2287 366 2338 apud
394 2288 587 2327 Photium
625 2288 732 2328 Bibl.
761 2303 804 2342 p.
841 2288 930 2327 106.
968 2289 1034 2327 ed.
1065 2288 1236 2328 Hoesch.
1264 2287 1419 2358 penult,
1468 2285 1548 2340 πρὸ
1587 2282 1706 2350 τριά-

259 2354 382 2380 κοντα
423 2342 497 2395 τῆς
518 2341 749 2397 ιΡαβέννης
785 2343 936 2394 μιλίων
966 2338 1082 2395 παρὰ
1120 2356 1218 2390 τους
1258 2342 1411 2397 ὅρκους
1452 2336 1705 2396 προστάττει

256 2408 430 2443 τουτους
465 2397 753 2464 αἰαιρεθῆιζαι.
807 2399 1011 2437 Diodorus
1039 2397 1248 2452 Siculusp
1221 2414 1264 2452 p.
1290 2398 1378 2438 160.
1399 2412 1470 2453 97.
1497 2396 1563 2436 ed.
1589 2395 1707 2435 Wes-

255 2451 326 2489 sel.
355 2448 435 2504 πρὸ
464 2447 634 2504 ἡμερῶν
662 2450 806 2502 εἴκοσι,
837 2455 983 2506 viginti
1007 2453 1141 2492 diebus
1168 2463 1274 2494 ante.
1331 2453 1455 2507 Apud
1483 2450 1701 2504 Capitolin.

255 2506 299 2543 in
330 2507 389 2545 M.
421 2506 575 2545 Anton.
607 2516 665 2547 est
693 2519 782 2548 ante
810 2510 966 2548 biduum
1005 2508 1071 2557 (id
1099 2516 1157 2547 est
1185 2509 1310 2549 altero
1339 2516 1432 2547 ante
1459 2507 1544 2558 die)
1583 2519 1709 2561 quam

258 2571 495 2614 exspzraret.
538 2576 580 2600 v.
613 2564 665 2602 T.
698 2565 732 2602 Ι.
764 2565 851 2603 Ser.
883 2565 988 2602 Hist.
1019 2562 1128 2615 Aug.
1158 2578 1201 2616 p.
1234 2565 1327 2632 5Ἣ67
1359 2571 1398 2603 et
1426 2561 1585 2601 Corsini
1612 2560 1702 2613 Ap-

258 2616 380 2667 pand.
423 2617 473 2654 ad
515 2617 640 2655 Notas
680 2620 871 2658 Graecor.
927 2617 1056 2657 Simili
1085 2619 1204 2657 modo
1234 2616 1316 2657 απὸ
1346 2624 1557 2670 usurpant.
1612 2615 1731 2680 No-·

256 2670 362 2708 vella
391 2671 585 2710 Zenonis.
633 2670 911 2726 φωταγωγούς
934 2669 1096 2724 ποιήσει
1127 2669 1208 2711 ἀπὸ
1239 2674 1281 2722 ἓξ
1308 2673 1447 2712 ποδῶν
1468 2671 1544 2711 τοῦ
1562 2665 1697 2709 πάτου

257 2738 319 2770 εις
344 2738 389 2763 το
408 2721 546 2775 ὕψος,
582 2727 622 2764 id
651 2735 708 2766 est
736 2730 792 2767 acl
816 2730 1042 2768 distantiam
1070 2743 1144 2766 sex
1165 2729 1310 2783 pedum
1340 2724 1422 2766 ἅτε-ὀ
1454 2726 1528 2767 τοῦ
1553 2736 1706 2772 naruv,

257 2781 407 2822 asolo.
466 2780 663 2821 Aristides
691 2784 743 2822 Τ
777 2785 832 2823 ΙΙ.
862 2799 906 2838 p.
944 2784 1032 2823 125.
1065 2779 1146 2822 οἷπὸ
1193 2784 1352 2822 πολλου
1377 2782 1454 2822 τοῦ
1488 2773 1705 2820 δουλεύειν·
