1884 3132
275 146 350 190 An
390 143 729 188 APPEchEM
770 143 867 184 mn.
908 145 943 182 1.
986 143 1059 182 DE
1089 135 1368 183 naamon.
1451 117 1558 174 525

122 262 230 303 latur
246 259 463 300 Salmasius
491 257 541 297 de
569 257 683 296 annis
710 254 975 295 climacteriis.
1008 253 1084 293 Hic
1112 260 1171 293 est
1188 253 1263 292 loci
1285 267 1420 292 sensus
1439 251 1558 306 vulgo

119 317 227 357 male
271 315 476 355 intellecti.
519 312 703 351 Verbum
756 309 986 363 βηματίσαι
1028 309 1135 348 idem
1178 315 1238 349 est
1273 316 1395 362 atque
1423 309 1560 358 θεμα-

120 364 268 422 rabat,
312 371 363 409 de
378 383 459 423 qua
484 382 583 407 voce
608 367 691 407 vid.
709 367 778 405 Du
806 366 939 418 Cange
967 364 1097 406 Gloss.
1114 365 1188 403 Gr.
1244 364 1388 402 Rideas
1428 363 1559 417 legens

123 427 298 481 aliquem
335 427 441 463 inter
467 423 573 462 bona
600 437 671 462 sua
700 428 739 460 et
766 421 890 460 libros
919 418 1018 458 alios
1036 449 1047 469 ,
1079 434 1180 473 quos
1206 420 1445 458 monasterio
1471 420 1558 458 cui-

122 482 216 521 dam
246 480 351 534 legat
381 478 507 533 (apud
519 478 794 516 Montfaucon.
824 478 866 514 in
893 474 1102 528 Palaeogr.
1133 475 1203 514 Gr.
1221 489 1264 527 p.
1287 473 1406 527 414.)
1437 476 1558 513 etiam

122 549 335 576 numerare
353 528 454 574 ἄλλο
480 531 642 584 βιβλίον
669 528 850 570 παλαιὸν
878 526 983 568 κατὰ
1012 526 1292 582 ἇστρονόμους
1323 525 1420 579 ἔχον
1448 529 1558 581 γενέ-

121 592 226 631 θλια
253 589 327 630 καί
363 585 590 642 ὦρολόγιον
619 584 692 626 καί
730 582 782 624 τὰ
826 580 1067 637 τριάκοντα,
1116 584 1187 623 ubi
1230 586 1471 637 horologium
1500 592 1560 624 est

123 645 253 698 liber,
279 646 323 684 in
349 658 431 697 quo
454 642 720 696 significatur,
749 655 851 694 quae
881 640 1005 678 horae
1031 639 1162 679 bonae
1190 639 1381 689 malaeve,
1410 647 1449 678 et
1466 641 1558 693 qui-

122 702 200 741 bus
237 714 338 754 opus
376 698 486 752 quod
524 696 798 750 incipiendum
837 709 962 734 necne
991 723 1004 743 ‚
1063 694 1128 734 vel
1164 695 1215 734 de
1255 696 1559 748 tempestatibus

123 757 233 796 anni.
261 754 372 806 Quid
400 753 456 793 ibi
483 754 564 792 sint
592 748 644 791 τὰ
679 747 896 805 τριάκοντα
920 751 1067 791 nescio.
1095 750 1219 789 Forte
1250 758 1308 789 est
1337 750 1559 804 astrologus

121 822 265 877 aliquis
292 821 492 860 Arabicus
510 848 523 867 ,
553 819 624 872 qui
652 818 803 857 librum
830 831 948 856 suum
975 806 1202 870 oj—S'Effli
1237 806 1381 865 &jv—213
1417 818 1559 855 inscri-

122 879 204 932 psit
228 891 299 917 seu
325 877 462 931 capita
491 876 668 927 viginta.
726 874 1000 926 Nugacitatem
1027 879 1068 911 et
1097 873 1360 926 ignorantiam
1390 874 1558 911 istorum

120 941 351 986 temporum
375 938 415 970 et
433 930 630 969 inscitiam
651 929 878 968 studiorum
896 928 1053 967 utilium
1073 936 1192 980 atque
1220 926 1446 966 liberalium
1475 941 1557 968 non

120 1002 167 1028 ex
187 987 256 1028 ill‘o
274 985 415 1026 insano
444 985 484 1024 in
502 984 758 1038 astrologiam
786 983 947 1034 affectu,
969 983 1037 1022 sed
1066 985 1184 1022 etiam
1203 997 1248 1022 ex
1274 997 1322 1021 eo
1350 997 1556 1036 agnoscas,

123 1043 234 1097 quod
261 1043 303 1081 in
330 1041 451 1080 turba
478 1054 674 1079 vanorum
703 1047 743 1079 et
770 1038 973 1078 inutilium
1002 1037 1223 1089 librorum,
1253 1051 1352 1091 quos
1381 1039 1560 1092 Impera-

120 1105 229 1138 tores
254 1097 321 1136 hic
361 1096 551 1136 dicuntur
578 1097 620 1134 in
648 1102 776 1134 castra
802 1108 937 1134 secum
964 1093 1123 1133 trabere
1140 1124 1152 1144 ‚
1198 1092 1427 1133 tabularum
1464 1109 1559 1146 geo-

123 1153 404 1207 graphicarum
430 1158 471 1190 et
500 1151 796 1190 itinerariorum
822 1149 934 1188 nulla
962 1151 1111 1188 mentio
1138 1149 1229 1197 fiat,
1264 1163 1363 1202 quas
1392 1151 1559 1189 comita-

122 1216 185 1248 tas
214 1208 335 1247 fuisse
359 1214 512 1246 veteres
543 1206 673 1259 Impp.
707 1212 876 1245 testatur
901 1205 1093 1258 Vegetius
1127 1205 1202 1248 ΙΙΙ.
1236 1204 1278 1244 6.
1301 1203 1363 1243 his
1388 1205 1523 1243 verbis
1543 1220 1556 1244 :

119 1260 339 1304 soler-tiores
360 1262 474 1301 duces
502 1262 713 1300 itineraria
742 1261 1044 1315 provinciarum
1057 1290 1067 1305 ‚
1105 1261 1146 1299 in
1182 1260 1318 1315 quibus
1359 1262 1559 1299 necessitas

124 1316 271 1373 [χρεία
286 1347 298 1366 ,
334 1331 397 1356 res
435 1316 570 1369 aliqua
610 1318 831 1355 necessario
865 1313 1109 1368 peragenda]
1135 1317 1308 1367 geritur,
1356 1330 1435 1354 non
1470 1324 1559 1354 tan-

121 1382 203 1412 tum
227 1381 414 1412 annotata
442 1371 683 1425 [litteratum
705 1371 972 1409 monumentis
999 1372 1040 1408 in
1079 1370 1192 1408 libris
1231 1371 1388 1422 scriptis
1427 1372 1559 1409 consi-

120 1426 256 1482 gnata]
269 1455 282 1474 ‚
310 1427 381 1466 sed
406 1428 523 1464 etiam
555 1428 664 1480 picta
706 1427 880 1464 habuisse
900 1425 1128 1480 firmantur
1160 1424 1257 1478 [hoc
1287 1433 1358 1470 est,
1390 1432 1498 1463 certa
1517 1432 1559 1464 et

122 1496 220 1523 vera
247 1482 353 1521 fama
378 1480 614 1534 traduntur]
635 1510 646 1530 ‚
678 1490 721 1519 ut
748 1496 826 1520 non
865 1482 988 1519 solum
1028 1481 1189 1518 consilio
1228 1482 1387 1530 mentis,
1422 1495 1560 1519 verum

122 1540 241 1578 etiam
272 1537 456 1592 adspectu
477 1536 682 1575 oculorum
710 1536 820 1574 viam
839 1537 1073 1590 profectur-125·
1092 1536 1292 1588 eligerent.

234 1603 285 1643 A.
303 1603 340 1653 4.
363 1602 475 1657 [467,
501 1603 584 1654 12.]
615 1598 654 1640 οἱ
685 1601 939 1641 πλευστικοί.
997 1601 1152 1640 Nautae
1169 1631 1180 1652 ‚
1211 1602 1280 1655 qui
1302 1603 1457 1654 saepius
1483 1615 1557 1640 na·

123 1661 278 1713 vigant.
331 1659 393 1696 De
419 1658 699 1696 terminatione
734 1659 776 1695 in
810 1653 883 1703 κὸς
917 1670 990 1709 pro
1016 1658 1179 1696 nomine
1206 1656 1481 1707 substantivo,
1511 1664 1559 1696 ut

122 1705 319 1760 ναυτικὸς
346 1727 421 1766 pro
447 1722 592 1760 nauta,
640 1706 931 1763 στρατιωτικὸς
971 1725 1044 1764 pro
1073 1713 1225 1763 milite,
1269 1727 1310 1751 v.
1336 1712 1471 1751 Valoe.
1505 1712 1558 1751 ad

120 1769 259 1809 Amm.
282 1767 462 1807 Marcell.
484 1782 526 1821 p.
553 1767 642 1806 ¹61.
663 1767 710 1805 B.
731 1774 771 1806 et
791 1767 893 1805 infra
921 1766 972 1805 ad
1001 1782 1043 1820 p.
1067 1766 1225 1818 426.st
1241 1782 1336 1821 pen.

231 1834 284 1874 A.
306 1834 349 1874 6.
372 1833 486 1888 [46],
515 1833 595 1887 ¹3.]
625 1833 798 1884 βιβλίων
838 1830 1049 1886 ἧρανίσθη
1093 1833 1191 1887 παρ’
1220 1833 1339 1886 ἐμοῦ.
1393 1834 1456 1873 De
1481 1834 1559 1874 hoc

122 1889 229 1929 libro
255 1888 403 1928 nullibi
427 1891 671 1928 mentionem
700 1889 846 1928 factam
873 1889 1023 1931 inveni.

234 1954 288 1998 A.
309 1954 385 1994 ult.
405 1954 516 2009 [467‚
539 1953 605 2009 8.]
636 1952 804 2007 ἧνίτζιν.
872 1954 974 1993 Cum
1016 1954 1151 1994 locum
1188 1955 1298 1995 hunc
1325 1963 1523 1994 verterem
1542 1986 1555 2003 ‚

123 2009 373 2059 nesciebam,
403 2010 501 2063 quid
528 2008 627 2048 haec
653 2024 730 2049 vox
757 2010 831 2049 sibi
860 2009 979 2049 vellet
996 2017 1066 2048 aut
1083 2010 1190 2049 unde
1207 2012 1385 2058 veniret,
1415 2026 1558 2064 quam-

123 2067 184 2104 vis
208 2065 427 2118 suspicarer
447 2094 459 2115 ‚
488 2064 704 2104 Arabicam
735 2079 833 2104 esse.
890 2065 1031 2118 Neque
1061 2065 1181 2104 falsus
1210 2067 1267 2104 fui
1296 2069 1557 2105 coniecturae.

123 2120 202 2159 Vix
228 2127 363 2158 tamen
389 2133 593 2173 unquam,
639 2121 715 2159 nisi
753 2121 840 2173 ipsa
877 2122 1118 2173 experientia
1154 2125 1196 2159 et
1234 2121 1353 2160 huius
1374 2120 1560 2159 vocabuli

125 2174 306 2227 exemplo
334 2173 498 2224 doctus,
526 2174 780 2214 credidissem
819 2176 992 2214 Graecos
1037 2189 1164 2214 novos
1181 2205 1191 2222 ‚
1243 2179 1311 2228 qui
1345 2190 1463 2228 penes
1496 2189 1560 2213 me

123 2229 287 2281 quidem
322 2228 561 2281 ineptiarum
589 2236 628 2267 et
656 2230 832 2268 sordium
861 2233 1040 2268 omnium
1072 2244 1235 2282 capaces
1265 2230 1492 2276 habentur,
1513 2244 1560 2268 eo

122 2286 358 2337 processisse
377 2297 556 2337 unquam
573 2283 754 2323 licentiae
783 2286 824 2322 in
842 2284 1098 2337 deturpandis
1128 2291 1167 2322 et
1193 2285 1425 2324 mutilandis
1454 2298 1562 2337 pere·

123 2340 250 2391 ngnis
276 2338 443 2378 vocibus
461 2368 472 2385 ‚
513 2345 559 2376 ut
602 2338 826 2392 exemplum
867 2339 947 2378 tale
998 2339 1187 2389 ederent,
1218 2340 1335 2392 quale
1379 2338 1456 2378 hoc
1483 2346 1559 2378 est.

122 2403 206 2443 Pro
233 2402 507 2456 σικιπηνή-ζιν
530 2432 541 2452 ,
570 2402 679 2455 quod
703 2417 939 2457 sagapenum
968 2403 1170 2442 Arabibus
1211 2410 1325 2442 notat
1348 2433 1360 2454 ,
1389 2394 1562 2464 ἐνόει-(κ

122 2468 256 2508 ablata
283 2468 439 2508 meliori
484 2474 598 2520 parte
642 2467 893 2519 expeditioris
942 2467 1177 2506 elocutionis
1212 2469 1338 2520 gratia
1377 2469 1562 2508 dixerunt

122 2521 295 2572 η’νίτζιν.
354 2521 452 2562 Vid.
475 2523 542 2560 Du
563 2522 695 2574 Cange
725 2535 767 2559 v.
804 2519 1051 2571 Σικινίβιτζ,
1083 2521 1153 2560 ubi
1193 2523 1324 2561 varios
1360 2523 1559 2564 scribendi

122 2575 227 2615 hanc
254 2591 394 2618 vocem
421 2577 561 2616 modos
590 2576 742 2629 profert
770 2590 914 2629 pravos
943 2589 1082 2615 omnes
1118 2583 1277 2629 praeter
1302 2582 1430 2616 un‘um
1449 2593 1556 2618 σικι-

123 2629 262 2680 πίνιτζ
278 2662 291 2684 ,
324 2640 365 2672 et
391 2633 543 2671 adiecta
570 2632 848 2670 terminatione
878 2643 918 2669 ιν
948 2632 1035 2683 (pro
1064 2633 1138 2681 ιον)
1168 2631 1429 2680 σικιπινίτζιν
1446 2664 1458 2681 ,
1488 2642 1560 2673 aut

123 2684 270 2725 similes
312 2689 546 2741 scriptiones
578 2682 839 2739 σικιβινίτζιν
885 2691 925 2724 et
965 2685 1244 2738 σιχιβινίτζιν.
1309 2687 1558 2742 Sagapenum
