1832 3126
331 149 438 223 176
632 167 706 210 10.
745 166 858 212 1Ac.
894 169 1090 212 nmsxu
1127 169 1506 216 COMMENTAml

327 285 373 310 ea
413 269 571 310 saecula
609 271 775 312 ridicule
809 270 990 312 affectata
1028 281 1067 312 et
1099 271 1278 328 φορτικά
1293 307 1305 326 ,
1351 276 1461 330 quod
1497 290 1520 316 e
1540 273 1675 316 Caroli
1701 277 1766 317 Me

287 347 289 349 ·
328 326 506 379 exemplo
532 326 755 380 intelligas,
797 342 917 381 quem
940 328 1126 381 perhibet
1162 329 1427 383 Anastasius,
1460 345 1591 372 omnes
1693 341 1696 344 ⁴

325 383 528 433 sigillatim
554 385 817 422 sanctissimae
847 384 899 422 B.
931 385 1046 423 Petri
1071 385 1253 424 ecclesiae
1278 387 1703 440 deosculatumfuisse‚
1729 395 1771 426 et

325 438 382 475 ila
404 439 631 491 pervenisse
659 439 717 478 ad
747 439 974 495 pontificem
987 469 1000 488 ,
1041 441 1111 495 qui
1137 441 1179 480 in
1215 443 1320 482 atrio
1345 457 1464 497 super
1485 442 1632 495 gradus
1659 441 1774 496 apud

307 493 429 543 sbres
465 494 646 532 ecclesiae
683 496 823 533 stabat.
881 494 993 534 Nihil
1024 497 1146 548 igitur
1173 495 1294 536 habet
1337 497 1502 552 Captate
1515 526 1528 548 ,
1570 497 1680 551 quod
1705 497 1768 537 of-

325 547 485 599 fendat,
514 549 643 589 solum
666 551 701 588 si
725 564 886 589 sensum
908 558 1074 603 spectes.
1133 551 1281 590 Putem
1315 559 1451 592 tamen
1483 548 1669 592 καπλάτε
1701 566 1767 592 re-

323 609 435 642 ctum
465 618 565 643 esse.
584 629 594 636 -
623 604 902 655 Certum,est‚
933 620 957 644 a
982 607 1135 646 Graeco
1156 606 1283 647 verbo
1309 602 1453 658 κάπω,
1481 609 1659 663 arripio,
1688 621 1766 647 un-

325 657 376 697 de
401 661 515 714 capio
540 666 579 699 et
597 670 710 715 capto
739 669 978 714 manarunt,
1008 675 1150 701 vocem
1170 663 1331 717 capulus
1347 664 1486 702 venire
1499 693 1512 713 ,
1538 675 1642 717 quae
1655 676 1766 702 mere

325 713 477 754 Graeca
502 722 575 755 est.
632 715 670 755 A
697 713 812 769 κώπη
842 718 948 755 enim
964 746 976 766 ,
1007 731 1131 768 ansa,
1160 718 1270 756 omni
1286 746 1298 768 ,
1328 718 1437 771 quod
1465 718 1554 771 capi
1581 717 1768 758 manibus

140 773 204 808 Ed.
216 774 253 808 L.
269 776 315 810 56
326 776 366 809 et
401 772 529 809 teneri
568 776 722 824 potest,
771 769 1008 812 κωπύλλιον
1034 772 1199 812 formari
1236 775 1384 826 potuit.
1439 773 1480 813 A
1507 775 1668 828 capulus·
1706 773 1768 812 fa-

324 833 436 864 ctum
464 826 541 865 fuit
563 826 735 866 verbum
762 828 975 882 capulare,
1019 835 1059 867 et
1081 835 1284 868 contracte
1307 829 1495 884 caplare,
1537 835 1584 868 ut
1613 830 1768 868 Graece

325 893 486 935 quoque
510 882 588 921 dici
607 885 740 936 potuit
761 880 1006 922 κωπύλλειν.
1059 883 1164 923 Sane
1182 885 1339 939 caplum
1356 884 1542 923 dixerunt
1563 898 1637 937 pro
1654 883 1767 935 fune,

325 950 350 975 a
379 937 600 990 capiend03
646 938 753 977 unde
780 937 911 991 Belgis
935 937 1136 991 reliquum
1166 938 1316 978 factum
1345 939 1589 979 vocabulum
1621 939 1768 989 Cabel,

323 1006 400 1046 pro
426 993 521 1032 sune
541 995 717 1033 nautico.
776 993 981 1033 Isidorus:
1014 995 1181 1048 Caplum
1190 996 1311 1047 sum's
1338 995 1568 1049 acupiendo
1597 994 1768 1043 dictum3

325 1055 373 1087 ut
409 1046 610 1088 σκαπλίον
644 1049 787 1088 Graeci
823 1048 1010 1088 dicebant
1041 1063 1117 1102 pro
1162 1048 1415 1089 σκαπουλίον
1443 1063 1468 1089 a
1497 1051 1684 1106 scapula,
1727 1055 1769 1089 et

324 1100 498 1154 ταβλίον
526 1118 601 1156 pro
634 1103 884 1156 ταβουλιόν,
913 1118 936 1143 a
964 1104 1113 1144 tabula.
1169 1104 1280 1159 Ergo
1308 1117 1469 1159 quoque
1499 1100 1687 1145 καπλάτε
1711 1103 1767 1144 di·

326 1173 416 1197 cere
444 1166 663 1212 potuerunt
692 1174 766 1213 pro
803 1155 1042 1198 καπουλάτε
1071 1168 1111 1199 et
1135 1158 1212 1199 hoc
1236 1174 1312 1214 pro
1342 1156 1592 1202 κωπύλλετε.
1646 1159 1767 1201 Dice-

326 1214 426 1254 bant
452 1229 613 1268 quoque
645 1216 778 1254 Latini
805 1214 937 1253 medio
970 1228 1070 1255 aevo
1108 1216 1295 1270 capzdare
1325 1229 1401 1269 pro
1435 1215 1623 1268 stringere
1640 1242 1654 1266 ‚
1694 1228 1766 1255 seu

327 1270 629 1323 apprehendere
646 1300 659 1322 ,
699 1270 764 1309 vel
785 1270 974 1309 mulcere.
1034 1271 1084 1309 Si
1107 1272 1194 1325 quis
1221 1272 1379 1310 mulieri
1402 1272 1622 1310 mamillam
1647 1283 1696 1309 ca

326 1326 491 1375 laverit,
522 1327 613 1364 item
627 1339 808 1374 manum,
832 1325 1051 1374 brachium,
1082 1326 1264 1376 cubitum,
1295 1333 1354 1365 est
1372 1327 1415 1365 in
1437 1325 1592 1380 legibus
1610 1325 1764 1366 salicis.

328 1381 381 1420 V.
413 1381 482 1420 Du
511 1381 645 1434 Gange
674 1395 716 1421 v.
746 1382 948 1434 scr-ingere.
1006 1381 1074 1420 Ab
1101 1380 1172 1419 illo
1201 1380 1358 1430 officio,
1399 1382 1510 1434 quod
1537 1381 1635 1420 olim
1662 1379 1770 1420 mili-

325 1441 414 1474 tum
443 1438 789 1489 praetorianorum
817 1443 928 1486 erat,
957 1435 1051 1476 dicti
1081 1434 1156 1489 ipsi
1182 1435 1347 1476 fuerunt
1371 1431 1628 1487 ὃεξιόλαβοι,
1658 1435 1768 1490 quod

326 1491 486 1531 dextras
513 1506 657 1531 eorum
685 1491 1056 1545 apprehenderent,
1084 1492 1213 1544 iisque
1239 1505 1281 1531 se
1304 1491 1492 1531 fulcirent
1517 1491 1770 1531 ambulantes

324 1545 607 1600 Imperatores.
664 1548 789 1587 Unde
818 1554 948 1600 patet,
979 1547 1170 1586 Latinum
1197 1547 1454 1601 interpretem
1476 1548 1519 1585 in
1536 1546 1648 1586 Actis
1664 1546 1770 1600 Apo-

326 1603 523 1641 stolorum
557 1617 596 1642 c.
634 1603 785 1642 XXIII.
824 1603 891 1642 23.
924 1610 1032 1642 recte
1067 1602 1287 1642 reddidisse
1316 1615 1458 1642 vocem
1504 1597 1771 1654 δεξιολάβους

357 1672 401 1697 er
430 1659 664 1698 lancearios.
724 1659 825 1698 Nam
857 1665 1102 1711 protectores
1124 1659 1351 1711 principum
1375 1664 1490 1697 erant
1515 1658 1659 1696 scutati
1673 1686 1688 1708 ,
1731 1663 1779 1698 et*

325 1671 500 1752 l‘anceati
517 1743 528 1763 ,
560 1714 744 1767 quamvis
772 1714 969 1767 spondere
988 1728 1071 1752 non
1100 1715 1254 1762 ausim,
1286 1715 1367 1753 iam
1391 1712 1462 1752 illa
1485 1713 1620 1752 Lucae
1640 1718 1770 1752 aetate

326 1768 380 1807 ad
408 1769 554 1808 milites
580 1771 853 1823 praetorianos
874 1771 1114 1823 pertinuisse
1135 1768 1310 1808 officium
1324 1798 1338 1820 ,
1365 1769 1546 1808 dextram
1564 1767 1782 1808 ambulem-⁴

326 1824 435 1863 tibus
459 1825 774 1878 Imperatoribus
798 1839 873 1878 pro
902 1825 1031 1864 fulcro
1060 1824 1305 1878 praebendi,
1346 1830 1417 1863 aut
1442 1829 1527 1862 tam
1555 1822 1771 1864 insolentes

327 1887 368 1918 et
394 1879 596 1920 affectatos
619 1883 698 1919 iam
727 1888 815 1920 tum
848 1880 966 1919 fuisse
996 1881 1282 1933 Imperatores,
1330 1886 1375 1917 ut
1402 1877 1555 1918 alerent
1581 1878 1768 1918 homines

327 1935 550 1988 peculiares
565 1965 576 1986 ,
603 1950 776 1988 quorum
797 1935 983 1975 manibus
1012 1936 1124 1974 velut
1142 1934 1301 1986 pueruli
1330 1934 1588 1973 ducerentur.
1646 1928 1768 1984 Quod

327 1990 453 2029 nolim
480 1998 616 2030 tamen
644 1993 701 2030 ita
731 1992 883 2044 accipi,
930 2005 975 2029 ac
1007 1993 1039 2029 si
1068 1990 1296 2042 antiquitati
1331 1989 1528 2028 Actorum
1553 1988 1770 2042 Apostolo-

327 2060 418 2084 rum
450 2049 763 2086 controvcrsiam
799 2046 928 2086 facere
959 2045 1120 2086 vellem.
1179 2044 1300 2095 Quod
1329 2052 1464 2084 autem
1503 2043 1642 2097 paullo
1676 2051 1771 2084 ante

328 2101 535 2151 dicebam,
567 2102 850 2140 Ceremoniarii
877 2115 958 2139 non
981 2101 1131 2140 nudam
1145 2130 1155 2149 ,
1186 2100 1255 2139 sed
1284 2100 1458 2140 velatam
1502 2113 1668 2139 manum
1714 2099 1768 2139 ab

329 2157 576 2210 Imperatore
624 2157 912 2210 apprehensam
955 2156 1074 2195 fuisse
1090 2185 1102 2205 ,
1151 2155 1319 2194 debetur
1358 2155 1518 2196 invidae
1559 2155 1770 2194 ambitioni

326 2214 555 2266 principum
588 2211 750 2251 illorum
765 2241 777 2261 ,
826 2213 896 2265 qui
923 2213 1168 2250 maiestatem
1196 2225 1310 2250 suam
1346 2211 1490 2251 violari
1519 2209 1736 2250 credebant
1754 2237 1769 2261 ,

329 2269 363 2306 si
385 2276 455 2307 aut
479 2268 632 2307 nudam
659 2267 822 2307 alterius
853 2280 1017 2305 manum
1048 2268 1124 2320 ipsi
1148 2266 1518 2319 apprehenderent,
1561 2272 1633 2304 aut
1659 2266 1767 2304 sine-

329 2331 444 2374 rent,
474 2324 525 2362 ab
557 2322 634 2362 alio
654 2336 767 2362 suam
795 2322 946 2361 nudam
973 2321 1232 2375 apprehendi.
1293 2321 1392 2361 Inde
1412 2328 1498 2372 est,
1527 2319 1638 2373 quod
1656 2319 1765 2374 apud

327 2378 598 2418 WVilhelmum
616 2379 786 2433 Tyrium
802 2378 913 2416 XIX.
946 2375 1010 2416 18.
1043 2377 1212 2430 legimus
1230 2407 1242 2427 ,
1272 2376 1469 2416 Chalifam
1486 2375 1660 2430 Aegypti
1673 2389 1767 2414 cum

330 2433 534 2473 Almerico
562 2435 670 2488 Rege
700 2433 1000 2487 Hierosolymae
1027 2447 1100 2486 per
1126 2432 1273 2485 legatos
1304 2433 1389 2471 eius
1428 2438 1591 2486 pactum
1623 2432 1767 2470 ineun-

328 2494 411 2526 tem
427 2519 438 2540 ,
487 2504 614 2543 quum
651 2497 888 2543 urgeretur,
933 2488 1052 2527 fidem
1092 2501 1206 2527 suam
1247 2494 1429 2541 porrecta
1468 2499 1614 2537 mann,
1655 2498 1769 2525 more

329 2542 564 2596 Principum
591 2545 895 2598 Europaeorum
911 2574 923 2595 ,
961 2543 1081 2593 dare,
1111 2556 1240 2594 neque
1270 2549 1402 2596 posset
1429 2541 1630 2594 effugere,
1667 2541 1766 2594 quin

330 2596 503 2649 faceret,
533 2602 717 2652 quamvis
749 2600 921 2639 multum
950 2599 1220 2638 obluctantem
1235 2629 1244 2645 ‚
1276 2599 1371 2650 quja
1395 2595 1672 2636 Orientalibus
1689 2595 1767 2634 hoc

329 2666 404 2704 pro
430 2653 601 2693 laesione
634 2662 673 2693 et
705 2655 984 2694 humiliatione
1013 2653 1228 2694 maiestatis
1255 2651 1497 2698 habebatur,
1526 2650 1690 2691 tandem
1716 2663 1767 2689 eo

330 2710 587 2757 concessisse,
635 2717 682 2748 ut
714 2724 879 2749 manum
922 2709 1093 2750 velatam
1132 2709 1364 2761 porrigeret.
1430 2706 1605 2746 Tandem
1642 2718 1762 2753 vero,

334 2763 482 2815 (verba
515 2763 725 2805 Wilhelmi
752 2767 868 2819 sunt)
892 2774 984 2820 post
1004 2765 1165 2806 nudtam
1191 2763 1509 2804 deliberationem
1533 2769 1572 2802 et
1598 2759 1768 2801 Soldam‘
