1884 3132
189 137 265 181 An
308 137 616 181 CONSTANT.
654 136 851 178 roam.
896 138 969 177 DE
1008 134 1191 176 cmm.
1229 136 1331 175 Lm.
1360 137 1392 175 ι.
1440 114 1556 189 439

113 255 206 281 raro
220 243 382 295 spiritns
395 255 509 294 asper
524 248 743 294 comparet,
773 241 892 279 etiam
909 242 950 279 in
975 239 1053 278 illis
1068 237 1291 288 vocabulis,
1306 237 1451 292 quibus
1479 252 1552 278 nos

112 311 205 335 eum
226 297 441 349 praefigere
461 297 650 335 solemus.
672 295 847 334 Multum
867 296 1038 334 variasse
1057 301 1211 332 veteres
1233 295 1272 332 iu
1285 293 1491 346 spiritibus
1511 300 1551 332 et

110 353 460 405 grammaticorum
478 352 711 390 traditiones
731 358 802 389 aut
822 351 1022 404 ignorasse
1036 379 1048 399 ‚
1077 356 1147 387 aut
1167 349 1328 401 insuper
1347 348 1550 398 habuisse,

110 414 150 445 et
169 409 304 444 omnia
326 407 547 456 miscuisse,
565 405 691 444 multa
703 406 886 444 suadent.
915 399 1180 456 Εἰρηνάρχης
1200 411 1238 442 et
1271 400 1422 455 ἔρημος
1454 403 1549 442 ess'e-

111 469 259 500 runtur
285 461 325 500 in
335 461 650 500 Cod.Theodos.
673 462 904 499 heb-enarclaa
922 466 961 498 et
980 461 1168 496 laemnms.
1190 458 1300 497 Alibi
1316 460 1550 512 heresipelas

109 530 183 569 pro
210 512 491 568 ἐρυσύῑελας;
524 510 748 568 ἑφευάζειν
766 529 841 567 pro
872 509 1093 561 ἑπευάζειν
1119 521 1178 551 est
1208 514 1314 566 apud
1342 512 1549 552 Plutarch.

112 571 202 610 Vit.
222 585 266 624 p.
279 570 370 611 566.
395 571 486 621 16.;
519 569 685 624 ἐφεῖδεν
710 585 783 622 pro
812 567 973 608 ἐπεῖδεν
1000 568 1108 620 apud
1145 570 1297 606 Lucam
1330 569 1363 606 1.
1396 568 1462 607 25.
1507 571 1549 606 in

108 625 349 678 quibusdam
368 626 595 675 codicibus3
615 638 657 662 v.
681 624 735 663 ibi
746 626 943 663 VVetsten.
966 623 1142 661 Citatum
1155 638 1177 661 e
1195 624 1355 661 Gruteri
1370 623 1549 676 Corpore

110 681 420 733 lnscriptionum
436 695 479 734 p.
502 680 597 719 216.
628 681 784 732 reperio
814 677 947 718 ΚΑΘ
977 676 1299 718 ENIATTON.
1356 679 1447 716 Non
1470 679 1547 716 du-

108 735 194 774 bito
220 735 463 788 scaligerum
491 742 531 774 et
555 735 823 773 Muratorium
851 733 991 772 talium
1021 747 1205 785 magnam
1234 733 1473 786 farraginem
1505 735 1545 772 in

108 791 190 829 suis
216 790 414 829 indicibus
442 797 664 829 annotasse.
722 790 892 828 Nostrae
934 788 1190 826 membranae
1224 796 1452 827 constanter
1478 786 1548 827 ἱπ-

109 857 188 890 πος
214 852 255 884 et
280 841 445 884 ἴππικον
472 852 676 885 exaratum
706 850 930 882 monstrant
954 858 967 893 ς
1009 845 1073 881 cui
1117 843 1222 882 favet
1263 858 1410 882 nomen
1444 844 1545 881 Cra-

106 900 234 966 ἰίἦοί,
274 900 383 953 quod
410 915 483 953 per
506 915 529 939 τ
548 931 560 948 ,
589 914 671 938 non
699 914 770 952 per
796 900 830 938 θ
855 899 1064 948 scribitur3
1106 900 1166 937 uti
1206 913 1367 951 quoque
1400 913 1547 950 φωτα-

107 963 226 1004 ψιαι,
253 969 334 994 non
360 955 604 1008 φωθαψύιι.
659 955 834 993 Eaedem
862 953 967 992 infra
987 968 1029 1005 p.
1062 952 1156 1003 450.
1193 953 1342 992 habent
1372 951 1547 1006 ὖᾳεξακ

106 1009 275 1061 ρεῖσθαι
302 1024 376 1063 pro
404 1005 721 1061 ὖπεξαιρεῖσθαι
742 1040 753 1057 ,
784 1024 825 1062 p.
858 1009 949 1049 353.
979 1010 1031 1046 A.
1060 1008 1101 1047 6.
1133 1004 1319 1059 ἐπίστῃ-σι
1350 1023 1422 1061 pro
1449 1007 1545 1060 ἐφί-

105 1077 252 1115 στησι,
280 1079 324 1118 p.
349 1066 438 1105 152.
459 1065 510 1103 D.
538 1060 738 1103 πελώνιον
765 1078 838 1116 pro
866 1059 1085 1115 φελιόιίον,
1115 1076 1210 1115 29²·
1235 1064 1287 1100 D.
1310 1063 1348 1102 5.
1370 1061 1434 1102 ἐπ’
1452 1062 1543 1101 ἰκα-

103 1114 181 1164 νὰς
205 1133 278 1172 pro
315 1119 388 1173 ἐφ’
421 1115 565 1165 ἱκανὰς
584 1149 595 1167 ,
630 1133 719 1172 pag.
738 1118 834 1173 4¹9·
858 1119 905 1157 C.
945 1132 1006 1156 11.
1037 1115 1214 1171 ἑφίσσης
1242 1133 1316 1170 pro
1343 1115 1408 1156 ἐπ’
1433 1114 1540 1168 ἴσης.

105 1172 250 1226 Neque
283 1175 339 1213 sic
376 1175 470 1214 novi
505 1173 635 1213 solum
670 1176 841 1224 Graeci,
886 1173 955 1212 sed
987 1174 1105 1211 etiam
1135 1180 1289 1212 veteres
1316 1172 1540 1211 variabant.

105 1226 230 1280 Apud
258 1228 514 1269 Athenaeum
542 1244 583 1282 p.
621 1228 716 1280 401.
748 1229 827 1268 fine
866 1235 925 1267 est
953 1221 1229 1281 ἀφαυανθῇς,
1278 1232 1462 1281 quamvis
1490 1229 1542 1265 sit

105 1282 159 1320 ab
184 1279 364 1323 aniat'vm.
417 1283 613 1325 Chishull.
642 1284 814 1337 Antiqu.
844 1282 973 1321 Asiat.
1006 1297 1092 1335 pag.
1124 1282 1190 1334 69.
1221 1280 1545 1335 ἆφεστάλκαμεν

106 1336 177 1375 dat
193 1366 206 1387 ‚
234 1345 276 1376 et
302 1353 343 1391 p.
365 1353 435 1393 9¹.
463 1332 807 1391 ἇφεσταλμένων,
836 1338 1119 1390 Inscriptiones
1145 1337 1397 1376 Pocokianac
1416 1351 1458 1389 p.
1477 1351 1538 1389 ¹7·

103 1405 147 1430 n.
176 1406 216 1444 7.
248 1391 560 1442 κατεσταμένοις
598 1407 672 1445 pro
712 1392 1051 1443 καθεσταμένοις.
1106 1393 1154 1429 In
1184 1392 1316 1430 Carm.
1335 1391 1431 1444 649.
1452 1391 1542 1428 An-

105 1445 305 1500 thologiae
330 1447 502 1486 ineditae
529 1454 588 1485 est
616 1445 832 1500 ἑφετὴσιον
851 1477 863 1497 ,
905 1461 1075 1485 annuum
1093 1474 1105 1494 ‚
1134 1460 1208 1498 pro
1240 1442 1470 1497 ἐπετήσιον,
1503 1452 1543 1483 et

105 1514 231 1539 carm.
263 1502 355 1556 329.
382 1499 597 1554 ἑφιουλκίς
624 1515 698 1553 pro
724 1499 934 1547 ἐπιουλκίς
950 1530 963 1551 ‚
992 1501 1169 1539 alliciens
1184 1515 1201 1548 ,-
1240 1494 1541 1553 ἅφηλπισμένῳ

106 1563 167 1594 est
193 1556 300 1609 apud
329 1557 491 1595 Gruter.
520 1570 559 1608 p.
580 1570 702 1609 71.n.
726 1570 760 1593 1.
817 1555 955 1594 Editio
981 1554 1251 1607 Anthologiae
1279 1553 1540 1602 Floreufina,

106 1623 131 1648 a
157 1611 420 1650 Constantino
450 1612 609 1649 Lascari
633 1617 770 1648 curata
785 1639 797 1659 ‚
826 1610 1008 1648 omnium
1028 1610 1158 1661 prima
1173 1638 1184 1659 ,
1214 1611 1387 1661 itemque
1418 1607 1541 1646 codex

105 1666 433 1705 membranaceus
450 1695 463 1716 ,
507 1680 627 1718 quem
655 1665 707 1703 cl.
738 1665 947 1703 Reimarus
974 1664 1147 1716 benigne
1174 1677 1330 1702 mecum
1358 1676 1543 1700 commu-

105 1722 280 1772 nicavit,
306 1719 484 1774 ἐπ’ἰστῷ
501 1720 666 1769 habent,
692 1720 761 1758 ubi
791 1720 887 1757 edit.
910 1719 963 1757 H.
982 1718 1172 1771 Stephani
1191 1732 1232 1770 p.
1256 1718 1327 1771 95.
1350 1716 1459 1769 (466.
1484 1718 1540 1765 5.)

106 1774 230 1815 habet
248 1775 317 1829 ἐφ’
333 1771 448 1829 ἱστῷ.
480 1775 591 1813 Idem
611 1775 732 1813 codex
754 1774 1030 1813 Reimarianus
1047 1771 1341 1822 α’πιπταμένων
1359 1787 1432 1824 pro
1452 1772 1543 1810 Ste-

105 1828 536 1883 phaniciqnnmus'vwv
545 1830 666 1868 habet
678 1829 791 1882 p.85.
814 1831 870 1879 (n.
884 1827 981 1879 428.
998 1829 1049 1877 α.)
1071 1827 1224 1866 Eadem
1235 1827 1357 1865 editio
1370 1828 1405 1864 F
1407 1827 1542 1865 loren-

103 1886 189 1924 tina
201 1885 293 1923 ποτ’
313 1880 471 1936 ἀμάξης
483 1883 617 1934 habet,
639 1885 707 1923 ubi
722 1884 843 1923 editio
858 1883 1048 1935 Stephani
1060 1897 1103 1934 p.
1118 1882 1210 1935 287.
1230 1881 1253 1903 *
1268 1881 1363 1919 ποθ’
1380 1878 1543 1931 ἁμάξης

103 1939 273 1978 exhibet.
302 1939 453 1978 Omnes
470 1939 664 1979 editiones
682 1939 778 1977 dant
797 1937 1081 1987 ἐπιστάμενον,
1113 1938 1232 1974 etiam
1255 1935 1539 1988 Stephaniana,

102 1994 247 2047 p.216.
261 1993 336 2032 ult.
350 2009 426 2046 pro
447 1991 739 2046 ἐφιστάμενον.
770 1994 875 2032 Novi
887 1993 1028 2031 Graeci
1048 1988 1280 2043 ἐπορκιζειν
1311 1995 1351 2028 et
1378 1989 1543 2039 ἐπορκι-

105 2045 209 2100 στῆς
237 2049 404 2098 dicunt3
433 2046 645 2099 πάπλωμα
671 2063 744 2102 pro
765 2043 995 2098 ἓπάπλωμα
1026 2053 1066 2085 et
1081 2046 1159 2084 hoc
1182 2059 1255 2098 pro
1273 2040 1508 2096 ε’φάπλωμα
1529 2057 1543 2092 ;

105 2103 231 2157 φὲτος
246 2111 286 2142 et
301 2099 445 2156 ἔφετος
457 2117 532 2156 pro
549 2100 724 2154 ἐπ’ἔτος,
742 2105 785 2142 in
799 2117 958 2141 annum.
991 2102 1085 2139 Vita
1107 2107 1228 2138 mssta
1245 2100 1441 2138 Simeonis
1459 2097 1542 2136 Sali

107 2159 227 2211 (apud
246 2159 313 2196 Du
346 2157 479 2210 Gange
507 2172 546 2201 v.
569 2154 844 2209 Φουσκάριον)
877 2150 1041 2204 ἄνοιξον
1068 2152 1212 2208 ἔφετος
1237 2153 1312 2192 καί
1334 2152 1545 2205 συμφέρει

107 2225 201 2261 σοι,
229 2214 453 2268 poscarium
480 2215 596 2267 aperi
626 2213 695 2265 (id
723 2220 781 2251 est
807 2211 1015 2250 tabernam
1044 2211 1211 2262 poscae)
1250 2209 1291 2246 in
1333 2218 1480 2247 armum
1506 2214 1546 2245 et

105 2268 291 2307 conducet
315 2267 399 2306 cibi.
438 2267 574 2306 Medio
600 2282 699 2306 aevo
723 2270 788 2306 vix
817 2266 943 2304 ullum
972 2265 1092 2303 fuisse
1120 2265 1330 2302 discrimen
1359 2261 1543 2300 auditum

106 2323 150 2361 in
177 2321 478 2375 pronuntiando
507 2323 648 2374 spiritu
675 2335 816 2375 aspero
844 2328 883 2359 et
910 2321 990 2359 leni
1022 2327 1061 2357 et
1091 2319 1221 2357 littera
1236 2317 1403 2370 simplici
1422 2323 1543 2368 atque

108 2380 266 2430 gemina
285 2406 297 2427 ,
326 2384 435 2430 patet
464 2390 486 2414 e
514 2376 653 2415 Niceta
674 2377 860 2415 Choniat.
883 2390 924 2429 p.
941 2375 1035 2413 252.
1055 2373 1127 2424 A.,
1156 2373 1225 2411 ubi
1249 2370 1545 2425 frigidissimum

109 2432 281 2471 eunuchi
309 2445 483 2470 scomma
511 2438 550 2469 et
579 2439 739 2469 auctore
767 2430 911 2483 illaque
937 2442 1084 2467 corona
1099 2457 1111 2475 ,
1148 2429 1187 2465 in
1230 2441 1310 2479 qua
1355 2427 1543 2464 iactatum

109 2485 211 2537 fuit,
240 2487 403 2539 dignum
432 2486 551 2524 refert
573 2485 704 2524 lusum
735 2487 838 2524 inter
867 2479 973 2528 ἅλας
1010 2489 1050 2521 et
1078 2477 1208 2528 ἄλλας
1228 2511 1240 2528 ,
1271 2480 1410 2519 eodem
1438 2479 1543 2518 iudi-

112 2542 175 2579 cio
200 2548 320 2594 atque
347 2541 415 2594 qui
444 2541 598 2593 primus
625 2541 738 2579 dixit.
791 2538 912 2592 Apud
948 2536 1118 2575 Salmas.
1156 2536 1207 2574 ad
1235 2536 1319 2576 Ser.
1349 2535 1403 2573 H.
1434 2534 1543 2584 Aug.

101 2594 209 2633 T.1.
226 2610 268 2648 p.
310 2596 399 2650 169.
430 2602 488 2634 est
517 2595 796 2634 catlzonnkliare
824 2607 898 2646 pro
925 2592 1205 2637 catomidiare,
1252 2587 1356 2629 κατὰ
1383 2589 1464 2628 τῶν
1484 2585 1543 2628 ὦ·

110 2661 202 2697 μων
225 2645 415 2701 τύπτειιες
459 2652 664 2688 ormiscwn
693 2650 790 2688 dixit
830 2646 1079 2700 Fridegodus
1107 2645 1211 2698 apud
1243 2645 1310 2683 Du
1340 2644 1473 2697 Cange
1504 2658 1544 2682 v.

111 2712 278 2743 ornoesta
306 2719 379 2758 pro
405 2705 595 2744 hormisco
609 2736 621 2753 ‚
653 2704 694 2743 id
723 2712 779 2743 est
807 2711 964 2756 torque,
995 2701 1044 2740 de
1074 2703 1259 2754 episcopo
1278 2700 1333 2739 sic
1351 2699 1541 2752 loquens:
