1884 3132
280 137 355 180 An
394 134 738 177 ΑΡΡΕΝΒΙΟΕΜ
778 137 876 176 Lm.
918 137 950 175 1.
989 137 1061 176 DE
1103 135 1364 178 οΕιιιΜοΝ.
1459 116 1572 191 573

122 253 198 280 πον
222 238 299 292 τῆς
325 235 533 292 Προύσας
562 235 663 291 πρὸς
691 235 738 278 τὸ
767 238 844 278 τοῦ
883 235 1004 289 ἁγίου
1035 236 1267 284 Auzea-trau
1295 235 1570 289 παραβουνίν.

126 308 167 335 v.
198 295 266 334 Du
299 295 497 348 Cangium
525 295 577 333 ad
608 295 793 334 Cinnam.
823 308 865 347 p.
887 292 984 344 435.
1015 300 1055 332 et
1084 293 1133 332 ad
1163 294 1310 332 Zonar.
1342 294 1470 346 p.81.

232 349 288 389 A.
309 364 368 389 10.
406 349 524 404 [492‚
551 349 637 403 19.]
666 347 839 394 Σκοπὸς.
899 349 1022 387 Forte
1051 363 1096 387 ex
1125 362 1187 396 eo,
1219 349 1327 401 quod
1354 349 1572 388 admodum

121 403 298 444 excelsus
326 412 426 445 esset
448 433 461 455 ,
500 411 599 443 teste
627 404 856 457 Nicephoro
884 403 998 442 Patr.
1042 403 1205 442 CPtano
1235 405 1353 442 Brev.
1386 419 1423 456 p.
1455 405 1570 455 223„

120 459 191 498 ubi
238 467 435 499 memorat
498 457 668 498 οἰκίδιον
712 457 970 498 στενώηατον
1027 454 1109 496 ὑπὸ
1154 455 1227 509 τὴν
1268 459 1344 497 τοῦ
1371 459 1569 509 μεγίστου

117 506 244 565 ὄρους
272 511 495 568 ἱδρυμένον
523 509 782 567 ἀκρώρειαν,
827 507 851 551 δ’
880 512 1052 552 καλοῦσι
1085 513 1158 552 τοῦ
1188 511 1308 564 ἁγίου
1336 511 1568 561 Αὕξειτίου

119 563 169 607 λά
207 582 265 609 ον.

172 582 204 622 φ
228 624 276 664 C.
306 639 342 664 1.
375 623 493 679 [493‚
529 621 589 676 9.]
618 616 872 672 συστάμενα.
948 623 1008 662 Ita
1036 623 1318 672 membranae,
1353 631 1392 663 et
1419 625 1568 678 patitur

119 680 421 732 expositionem.
483 679 544 719 Ta
585 673 823 727 συστάμενα
861 679 947 731 (pro
985 677 1282 730 συνιστάμενα)
1313 687 1382 718 aut
1411 677 1462 718 τὰ
1493 695 1568 718 συ-

118 733 303 784 σταμένα
330 736 419 788 (pro
467 731 769 783 συνεσταμένα)
802 732 872 784 τῆς
896 729 1139 782 Ῥωμανίας
1158 741 1323 787 possunt
1348 749 1433 773 esse
1459 735 1567 774 idem

115 795 237 842 atque
263 784 311 828 τὸ
340 784 551 841 σύστημα,
581 795 712 827 totum
739 802 886 840 corpus
913 789 1070 842 imperii
1101 802 1193 828 cum
1220 791 1301 829 suis
1331 790 1565 844 appendici-

117 843 225 894 bus3
254 843 416 883 mallem
444 851 581 884 tamen
610 842 885 892 συσταμέιόν.

110 925 118 929 -
227 899 275 938 C.
297 899 340 939 6.
373 898 492 954 [492
519 897 601 953 12.]
632 893 888 948 Ma'pavtog.
947 898 1224 953 *[Imperat0r
1251 901 1380 939 victor
1409 902 1449 938 in
1476 900 1564 940 Cir·

114 954 298 993 censibus
331 954 436 993 ludis
463 955 516 995 ad
555 955 598 993 S.
633 954 864 992 Mamantis.
894 954 1040 1007 Georg.
1066 955 1255 1004 Monach.
1286 970 1327 1008 p.
1353 955 1463 1007 541„
1493 957 1565 996 ubi

115 1009 260 1048 multa.
317 1009 480 1063 Bulgari
512 1009 729 1049 Mamantis
758 1007 952 1061 palatium
991 1010 1166 1064 aliasque
1194 1011 1310 1050 aedes
1338 1018 1562 1051 vastamnt.

113 1063 306 1118 Symeon.
335 1066 442 1118 Mag.
479 1079 523 1118 p.
541 1063 699 1118 408.]*
727 1063 927 1102 Palatium
944 1094 956 1115 ‚
985 1066 1026 1103 in
1055 1080 1136 1119 quo
1170 1065 1343 1104 Michael
1368 1067 1564 1107 Ebriosus

112 1132 232 1172 saepe
270 1119 507 1173 aurigabat,
548 1126 635 1158 erat
675 1126 785 1158 extra
825 1119 978 1168 CPlin‚
1020 1134 1091 1160 seu
1129 1122 1171 1159 in
1211 1121 1406 1161 suburbio
1442 1122 1563 1162 Pera.

113 1173 211 1213 Vid.
230 1174 441 1214 Constant.
498 1175 586 1214 Vit.
613 1175 735 1213 Basil.
766 1174 925 1213 Maced.
955 1190 998 1228 p.
1024 1178 1114 1216 152.
1138 1175 1191 1214 A.
1219 1184 1258 1215 et
1278 1177 1383 1215 insra
1410 1191 1448 1229 p.
1469 1191 1562 1232 290.

111 1242 206 1282 pen.
268 1229 375 1268 Hinc
392 1230 541 1268 dicitur
573 1222 687 1275 ὄντος
718 1227 763 1267 ἐν
790 1228 848 1282 τῷ
879 1229 1090 1285 προκένσῳ
1119 1230 1195 1270 τοῦ
1221 1226 1342 1282 ἆγίου
1372 1227 1563 1282 ΙΠάμαν-

114 1295 212 1334 τος,
244 1299 371 1338 quum
417 1285 708 1338 processionem
747 1283 798 1322 ad
825 1285 864 1324 S.
894 1286 1110 1325 Mamantis
1151 1287 1325 1337 faceret,
1352 1286 1408 1324 ibi
1438 1290 1561 1326 rusti-

111 1345 247 1376 catum
286 1346 327 1377 et
372 1338 491 1378 simul
537 1339 681 1378 festum
708 1340 794 1377 eius
825 1339 1069 1378 celebratum
1089 1370 1099 1387 ‚
1147 1341 1255 1394 quod
1284 1344 1326 1379 in
1356 1341 1462 1380 diem
1495 1356 1558 1396 17.

113 1391 222 1431 Iunii
264 1393 488 1443 incidebat,
534 1401 580 1432 ut
608 1407 631 1432 e
667 1393 918 1446 Theophane
956 1402 1110 1434 constat
1148 1410 1187 1448 p.
1211 1395 1304 1449 398.
1328 1396 1377 1434 C.
1407 1410 1458 1443 1.‚
1488 1399 1560 1450 qui

113 1448 234 1487 etiam
280 1463 318 1501 p.
339 1449 436 1488 363.
457 1449 504 1487 C.
535 1463 576 1502 9.
624 1450 680 1507 “³2st
708 1449 749 1486 in
795 1449 870 1487 isto
896 1449 994 1488 festo
1023 1464 1094 1502 per
1123 1458 1325 1502 peractam
1354 1450 1559 1491 solennem

108 1505 403 1556 processionem
431 1504 494 1557 agi
518 1504 769 1543 consuevisse
797 1511 999 1543 certamen
1037 1512 1218 1559 equestre
1244 1506 1286 1543 in
1315 1504 1558 1546 Blacherna-

109 1571 203 1597 rum
228 1558 391 1611 palatio.

219 1614 275 1652 D.
301 1613 342 1655 5.
383 1612 503 1668 [494,
533 1611 588 1666 2.]
617 1609 639 1651 ὅ
689 1609 936 1667 Θρᾳκὴσιος.
1015 1614 1089 1654 Est
1130 1615 1350 1668 praefectus
1390 1615 1556 1656 themati

111 1667 422 1708 Thracesiorum
450 1683 520 1707 seu
546 1669 671 1707 veteri
708 1669 843 1706 Ioniae
870 1668 934 1707 vel
963 1670 1082 1708 Asiae
1107 1671 1284 1720 minori,
1318 1685 1446 1723 eoque
1471 1686 1556 1710 non

106 1723 412 1762 confundendus
438 1737 533 1762 eum
562 1731 753 1776 sequente
781 1721 801 1760 ὁ
832 1723 901 1774 τῆς
933 1721 1122 1778 Θρᾴκης,
1160 1732 1333 1779 stratego
1359 1726 1556 1766 Thraciae

107 1777 233 1831 vulgo
276 1781 332 1817 sie
372 1779 528 1828 dictae;
570 1778 655 1817 vid.
688 1778 901 1818 Constant.
935 1779 985 1818 de
1012 1779 1178 1819 themat.
1207 1795 1248 1833 p.
1267 1795 1307 1834 7.
1361 1782 1553 1832 Fabella,

108 1846 233 1884 quam
261 1833 318 1872 ibi
347 1833 504 1872 infercit
522 1862 534 1882 ,
564 1847 645 1872 non
675 1833 760 1873 sine
788 1835 904 1886 nugis
932 1848 1004 1886 pro
1033 1849 1145 1874 more
1173 1836 1286 1875 istius
1312 1836 1460 1885 saeculi
1489 1851 1555 1875 re·

106 1885 189 1925 lata
206 1917 219 1937 ,
248 1895 452 1927 auctorem
477 1887 598 1927 habet
627 1888 894 1927 Herodotum.
928 1890 964 1927 A
996 1889 1222 1930 Thracibus
1270 1891 1468 1943 appellata
1496 1899 1556 1931 est

106 1955 155 1979 ea
181 1944 314 1995 regio,
359 1944 431 1995 qui
470 1956 558 1982 eam
597 1943 847 1996 sequioribus
901 1945 1148 1997 temporibus
1186 1953 1435 1998 occuparunt
1487 1946 1552 1985 vel

105 1997 238 2048 potius
267 1997 318 2036 ab
345 1998 453 2036 omni
483 2011 583 2038 aevo
613 1998 843 2038 habuerunt
860 2028 872 2048 ‚
902 1999 966 2038 vel
995 2008 1210 2053 antequam
1226 2001 1370 2038 Graeci
1399 2000 1552 2039 coloni-

108 2065 151 2089 as
181 2051 276 2090 illuc
304 2051 510 2092 ducerent.
565 2053 886 2093 Protendebatur
914 2069 1039 2108 usque
1069 2056 1121 2094 ad
1149 2056 1296 2094 ostium
1324 2058 1437 2107 ponti
1466 2056 1552 2094 Eu-

107 2106 188 2144 xini
208 2136 220 2154 ‚
251 2106 431 2159 adeoque
458 2108 578 2146 etiam
607 2109 830 2147 Troianum
858 2124 999 2161 agrum
1027 2111 1069 2148 in
1098 2124 1139 2149 se
1168 2109 1548 2162 comprehendebat.

105 2160 175 2199 Ad
205 2161 454 2213 Hellesponti
484 2170 695 2216 utramque
720 2178 833 2203 oram
870 2163 1108 2203 habitabant
1136 2166 1410 2203 vetustissimis
1446 2171 1551 2203 tem-

106 2215 271 2267 poribus
298 2215 504 2264 Thraces,
545 2231 719 2269 quorum
760 2219 962 2271 Europaei
1007 2233 1124 2258 suum
1161 2234 1308 2258 nomen
1341 2234 1550 2272 nunquam

107 2283 190 2308 non
218 2279 430 2310 servarunt
449 2301 461 2320 ‚
506 2270 673 2311 Asiatici
712 2281 845 2312 autem
884 2288 957 2326 pro
987 2273 1122 2326 aliquo
1158 2281 1336 2326 tempore
1365 2275 1551 2326 perdide-

105 2332 226 2376 runt,
256 2325 383 2364 donec
410 2328 466 2365 sic
496 2325 654 2365 volente
681 2330 814 2366 nescio
832 2343 911 2380 qua
939 2328 1101 2368 fortuna
1132 2330 1400 2367 revivisceret.
1459 2329 1549 2369 Ad-

109 2393 237 2432 eoque
282 2388 390 2419 recte
418 2379 639 2419 Guilelmus
658 2381 769 2420 Brito
789 2383 965 2435 Philipp.
988 2384 1022 2421 Ι.
1045 2397 1088 2422 v.
1117 2397 1178 2422 ιο.
1237 2384 1458 2422 Homerum
1477 2385 1548 2424 de-

106 2436 282 2474 scribens
309 2437 381 2485 ait,
419 2437 487 2491 qui
514 2438 711 2489 supposuit
748 2437 959 2475 Thraciam
985 2439 1193 2476 victoribus
1219 2438 1363 2490 Argzk,
1409 2439 1451 2478 id
1488 2447 1549 2478 est

106 2490 219 2528 cuius
245 2493 422 2528 carmina
459 2497 658 2529 vastatum
687 2491 847 2529 Graecis
885 2492 1005 2530 armis
1033 2506 1173 2544 agrum
1203 2493 1424 2532 Troianum
1452 2509 1547 2533 nar·

106 2551 212 2592 rant,
242 2544 471 2598 falliturque
489 2545 690 2590 Barthius‚
721 2545 884 2597 quando
911 2547 1044 2584 locum
1071 2546 1186 2585 illum
1214 2547 1412 2587 sollicitat.
1444 2550 1547 2588 The-

104 2610 172 2635 ma
207 2613 275 2637 seu
320 2599 421 2653 legio
473 2600 781 2639 Thracesiorum
844 2599 908 2639 vel
958 2601 1319 2641 Thracesianorum
1365 2610 1450 2642 erat
1477 2599 1544 2642 ἱπ-

104 2648 223 2690 πικὸν
249 2667 318 2692 seu
349 2663 555 2708 equestre,
589 2657 740 2708 equites
768 2655 824 2693 ibi
854 2655 1050 2708 praesidia
1076 2657 1246 2711 agebant
1266 2686 1279 2710 ‚
1309 2665 1356 2697 ut
1388 2657 1543 2712 colligi-

108 2711 176 2744 tur
203 2720 225 2746 e
257 2708 466 2751 Constant.
495 2710 546 2750 de
577 2711 744 2750 themat.
772 2725 816 2764 p.
844 2710 906 2750 18.
927 2711 979 2750 A.
