1884 3132
369 140 477 199 530
652 156 725 200 ιο.
766 156 871 201 1Αο.
909 142 1103 201 ams'Kn
1145 157 1519 203 COMMENTARH

361 249 516 305 ploi'des
554 248 605 289 de
645 249 770 300 Qu,
816 250 964 298 Sentice,
1003 250 1166 290 Sendia.
1223 251 1358 291 Etiam
1390 252 1593 292 cendatum
1618 255 1794 307 reperio,

367 304 476 358 quod
495 304 600 344 idem
625 312 744 359 atque
767 305 977 344 Sendicum
1003 313 1062 345 est
1077 336 1088 356 ‚
1115 306 1222 345 unde
1248 307 1396 345 sactum
1421 306 1473 346 ab
1493 307 1682 360 imperitis
1702 310 1799 349 Cen·

365 361 514 399 dalum.
573 361 724 400 Verum
748 362 1055 400 constantiorem
1075 368 1114 400 et
1140 363 1387 401 usitatiorem
1424 363 1678 415 scriptionem
1708 379 1798 404 cen·-

366 426 435 464 des
455 434 496 465 et
519 427 651 465 sendes
673 434 712 466 et
736 426 955 465 Arabicum
988 424 1144 476 Qut-Man
1176 441 1257 466 non
1287 429 1404 467 video
1425 457 1436 478 ,
1463 430 1532 482 qui
1575 429 1700 481 possit
1736 443 1798 468 se-

367 482 544 520 cundum
562 481 719 535 regulas
747 481 905 535 linguae
932 489 971 521 et
996 481 1260 535 etymologiae
1289 483 1485 522 Arabicae
1513 497 1537 522 a
1563 484 1707 522 Sendia
1733 498 1796 523 re-

365 538 462 590 peti.
515 538 710 575 Formant
751 537 912 590 quidem
948 537 1106 576 Turcae
1141 538 1335 577 adjectiva
1388 545 1427 577 et
1466 539 1506 576 in
1545 540 1608 578 his
1639 552 1797 593 quoque

366 602 526 656 gentilia
551 604 593 641 in
620 617 728 659 σιν,
758 617 888 656 neque
912 602 1174 656 improbabile
1202 603 1278 642 hoc
1306 618 1452 643 nomen
1480 619 1504 643 a
1536 605 1680 644 Turcis
1709 618 1795 643 ma-

365 671 478 696 nasse
497 687 508 708 ,
558 658 880 711 quandoquidem
918 657 1082 697 Arabici
1126 666 1306 698 auctores
1345 667 1499 699 veteres
1541 660 1797 712 Drangianae

365 723 674 763 incolasTurcas
693 723 910 778 appellant.
932 723 1010 763 Sed
1029 724 1158 763 solum
1191 740 1247 774 Qu
1278 739 1352 779 pro
1366 724 1643 764 terminatione
1663 724 1797 764 ethni-

364 793 411 818 ca
442 793 671 832 nunquam,
719 779 827 834 quod
854 779 975 818 sciam
997 809 1009 830 ‚
1050 787 1226 832 ponunt*
1290 781 1443 820 Verum
1482 781 1611 819 missis
1639 780 1702 819 his
1730 780 1794 818 in-

363 834 515 872 tricatis
533 841 572 872 et
590 834 721 873 dubiis
747 833 1018 887 etymologiis,
1049 835 1287 887 explicemus
1317 835 1450 874 locum
1477 837 1621 874 veteris
1647 835 1794 874 Roma-

362 889 494 927 nensis
519 889 554 928 F
557 890 705 928 rancici
725 919 737 939 ‚
767 903 885 942 quem
914 889 1009 928 citat
1035 889 1102 928 Du
1134 889 1267 944 Cange
1285 904 1327 928 v.
1347 890 1622 944 Boqueranus,
1653 891 1694 928 in
1714 903 1795 942 quo

362 951 498 985 nostra
526 958 685 996 quoque
712 958 789 984 vox
816 944 949 982 sendes
981 943 1126 997 legitur
1156 958 1166 982 :

477 999 599 1049 Tyres
619 998 758 1053 [tyria]
787 1008 825 1037 et
849 1000 978 1052 palles
1009 998 1167 1053 [pallia]
1186 1029 1198 1050 ‚
1227 998 1464 1054 bouquet-ans
1493 1008 1530 1038 et
1559 999 1713 1038 cendez.

336 1066 339 1068 ·
361 1053 424 1091 De
451 1066 551 1092 voce
580 1054 799 1108 bouquet-an
827 1053 911 1092 vid.
932 1056 1095 1092 omnino
1123 1055 1190 1096 Du
1217 1054 1350 1106 Cange
1379 1054 1404 1094 l.
1431 1069 1467 1093 c.
1485 1084 1495 1101 ‚
1527 1069 1656 1106 neque
1683 1053 1793 1093 aliud

362 1107 468 1146 addo
482 1137 492 1157 ,
522 1109 598 1146 nisi
624 1108 702 1147 hoc
716 1139 726 1156 ‚
758 1109 1010 1161 scriptionem
1031 1109 1286 1163 bouqzaerame
1301 1139 1311 1156 ‚
1342 1123 1421 1162 qua
1441 1109 1527 1147 Itali
1548 1108 1790 1158 extulerunt,

361 1171 575 1213 meliorem
591 1180 630 1212 et
657 1175 799 1226 origini
828 1175 1057 1228 propiorem
1090 1188 1187 1213 esse.
1204 1175 1301 1212 Nam
1322 1182 1380 1213 est
1398 1174 1618 1213 Arabicum
1637 1167 1788 1230 ῥέξ’-ἒς,

360 1227 632 1276 Abulwmme,
668 1243 823 1283 pannus
855 1244 947 1267 cum
974 1231 1132 1269 intextis
1161 1229 1321 1282 figuris,
1354 1226 1574 1276 ζωὸιωτός.

375 1276 386 1283 ”
469 1282 522 1323 D.
544 1284 583 1327 5.
605 1283 723 1338 [469,
758 1282 812 1336 1.]
842 1280 1192 1335 λιιόμαλωτάρια.
1246 1284 1406 1322 Retinui
1443 1298 1587 1322 nomen
1625 1285 1753 1337 ipsum
1776 1314 1789 1334 ,

361 1339 698 1392 quemadmodum
728 1338 941 1377 Combefis.
981 1339 1071 1377 fecit
1102 1339 1142 1376 in
1170 1338 1258 1377 loco
1286 1339 1406 1377 modo
1437 1340 1557 1377 citato
1595 1339 1789 1378 Constan-

339 1389 434 1432 'tini
462 1394 546 1432 Vit.
576 1393 698 1433 Basil.
719 1408 760 1446 p.
788 1392 876 1446 196.
898 1393 950 1432 A.
976 1407 1015 1432 2.
1054 1394 1156 1433 Sunt
1184 1401 1316 1432 autem
1345 1395 1465 1432 lintea
1508 1395 1651 1432 villosa
1693 1394 1789 1433 talia

338 1447 665 1502 propemodum,
696 1448 828 1501 qualia
855 1455 949 1487 sunt
974 1448 1220 1488 nostratibus
1248 1449 1303 1487 sic
1326 1448 1452 1487 dictae
1463 1449 1790 1488 dezrmansmiit-

359 1518 444 1542 zen.
503 1505 751 1542 Memoratur
781 1506 820 1542 in
859 1504 998 1543 ordine
1036 1504 1218 1542 Romano
1248 1502 1372 1556 (apud
1401 1504 1468 1542 Du
1500 1502 1692 1557 Cangium
1722 1503 1791 1543 Gl.

358 1559 450 1597 Lat.
484 1559 747 1597 Cubicularius
763 1558 1004 1611 comm-atus)
1036 1559 1194 1597 linteum
1224 1560 1435 1597 villosum:
1492 1559 1607 1596 liceat
1636 1560 1691 1597 eis
1722 1573 1787 1597 su-

342 1612 344 1615 ’
352 1629 431 1668 per
447 1615 606 1651 linteum
630 1615 811 1652 villosmn
831 1614 962 1651 sedere
982 1643 992 1661 ‚
1019 1613 1126 1668 quod
1152 1628 1235 1652 mos
1259 1622 1314 1652 est
1332 1627 1478 1667 ponere
1508 1627 1624 1667 super
1649 1614 1787 1652 sellam

338 1666 462 1721 'equzl
521 1669 607 1707 Nisi
635 1668 768 1722 potius
794 1668 908 1707 malis
936 1665 1271 1719 λινομαλωτάρια
1301 1682 1383 1707 esse
1424 1667 1630 1706 involucra
1659 1667 1784 1708 lecto-
1813 1706 1817 1709 .

357 1737 450 1761 rum
468 1723 533 1762 vel
562 1723 826 1776 stragularum
854 1723 959 1762 linea
975 1753 987 1772 ,
1019 1737 1098 1775 quo
1119 1737 1234 1761 sensu
1256 1723 1414 1762 videtur
1433 1721 1670 1762 Theodorus
1689 1723 1786 1761 Stu-

358 1777 442 1816 dita
470 1779 511 1815 in
540 1778 744 1817 Catechesi
774 1785 875 1816 msta
904 1777 1024 1830 (apud
1053 1778 1120 1815 Du
1148 1777 1280 1830 Cauge
1307 1791 1349 1816 v.
1367 1774 1508 1828 Τόσος)
1527 1779 1705 1830 posuisse
1722 1777 1784 1816 his

357 1831 520 1871 verbis:
551 1829 676 1872 πάλιν
704 1827 826 1878 ἄλλος
854 1835 1006 1885 (nempe
1040 1832 1254 1885 φησι’ν>·εἰ
1275 1828 1333 1884 μὴ
1358 1828 1446 1886 ἔχω
1462 1829 1564 1870 τόσα
1583 1828 1780 1882 μαλωτά-

357 1900 431 1939 ρια
463 1885 580 1936 (male
608 1886 846 1942 typographi
877 1887 1072 1925 dederunt
1098 1881 1378 1937 βαλωτάρια),
1413 1895 1468 1924 tot
1487 1895 1525 1925 et
1554 1895 1609 1925 tot
1643 1887 1781 1925 cubilis

357 1943 541 1994 tegmina,
569 1934 598 1993 ἢ
627 1939 700 1981 καί
725 1939 1083 1995 προσκεφάλαιον,
1115 1937 1143 1993 ἢ
1171 1939 1243 1979 καί
1268 1935 1458 1991 ἄλλαγμα
1488 1940 1676 1994 (lodicem
1703 1941 1781 1980 lin-

356 2002 466 2034 teum
481 2026 491 2044 ‚
523 1999 586 2036 cui
615 1997 828 2035 incubatur
886 2003 925 2035 et
969 1998 1038 2050 qui
1068 1997 1223 2048 saepius
1245 1995 1414 2034 candido
1441 2002 1482 2034 et
1507 1996 1659 2035 mundo
1690 2009 1780 2034 mu-

336 2052 478 2102 tatu'r)
506 2048 760 2091 κατάπλυτον
787 2053 934 2102 (recens
961 2051 1119 2102 lotum),
1150 2047 1200 2088 οὕ
1226 2046 1564 2099 καταπαύσομαι.
1722 2089 1725 2092 .

462 2106 516 2145 D.
542 2107 582 2145 3.
604 2105 721 2160 [469,
749 2105 806 2159 1.]
835 2105 1011 2156 σάβανα.
1039 2105 1142 2144 Sunt
1168 2103 1290 2143 lintea
1314 2104 1521 2143 candentia
1541 2134 1553 2153 ‚
1581 2101 1777 2152 nitentia;

355 2159 440 2200 vid.
460 2161 527 2199 Du
556 2161 691 2215 Gange
718 2168 888 2214 utroque
916 2160 1046 2199 Gloss.
1077 2160 1119 2198 h.
1148 2173 1188 2199 v.
1214 2160 1348 2199 Etiam
1375 2159 1473 2198 haec
1499 2173 1575 2198 vox
1593 2165 1652 2197 est
1671 2156 1780 2195 Ara-

353 2225 458 2264 Lica.
498 2218 615 2279 052⁸>
633 2256 644 2273 ‚
675 2222 850 2272 Sawan,
905 2233 963 2264 est
1004 2225 1119 2264 theca
1144 2227 1328 2265 vestiaria
1374 2233 1414 2264 et
1455 2222 1657 2271 torcular,
1694 2234 1776 2273 quo

351 2289 593 2332 premuntur
617 2280 737 2320 lintea
758 2309 770 2330 ‚
799 2287 845 2318 ut
873 2281 1039 2318 niteant.
1073 2281 1177 2319 Hinc
1206 2279 1402 2331 σαβάιίον
1421 2309 1432 2330 ,
1461 2279 1643 2323 linteum,
1669 2276 1777 2328 quod

351 2337 517 2374 nitorem
540 2349 568 2373 a
596 2336 783 2373 torculari
809 2335 935 2373 hahet.
984 2335 1158 2374 Glissina
1180 2337 1305 2374 nostri
1332 2336 1500 2373 maiores
1524 2329 1775 2384 appellabant

351 2402 376 2425 a
401 2389 539 2440 gliess,
563 2391 725 2441 gleissen
739 2418 751 2437 ,
789 2403 863 2441 pro
888 2403 967 2441 quo
995 2388 1114 2428 hodie
1140 2390 1307 2427 dicimus
1338 2388 1483 2426 Glantz
1513 2393 1552 2424 ct
1576 2385 1770 2437 gliintzen.

336 2442 448 2480 vid.
478 2443 545 2480 Du
574 2445 708 2494 Gange
731 2457 773 2479 v.
808 2443 987 2479 Glizzum
1007 2471 1017 2489 ‚
1067 2442 1135 2480 ubi
1172 2444 1333 2480 camisia
1370 2442 1530 2494 glissina
1557 2438 1704 2489 habet,
1734 2445 1773 2476 et

352 2494 405 2534 cl.
437 2495 708 2535 Hemsterhus.
739 2497 790 2534 ad
818 2495 1021 2548 Aristoph.
1049 2496 1156 2535 Plut.
1184 2511 1224 2549 p.
1244 2497 1335 2536 283.

339 2582 342 2584 v
459 2550 511 2588 D.
530 2565 622 2603 pen.
649 2550 759 2604 [469Ἰ
787 2551 841 2602 1.]
870 2551 1081 2602 βραναῖαι.
1110 2551 1200 2588 Non
1229 2551 1369 2589 dubito
1387 2545 1611 2599 βρανδαΐαι
1638 2545 1771 2598 legen-

350 2601 448 2640 dum
482 2619 596 2654 esse,
619 2606 667 2643 id
697 2612 754 2643 est
781 2606 960 2654 taeniae,
980 2606 1166 2656 fasciam·
1196 2605 1278 2644 vid.
1309 2605 1375 2642 Du
1403 2602 1537 2653 Gange
1566 2613 1606 2638 v.
1636 2601 1771 2639 Bran·

348 2655 457 2695 dium
472 2666 510 2696 et
523 2658 755 2710 Πρανδίὀν.
787 2659 819 2697 H
826 2662 889 2697 inc
906 2666 1044 2697 natum
1062 2665 1241 2697 nostrum
1256 2659 1465 2701 Frantzen,
1482 2653 1587 2693 Gall.
1585 2656 1772 2708 franges.

433 2724 523 2763 271.
546 2712 599 2750 A.
629 2725 659 2750 1.
681 2712 798 2765 [46sp
822 2711 880 2764 5.]
913 2711 1120 2765 ἅραφίων.
1159 2712 1265 2762 Quid
1295 2725 1376 2750 esse
1402 2710 1637 2748 crediderim
1667 2706 1769 2757 ἄρα’-

347 2776 425 2815 φια
456 2772 494 2803 et
539 2763 590 2804 τά
634 2765 845 2818 ἑζίῥαμένα
873 2774 957 2804 tum
987 2767 1197 2818 temporis,
1240 2779 1362 2818 quum
1403 2764 1534 2804 locum
1558 2765 1664 2803 hunc
1691 2763 1768 2802 La·
1789 2812 1799 2824 .
