1884 3132
280 124 396 194 404
575 139 649 182 10.
683 138 789 182 mc.
829 139 1024 182 amsxu
1062 137 1440 191 coimEN‘rARn

282 248 326 286 in
354 245 500 285 scrinio
525 245 776 285 tertiocerius
800 245 867 285 hie
895 251 1139 284 memoratus
1168 243 1311 294 fuerit,
1343 258 1425 284 non
1446 243 1602 300 liquet3
1629 259 1726 287 nam

281 301 411 341 multa
439 308 552 339 erant
586 301 731 339 scrinia
774 301 849 339 sub
878 300 1137 352 dispositione
1165 300 1345 353 magistri
1375 299 1613 341 officiorum.

394 355 448 394 A.
470 355 620 407 penult.
640 354 754 409 [4⁰5⁷
778 354 835 408 6.]
884 355 1038 394 LEBA.
1098 355 1171 393 His
1212 356 1307 408 ipsis
1336 355 1561 395 litterarum
1588 356 1726 397 formis

284 418 516 449 exaraverat
539 410 746 450 librarius.
803 412 885 450 Pro
914 412 1047 449 velum
1088 409 1226 448 malim
1259 410 1302 448 in
1332 411 1486 464 Latinis
1513 421 1549 451 te
1578 411 1726 452 substi-

283 467 370 518 tui3
401 466 486 504 vid.
507 466 614 505 dicta
643 467 694 505 ad
722 481 764 519 p.
791 464 880 516 140.
901 466 1019 506 C.11.
1310 490 1314 494 »

379 520 450 560 ·’“Α.
470 520 546 560 ult.
565 521 677 575 [406‚
698 520 758 574 6.]
801 518 951 575 ῥίπτει.
1007 520 1131 559 Humi
1173 518 1439 575 procidebant
1485 528 1525 560 et
1556 523 1728 561 iacentes

285 575 510 615 adorabant
539 577 825 629 Imperatorem
856 578 1054 615 Graecum
1097 575 1215 629 legati
1254 577 1403 625 exteri,
1442 583 1489 614 ut
1529 584 1639 630 patet
1681 591 1727 616 ex

283 631 500 670 Menandri
529 629 715 670 Rhetoris
745 631 906 683 Eclogis
933 631 1136 684 Legation.
1168 631 1231 669 ed.
1261 629 1475 670 Hoesehel.
1503 646 1594 685 pag.
1615 631 1684 686 94.
1713 646 1726 671 =

283 681 406 738 ἡνίκα
435 686 650 738 προσῆλθε
681 686 968 740 [Sebochthin‚
1004 686 1156 738 legatus
1186 687 1288 739 regis
1322 687 1538 726 Persarum
1567 688 1618 726 ad
1658 688 1726 726 lu—

284 741 435 780 stinum
462 742 698 809 seniorem,]
731 738 903 781 κατὰτὸ
936 739 1088 787 εἰωθὸς
1115 736 1187 780 τὸν
1226 736 1514 791 αὐτοκράτορα
1544 755 1728 793 προσκυ-

281 791 419 848 νήσων
438 826 449 846 ,
477 796 619 847 χαμαί
645 796 846 850 ῥιψαντος
878 792 1060 846 ἑαυτὸν,
1091 791 1201 834 οὕτω
1232 793 1422 845 ξυμβάν,
1451 794 1476 834 0‘
1506 798 1647 845 πῖλος,
1681 792 1728 843 ὃς

282 848 356 889 ἐπὶ
382 850 433 904 τῇ
452 851 624 906 ’κεφαλῇ
654 847 759 890 κατὰ
790 848 836 891 τὸ
871 849 1162 902 νενομισμένον
1188 854 1273 897 τοῖς
1301 850 1497 904 Πέρσαις
1524 851 1722 902 ἐπέκειτο,

283 903 344 952 εἰς
371 897 585 957 τοῦδαφος
615 903 748 946 ἔπεσε.

394 959 441 998 Β.
476 974 534 999 10.
558 959 674 1014 [406,
703 958 789 1014 14]
820 954 842 997 ὅ
873 952 1058 1013 ἁδελφὸς
1081 954 1216 1012 ἦμῶν.
1269 961 1357 1000 Mos
1386 960 1493 1000 illius
1516 962 1723 1015 temporis,

284 1028 365 1067 quo
394 1029 505 1068 reges
529 1045 540 1066 ,
579 1016 648 1068 qui
677 1023 762 1054 tum
793 1029 917 1067 paene
945 1015 1026 1054 duo
1055 1022 1212 1054 tantum
1244 1017 1285 1054 in
1314 1017 1412 1055 orbe
1457 1024 1572 1056 erant
1595 1047 1606 1065 ‚
1638 1018 1722 1056 Ro-

282 1084 427 1108 manus
456 1071 678 1123 Imperator
707 1078 746 1109 et
772 1070 1013 1120 Persarum,
1060 1084 1143 1109 sese
1171 1071 1344 1127 invicem
1373 1071 1506 1111 fratris
1547 1072 1725 1125 appella-

282 1126 391 1164 tione
435 1125 639 1174 donandi,
684 1126 735 1164 ad
784 1132 923 1163 nostra
962 1133 1145 1178 tempora
1174 1127 1445 1178 promanavit.
1502 1127 1646 1166 Dicam
1673 1128 1725 1167 de

282 1180 354 1219 illo
381 1179 562 1233 pluribus
596 1181 647 1220 ad
676 1195 766 1234 pag.
786 1179 882 1233 598.
914 1179 969 1219 A.
997 1194 1056 1220 10.
1111 1181 1267 1220 Interea
1295 1181 1361 1220 hic
1388 1196 1517 1220 unum
1543 1183 1724 1222 excitabo

282 1233 499 1274 Menandri
527 1236 714 1275 Rhetoris
742 1236 875 1274 locum
903 1249 948 1274 ex
979 1235 1277 1275 Hoeschelianis
1297 1238 1557 1290 Legationum
1576 1238 1725 1276 Excer-

282 1291 363 1344 ptis
392 1302 433 1343 p.
463 1289 552 1341 ¹¹4·
612 1291 674 1330 De
704 1290 877 1329 formula
905 1287 982 1329 σὺν
1008 1290 1096 1329 θεῶ
1124 1299 1256 1330 autem
1284 1306 1325 1329 v.
1351 1293 1402 1331 ad
1433 1307 1474 1345 p.
1497 1293 1592 1346 395.
1615 1293 1663 1332 C.
1683 1307 1726 1347 9.

397 1346 444 1385 B.
459 1344 534 1384 ult.
556 1345 667 1400 [406‚
694 1345 771 1398 16.]
802 1340 1025 1384 ἐνδιάθετα
1053 1329 1234 1398 ᾆὴματα.
1287 1346 1472 1386 Vertenti
1497 1347 1596 1386 mihi
1615 1347 1725 1387 hunc

282 1398 421 1439 locum
451 1414 534 1439 non
563 1401 820 1440 succurrebat
847 1414 945 1439 vera
971 1400 1205 1453 significatio
1249 1401 1435 1441 vocabuli
1471 1399 1723 1449 ἐνδιάθετος.

282 1455 358 1494 Est
388 1470 531 1509 nempe
559 1470 703 1507 omne,
734 1455 844 1510 quod
872 1456 962 1508 quis
990 1456 1033 1494 in
1061 1457 1195 1495 animo
1222 1456 1344 1495 habet
1364 1464 1433 1496 aut
1453 1457 1600 1510 agitat,
1621 1472 1726 1511 quae

284 1511 391 1549 intus
419 1525 538 1564 penes
565 1526 607 1550 se
638 1511 749 1551 velut
780 1511 980 1564 disponit,
1010 1510 1115 1549 locat
1133 1540 1144 1561 ‚
1175 1511 1417 1563 translocat,
1461 1513 1593 1560 fovet,
1634 1511 1723 1552 vol-

283 1567 344 1604 'vit
371 1573 410 1604 et
438 1566 623 1607 revolvit.
677 1566 788 1606 Alias
818 1565 1031 1604 adhibetur
1073 1579 1145 1619 pro
1189 1567 1328 1618 insito,
1372 1569 1608 1606 inhaerente.
1664 1565 1725 1607 Ut

282 1620 525 1660 Plutarchus
552 1622 745 1675 Opuscul.
767 1635 806 1675 p.
823 1621 890 1676 76.
911 1635 952 1659 2.
995 1620 1340 1673 περιαυτολογίαν
1369 1617 1626 1671 ἐνδιάθετον,
1655 1637 1725 1662 cu-

278 1676 493 1729 piditatem
525 1677 575 1715 de
595 1692 634 1715 Se
659 1677 845 1731 loquendi
877 1677 1027 1714 homini
1053 1677 1209 1714 [mitam
1231 1677 1417 1730 appellat.
1475 1676 1587 1715 Idem
1596 1691 1639 1729 p.
1655 1677 1724 1717 83.

284 1729 370 1777 ἕξιν
399 1726 639 1770 ἐνδιάθετον
670 1731 743 1770 καί
772 1726 1022 1785 φιλόσοφον,
1061 1732 1235 1770 habitam
1277 1734 1403 1770 anz'mi
1427 1732 1688 1771 inhaerentem
1704 1761 1719 1781 ,

285 1798 405 1837 quem
434 1788 591 1825 animus
619 1788 763 1835 sentit,
796 1801 819 1825 a
847 1800 927 1838 quo
956 1793 1140 1824 movetur
1167 1794 1206 1825 et
1234 1786 1397 1834 seritur,
1439 1788 1604 1839 opponit
1639 1785 1722 1834 ἕξει

283 1837 471 1893 ἱστορικῇ
499 1838 571 1879 καί
598 1841 832 1895 σοφιστικῇ,
863 1841 1017 1879 habitui
1043 1843 1182 1891 animi,
1213 1856 1292 1894 quo
1320 1857 1382 1880 res
1410 1841 1535 1887 bonas
1563 1849 1723 1880 tantum

284 1894 473 1933 historice
515 1898 650 1946 novit,
695 1904 734 1935 et
761 1896 953 1934 disserere
981 1896 1030 1934 de
1059 1896 1136 1934 illis
1164 1897 1312 1949 absque
1340 1896 1546 1935 affectione
1573 1899 1722 1950 potest.

285 1948 373 1987 Hoc
403 1964 426 1987 a
454 1958 594 1989 nostro
625 1951 715 1990 loco
744 1950 934 2001 alienius3
964 1951 1092 1989 utitur
1118 1958 1251 1989 tamen
1291 1953 1367 1990 hoc
1402 1966 1519 1991 sensu
1547 1952 1722 1992 dictione

283 2011 421 2042 nostra
452 2002 691 2058 κατακόρως
721 2006 980 2044 casaubonus
1008 2008 1049 2044 in
1069 2005 1272 2058 Epistolis.
1301 2006 1384 2045 Pro
1404 2011 1455 2045 eo'
1468 2007 1563 2049 novi
1579 2008 1723 2046 Graeci

284 2055 472 2108 σχετικὰς
500 2059 663 2110 dicunt,
692 2060 742 2099 de
766 2075 847 2113 quo
866 2060 1030 2100 inferius
1058 2075 1130 2099 suo
1158 2061 1271 2102 loco.--
1314 2062 1376 2101 Eo
1412 2076 1530 2102 sensu
1562 2075 1723 2116 quoque

284 2111 431 2165 legitur
457 2115 560 2166 apud
592 2114 837 2154 Scholiasten
866 2115 1073 2168 Sophoclis
1101 2115 1153 2154 ad
1181 2116 1327 2169 Oedip.
1349 2116 1493 2156 Colon.
1515 2131 1575 2156 vs.
1595 2117 1693 2170 469.
1707 2147 1721 2167 ,

284 2167 355 2205 ubi
384 2183 525 2207 vocem
569 2166 807 2220 Εὐμενίδας
845 2171 1161 2223 interpretatur:
1204 2171 1247 2219 ἐξ
1283 2170 1470 2221 εὐμενῶν
1511 2171 1720 2222 στέρνων,

287 2215 372 2260 οἷον
399 2221 457 2275 μή
490 2223 534 2271 ἐξ
562 2222 759 2275 ἐπιπολῆς
781 2254 793 2276 ‚
829 2223 920 2263 ἀλλ’
955 2224 1237 2276 ἐνδιαθέτως,
1282 2240 1360 2265 non
1399 2227 1716 2282 superficialiter,

285 2277 354 2314 secl
374 2287 450 2315 toto
479 2279 608 2316 animi
633 2278 786 2331 qffioetu.
841 2279 986 2333 Aptior
1022 2287 1155 2318 autem
1182 2281 1275 2319 huic
1304 2283 1500 2334 praesenti
1529 2288 1588 2320 est
1619 2280 1720 2320 alter

285 2331 354 2369 ille
382 2331 589 2370 Plutarchi
618 2332 728 2372 locus
747 2349 789 2386 p.
817 2334 932 2387 ¹391·
962 2335 1046 2383 13.‚
1079 2335 1148 2373 ubi
1168 2331 1188 2374 ὅ
1208 2333 1450 2383 ἐνδιάθετος
1477 2331 1605 2386 λόγος,
1639 2350 1722 2374 ser-

287 2400 349 2423 mo
376 2388 418 2424 in
441 2397 564 2426 mente
587 2389 713 2426 adhuc
741 2389 907 2437 abditus,
939 2391 1154 2442 opponitur
1172 2391 1228 2445 τῷ
1246 2386 1291 2429 ἐν
1312 2390 1519 2444 προφορᾷ,
1550 2391 1722 2429 sermoni

282 2454 358 2492 pet·
382 2455 423 2478 os
444 2444 616 2494 prolato.
677 2444 831 2493 Quodsi
876 2451 1010 2483 tamen
1053 2444 1196 2498 aliquis
1227 2445 1339 2484 malit
1367 2447 1407 2483 in
1449 2451 1585 2483 nostro
1630 2445 1719 2484 loco

287 2490 459 2554 ῥήματα
488 2493 706 2536 ἑνδιάθετα
722 2528 732 2546 ,
763 2499 884 2537 verba
912 2499 1118 2552 qffectuosa
1138 2530 1148 2550 ‚
1191 2502 1394 2539 caritatem
1430 2501 1717 2551 monstrantia,

287 2553 538 2600 interpretari
561 2581 571 2601 ,
602 2566 665 2590 me
693 2567 775 2591 non
804 2553 968 2593 habebit
1002 2554 1277 2601 reluctantem.

397 2603 439 2643 C.
458 2619 496 2656 7.
519 2605 632 2656 [406‚
652 2619 674 2645 2
687 2622 696 2645 ι
710 2607 743 2658 .]
773 2604 936 2651 πάλλιν.
990 2609 1057 2646 Ad
1074 2622 1183 2662 reges
1201 2610 1363 2647 orientis
1384 2607 1532 2660 absque
1553 2622 1719 2649 munere

285 2655 473 2695 accedere
499 2661 650 2699 nemini
677 2660 783 2700 licet.
828 2664 939 2701 Inter
959 2663 1066 2702 dona
1087 2665 1220 2715 itaque
1238 2662 1439 2701 offerenda
1459 2665 1718 2716 praecipuum

284 2703 418 2749 locum
447 2712 627 2753 obtinent
653 2716 798 2769 pallia,
830 2717 870 2757 id
897 2708 969 2757 esth
982 2717 1181 2771 suppellex
1221 2718 1347 2758 serica
1372 2719 1557 2758 vestiaria
1584 2721 1720 2758 cuius-
