1884 3132
279 124 394 192 644
554 140 628 182 10.
669 138 776 182 1Αο.
816 141 1012 182 amsxu
1053 140 1430 184 COMMENTARH

274 248 398 287 clzz'm's
425 247 505 285 acti
530 245 668 285 librati
701 255 809 285 certa
841 246 924 300 lege
954 245 1164 295 nutabant,
1196 247 1252 284 sic
1274 248 1395 286 etiam
1428 261 1544 295 aves,
1566 246 1726 287 demen-

273 305 326 342 sis
356 316 507 357 quoque
541 310 580 340 et
618 299 755 339 inditis
782 311 869 340 arte
899 302 1086 354 organica
1106 301 1276 340 modulis
1292 330 1304 352 ,
1336 301 1586 357 plpidabant.
1611 302 1727 342 Haec

274 367 312 397 et
339 358 424 396 alia
445 358 567 411 plura
589 370 824 409 magnarum
843 371 960 411 opum
986 357 1156 395 illustria
1182 357 1428 404 documenta,
1457 372 1557 412 quae
1573 357 1728 410 singula

268 427 496 468 percensere
533 412 702 452 nimium
735 421 772 450 et
797 412 927 450 taedio
961 420 1057 449 esset
1070 442 1080 458 ‚
1110 421 1318 467 postquam
1349 412 1513 451 vidisset
1551 412 1728 451 Graecae

272 469 478 521 legationis
515 467 725 522 princeps,
758 467 980 521 exponebat
1008 468 1201 505 mandata
1234 481 1304 506 sua
1340 481 1474 505 eoram
1515 467 1559 505 al
1590 467 1729 505 Chali-

257 525 335 575 fa,
371 522 649 562 internuntium
686 521 756 559 W
751 524 862 561 azir-0
894 531 1045 574 agente.
1106 523 1308 561 Hactenus
1337 521 1552 560 Abulfeda.
1607 522 1727 560 Faci—

272 579 312 617 le
340 578 483 631 liquet,
513 576 617 616 hanc
662 575 847 616 arborem
875 591 958 616 esse
985 577 1173 630 reliquias
1209 577 1360 630 platani
1386 591 1530 616 aureae
1557 577 1699 616 Xerxis
1715 607 1727 625 ‚

274 633 373 683 olim
403 633 565 672 Graecis
603 639 812 685 tantopere
856 632 1078 671 celebratae
1097 662 1108 680 ‚
1141 632 1224 671 sive
1258 647 1305 671 ea
1350 633 1541 671 manserit
1565 633 1608 670 in
1634 631 1727 671 aula

273 695 417 742 regum
445 688 660 727 Persarum
699 694 738 726 et
767 702 858 726 cum
891 690 1069 740 ipsorum
1098 701 1221 740 regno
1250 687 1302 727 ad
1334 687 1589 726 Saracenicos
1619 687 1726 726 Cha-

274 743 365 783 lifas
400 743 629 782 immediate
679 749 718 781 et
760 743 811 781 ab
848 742 911 781 his
964 743 1015 781 ad
1043 744 1243 792 Graecos,
1286 742 1370 782 sive
1398 743 1557 782 inverso
1585 742 1728 795 ordine

274 814 299 838 a
327 800 461 839 Persis
485 799 536 837 ad
548 799 728 837 Graecos
757 799 908 851 primos
936 805 975 836 et
998 797 1050 836 ab
1085 798 1147 836 his
1183 797 1234 836 ad
1261 798 1479 837 Saracenos
1506 799 1726 837 transie‘rit.

271 854 320 893 Id
349 861 503 893 certum
541 860 616 901 est,
651 867 675 891 a
698 854 860 892 Graecis
889 853 928 891 in
958 852 1192 891 ulteriorem
1219 853 1503 904 occidentem,
1532 853 1573 892 in
1602 853 1729 906 ipsam

273 916 453 949 nostram
494 909 753 947 Germaniam
794 915 1020 961 penetrasse
1056 907 1161 947 hanc
1197 922 1366 961 pompae
1407 915 1447 947 et
1493 908 1727 947 divitiarum

273 965 596 1006 ostentationem.
652 963 760 1016 Lego
785 965 894 1001 enim
924 965 966 1002 in
996 962 1160 1001 historia
1188 964 1404 1013 Saxonica,
1437 963 1659 1002 Hem-icum
1677 963 1726 1002 11-

272 1019 439 1059 lustrem
469 1032 575 1057 anno
611 1017 728 1057 1265.
771 1019 813 1056 in
853 1025 1130 1058 torneamento
1169 1019 1276 1070 apud
1317 1018 1583 1057 Nordhausen
1611 1019 1726 1057 insti-

274 1082 363 1114 tuto
392 1075 577 1112 arborem
606 1079 835 1125 argenteam
853 1080 1073 1126 spectatum
1102 1076 1338 1126 exposuisse.
1394 1073 1623 1112 Chronicon
1638 1074 1722 1112 Ve-

273 1129 532 1169 terocellense
563 1129 617 1167 T.
641 1129 694 1166 11.
725 1129 918 1181 Scriptor.
949 1129 1042 1167 Rer.
1060 1130 1250 1168 German.
1282 1128 1485 1167 Menkenii
1505 1128 1579 1168 col.
1597 1128 1720 1178 405:

275 1185 376 1235 „hic
404 1186 589 1238 princeps
618 1183 791 1231 inclitus,
824 1197 969 1237 magna
990 1182 1108 1222 laude
1141 1182 1411 1237 dignissimus,
1455 1186 1561 1223 inter
1587 1197 1726 1222 omnes

273 1241 474 1293 principes
494 1239 757 1278 Alemanniae
774 1239 989 1278 ditissimus
1018 1246 1057 1277 et
1085 1240 1233 1278 virtute
1262 1238 1561 1287 famosissimus,
1595 1238 1725 1292 quod-

274 1295 368 1333 dam
397 1295 608 1345 forestum,
629 1294 839 1334 arboribus
866 1294 1063 1334 viridibus
1083 1295 1297 1345 consitum,
1325 1295 1367 1332 in
1382 1293 1605 1348 Thuringia
1631 1308 1727 1348 pro-

273 1364 325 1403 pe
353 1351 556 1389 civitatem
603 1351 754 1403 regiam
797 1349 1028 1389 Northusen
1075 1348 1250 1388 mirabili
1290 1349 1590 1402 pulchritudine
1627 1363 1726 1388 con-

274 1407 376 1444 strui
404 1405 512 1451 fecit,
546 1405 616 1443 ubi
644 1412 837 1458 tanquam
864 1405 965 1444 alter
992 1405 1188 1445 Assverus
1216 1405 1367 1443 cunctis
1394 1406 1506 1458 regni
1533 1403 1725 1443 Aleman-

273 1460 365 1499 niae
392 1460 652 1513 optimatibus
677 1461 906 1500 convocatis
945 1461 1104 1501 divitias
1142 1460 1254 1513 regni
1282 1460 1342 1499 sui
1371 1459 1559 1499 ostendit.
1617 1459 1724 1498 Nam

274 1523 362 1554 arte
391 1515 523 1554 fabrili
554 1530 598 1554 ex
627 1529 726 1554 auro
756 1523 795 1555 ct
820 1523 984 1569 argento
1017 1516 1202 1554 arborem
1230 1515 1376 1554 factam
1402 1516 1527 1554 mirae
1552 1514 1725 1568 pulchri-

276 1571 432 1609 tudinis
466 1570 620 1609 ibidem
651 1569 840 1610 collocari
875 1572 968 1610 fecit
1022 1578 1062 1610 et
1089 1571 1212 1623 siquis
1243 1572 1434 1609 comitum
1453 1600 1466 1621 ,
1494 1571 1720 1618 baronum,

274 1625 449 1664 militum
476 1627 517 1663 in
554 1625 770 1665 hastiludio
794 1625 950 1666 hastam
981 1641 1095 1666 suam
1123 1640 1241 1680 super
1267 1625 1346 1664 alio
1374 1625 1507 1678 fregit,
1540 1639 1631 1663 mox
1660 1625 1721 1663 fo-

276 1679 378 1719 lium
406 1688 640 1734 argenteum
692 1681 742 1719 de
777 1682 919 1720 arbore
962 1683 1003 1720 in
1046 1682 1204 1735 siguum
1231 1681 1432 1720 virilitatis
1459 1693 1533 1733 pro
1576 1681 1722 1718 merito

274 1735 509 1775 obtinebat:
560 1738 739 1789 quisquis
767 1750 865 1776 vero
906 1739 1057 1776 socium
1086 1751 1153 1775 seu
1184 1750 1413 1789 comparem
1441 1735 1491 1774 de
1519 1748 1623 1788 equo
1650 1734 1724 1773 de-

273 1791 421 1829 iecerat
439 1821 450 1838 ‚
493 1793 578 1844 ipso
606 1793 852 1844 persistente,
881 1807 972 1831 mox
1001 1792 1142 1831 folium
1173 1805 1338 1830 aureum
1368 1790 1419 1830 de
1445 1790 1551 1828 dicta
1577 1789 1723 1829 arbore

273 1846 318 1884 in
346 1846 504 1899 signum
528 1848 689 1886 virtutis
718 1847 1040 1900 assequebatur.'’
1093 1847 1172 1886 Sed
1199 1847 1367 1885 aberant
1394 1846 1446 1884 ab
1474 1845 1549 1883 hac
1577 1844 1723 1885 arbore

273 1901 444 1939 ridicula
473 1908 511 1940 et
541 1901 710 1954 puerilia
740 1902 917 1950 ludicra,
960 1901 1194 1941 cantilantes
1233 1901 1413 1940 aviculae
1451 1907 1491 1938 et
1517 1901 1721 1953 rugientes

274 1956 326 1994 ad
355 1957 479 1994 risum
507 1955 654 1996 leones.
709 1957 801 1996 Dixi
829 1958 949 2011 paulo
977 1965 1082 2007 ante,
1114 1957 1165 1995 ab
1190 1956 1252 1995 his
1280 1955 1463 1995 leonibus
1487 1955 1639 1993 dictum
1654 1954 1722 1994 fu·-

274 2011 351 2049 isse
379 2010 456 2049 hoc
481 2011 627 2050 solium
655 2011 954 2052 Salomoneum.
1026 2013 1081 2051 Et
1107 2011 1283 2050 dubitari
1315 2026 1360 2050 ea
1391 2011 1440 2049 de
1467 2024 1511 2049 re
1535 2024 1617 2049 non
1649 2010 1721 2050 de-

273 2065 358 2104 bet.
412 2066 513 2104 Erat
539 2074 672 2105 tamen
714 2069 755 2106 in
792 2082 902 2106 more
930 2068 1104 2120 positum
1132 2066 1316 2120 gentibus
1334 2065 1400 2105 vel
1426 2065 1506 2104 illis
1533 2078 1718 2118 quoque,

275 2120 422 2172 quibus
451 2120 674 2161 Salomonis
702 2130 741 2161 et
757 2123 998 2162 Iudaeorum
1025 2135 1187 2175 prorsus
1218 2121 1351 2174 ignota
1381 2127 1495 2159 erant
1519 2121 1718 2170 instituta,

274 2175 408 2214 Persis
450 2183 548 2228 puta
596 2184 635 2215 et
665 2178 849 2228 Graecis⁷
891 2185 937 2216 ut
975 2177 1130 2216 thronis
1157 2191 1296 2230 regum
1324 2190 1488 2215 suorum
1517 2182 1718 2228 protomas

274 2230 449 2269 ferarum
492 2241 736 2284 apponerent
761 2247 836 2286 pro
864 2231 1155 2271 sustentaculis.
1214 2232 1251 2270 A
1280 2233 1413 2271 Persis
1441 2231 1547 2269 docti
1574 2229 1718 2268 imitati

275 2285 439 2324 suerunt
467 2287 639 2336 Graeci,
687 2287 738 2326 ab
765 2288 828 2327 his
867 2288 1051 2330 Romani.
1118 2286 1251 2326 Didici
1279 2286 1356 2325 hoc
1386 2301 1431 2324 ex
1461 2285 1601 2337 insigni
1629 2283 1718 2322 loco

274 2339 444 2378 Diodori
474 2341 596 2379 Siculi
636 2342 760 2382 T.11.
806 2357 846 2396 p.
875 2342 965 2382 2⁹⁷8.
982 2373 993 2390 ‚
1022 2356 1103 2395 quo
1132 2342 1276 2381 solium
1303 2341 1404 2380 illud
1430 2339 1683 2392 magnificum
1700 2367 1713 2385 ,

276 2396 360 2433 sive
388 2403 562 2434 castrum
604 2397 751 2436 doloris
797 2404 867 2436 aut
907 2382 1055 2436 lectum
1100 2404 1314 2450 paraturae
1344 2395 1459 2434 malis
1487 2392 1725 2446 appellare,-

274 2448 504 2489 Alexandro
544 2453 603 2489 M.
641 2454 726 2490 vita
752 2452 940 2491 defuncto
969 2453 1020 2491 ab
1050 2452 1133 2491 eius
1162 2452 1328 2490 ducibus
1357 2450 1581 2489 dedicatum
1606 2476 1617 2495 ‚
1647 2461 1716 2485 co-

273 2504 384 2553 piose
412 2505 614 2544 describit.
675 2508 808 2556 Quem
836 2507 970 2546 locum
998 2508 1152 2546 utinam
1180 2506 1395 2546 transferre
1415 2504 1500 2542 huc
1517 2508 1646 2540 totum
1676 2509 1716 2541 ct

274 2557 324 2593 ad
356 2559 493 2598 Nostri
518 2560 791 2600 ceremoniale
831 2563 1030 2615 applicare
1053 2570 1093 2600 et
1130 2562 1293 2601 uberius
1334 2569 1527 2611 exponere
1554 2570 1624 2608 per
1653 2557 1715 2595 in-

273 2612 398 2649 stituti
432 2616 507 2652 mei
535 2617 707 2655 rationes
734 2631 905 2670 possem.
964 2616 1160 2670 Allegabo
1190 2618 1313 2668 igitur
1347 2611 1625 2651 tantummodo
1654 2611 1714 2650 lo-

274 2678 340 2701 cos
370 2665 457 2705 illos
486 2669 615 2708 dictae
642 2671 869 2724 periochae,
899 2673 968 2725 qui
998 2674 1158 2724 proprie
1188 2671 1238 2708 ad
1265 2682 1350 2707 rem
1377 2673 1625 2719 praesentem
1654 2667 1713 2706 sa-

271 2720 392 2761 ciunt.
451 2721 524 2760 Ait
549 2725 669 2776 igitur
701 2727 923 2779 Diodorus,
956 2727 1072 2765 fuisse
1100 2726 1156 2764 ibi
1185 2724 1442 2776 conspicuum
1471 2720 1613 2761 solium
1641 2735 1712 2760 au-
