1884 3132
261 124 376 190 664
446 145 454 151 ·
500 116 503 117 ’
573 141 646 182 10.
685 141 791 184 IAC.
833 142 1029 184 musica
1065 111 1461 205 COMMENTAKHJ

258 240 320 286 nis
337 277 347 295 ‚
378 254 553 285 terrenae
581 246 734 284 nostrae
774 248 917 301 partis.
989 245 1155 286 Clarum
1180 253 1239 287 est
1259 276 1272 299 ,
1316 244 1420 286 nibil
1444 243 1554 285 aliud
1587 258 1711 300 quam

260 303 435 349 acaciam
465 301 677 353 designari.
1650 349 1654 352 ι

367 356 447 396 Sed
473 370 599 409 quare
614 356 782 395 Aeacius
798 362 838 394 et
852 355 1118 397 Anexicacias
1135 355 1389 411 appellarunt
1413 356 1488 396 hos
1503 353 1710 395 sacculos?

259 412 416 452 Dicam.
472 411 642 450 Veteres
694 411 838 450 harum
876 426 1087 465 nugarum·
1111 414 1214 452 nihil
1254 419 1426 462 norant,
1477 411 1547 450 sed
1592 409 1709 449 char-

258 475 345 516 tas,
372 467 449 506 hoc
475 474 533 507 est
571 466 826 506 membranas
843 498 856 517 ‚
884 465 1038 516 τόμους
1054 499 1066 520 ,
1086 475 1291 522 segmenta
1329 466 1588 506 membranae
1614 478 1711 516 con-

262 522 426 573 voluta,
473 522 654 573 rotulos,
699 524 812 575 pipas
846 522 1071 575 gestabant.
1132 525 1220 563 Hoc
1250 525 1292 561 in
1318 523 1552 563 universum
1579 520 1711 560 omni-

260 577 338 616 bus
366 579 408 616 in
449 577 656 630 publicum
697 577 1031 630 procedentibus,
1074 579 1171 619 viris
1211 579 1474 630 foeminisque
1497 589 1714 616 commune

260 639 346 672 erat
365 662 377 683 ,
404 640 450 671 ut
475 634 546 686 qui
571 641 640 671 aut
669 647 772 685 quae
799 632 1073 686 manipulum,
1119 647 1331 688 mappam,
1361 633 1567 672 sudarium
1589 630 1712 671 alter-

258 695 352 726 utra
383 702 506 734 manu
534 702 617 728 non
656 687 845 737 deseri-et,
887 688 1009 727 ferret
1037 690 1293 728 membranae
1322 694 1568 741 segmentum
1585 715 1597 734 ‚
1627 687 1714 726 sive

260 743 522 783 convolutum
543 773 555 794 ‚
585 743 670 782 sive
700 757 745 781 ex
773 757 854 781 una
881 751 1040 783 tantum
1067 746 1315 784 extremitate
1345 757 1467 782 manu
1490 747 1710 792 retentum,

258 805 415 839 caetera
453 798 722 852 praependere
762 800 1002 850 promissum
1020 830 1031 850 ,
1065 801 1150 839 sive
1175 799 1341 838 dimidia
1371 812 1417 837 ex
1450 804 1566 851 parte
1595 810 1711 850 prae-

259 854 438 907 pendens
458 883 472 903 ,
506 854 701 892 ambabus
741 861 876 892 autem
918 855 1238 894 extremitatibus
1277 852 1636 907 comprehensum,
1665 858 1713 890 ut

259 911 566 951 commentarios
594 923 730 947 rerum
756 909 796 946 in
821 908 982 961 publico
1001 918 1071 949 aut
1099 918 1299 964 gestarum
1317 923 1340 948 a
1357 923 1399 948 se
1419 916 1488 947 aut
1517 906 1711 962 gerenda-

258 978 365 1004 rum.
433 965 698 1017 Imperatores
733 971 886 1012 autem,
933 965 1009 1004 nisi
1062 979 1249 1018 mappam
1295 970 1498 1017 gererent,
1537 963 1712 1002 acaciam

259 1034 329 1058 seu
376 1019 633 1058 membranae
674 1026 951 1071 segmentum,
996 1020 1177 1059 libellum
1220 1019 1458 1072 supplicem,
1488 1017 1710 1071 gerebant,

260 1089 382 1127 quem
402 1074 476 1113 sibi
505 1077 547 1112 in
578 1073 783 1126 publicum
802 1072 1108 1127 procedentibus
1138 1074 1282 1128 plebeii
1311 1072 1560 1113 obtulissent.
1589 1071 1711 1123 Quod

261 1131 384 1182 igitur
407 1130 506 1169 tales
539 1127 694 1168 libellos
734 1130 931 1182 supplices
961 1128 1153 1180 α’κάκως,
1187 1131 1423 1178 clementer,
1453 1128 1604 1180 absque
1628 1126 1712 1166 ulla

262 1187 474 1237 asperitate
497 1191 536 1223 et
574 1186 814 1232 morositate,
863 1192 903 1223 et
927 1182 1191 1233 αἰνεξικάκως,
1224 1199 1317 1223 cum
1343 1182 1560 1236 tranquilla
1587 1181 1713 1221 mole«

261 1242 428 1278 stiamm
459 1254 481 1278 a
513 1239 682 1278 subditis
720 1241 801 1278 suis
830 1239 907 1278 sibi
937 1247 1163 1278 creatarum
1185 1242 1226 1278 in
1255 1239 1423 1292 legendo
1451 1245 1490 1277 et
1510 1237 1713 1276 audiendo

261 1295 475 1334 tolerantia
512 1296 781 1347 susciperent,
813 1302 883 1333 aut
912 1309 1008 1334 sane
1040 1295 1234 1334 deberent
1257 1296 1478 1346 suscipere,
1508 1292 1712 1346 praedicas

260 1349 331 1389 bat
365 1357 436 1389 aut
466 1349 606 1388 saltem
644 1349 885 1388 admonebat
922 1356 1140 1403 utrumque
1159 1364 1308 1389 nomen
1339 1345 1494 1387 α’κακία
1517 1355 1558 1387 et
1578 1341 1713 1394 ἀνεξι-

261 1404 401 1443 κακιά.
455 1401 633 1447 ’,Ακακιά
663 1406 772 1443 enim
801 1407 918 1444 novis
949 1405 1111 1444 Graecis
1141 1413 1201 1444 est
1219 1405 1452 1452 clementia3
1483 1402 1566 1442 vid.
1594 1402 1714 1441 Nice-2

261 1468 322 1499 tas
351 1460 537 1499 Choniat.
563 1474 600 1512 p.
622 1459 688 1511 24.
721 1460 767 1498 C.
788 1460 827 1509 4,
884 1461 1004 1499 Initio
1035 1460 1198 1513 quidem
1245 1460 1342 1499 nudi
1366 1457 1486 1497 rotuli
1511 1457 1713 1496 membra-

260 1517 374 1554 nacei
410 1514 674 1554 tradebantur
713 1530 735 1554 a
765 1515 1009 1568 supplicibus
1046 1516 1307 1569 Imperatori,
1353 1515 1540 1566 deinceps
1577 1519 1715 1552 autem

260 1571 494 1609 ordinatum
526 1570 626 1620 fuit,
655 1578 702 1609 ut
730 1571 927 1624 quidquid
970 1573 1053 1610 eius
1088 1573 1241 1624 generis
1272 1570 1508 1622 Imperatori
1531 1567 1712 1606 tradere-

261 1633 345 1674 tur,
371 1640 451 1665 non
467 1626 543 1665 nisi
560 1626 727 1665 sindone
753 1627 877 1666 serica
905 1626 1055 1674 subtili,
1086 1623 1192 1675 μετιὶ
1211 1623 1425 1677 μανδύλου
1444 1621 1714 1673 ,involutum

260 1681 502 1724 traderetur.
556 1683 740 1720 Manavit
771 1681 839 1721 ille
878 1696 964 1720 mos
999 1680 1155 1720 libellos
1192 1680 1407 1733 supplices,
1441 1680 1537 1716 item
1561 1677 1716 1716 litteras

262 1751 524 1790 quascunque
556 1738 693 1776 sericis
711 1736 881 1790 capsulis
916 1736 1144 1775 includendi
1175 1744 1213 1775 et
1233 1736 1304 1774 has
1340 1733 1521 1786 capsulas
1549 1732 1713 1771 demum

265 1792 503 1843 obsignandi
536 1806 560 1830 a
588 1793 750 1831 Graecis
772 1792 824 1830 ad
849 1792 1068 1831 Saracenos
1100 1799 1139 1830 et
1164 1792 1317 1829 Turcas
1334 1821 1345 1840 ‚
1374 1797 1420 1828 ut
1448 1787 1638 1841 pluribus*
1659 1787 1714 1827 ad

263 1847 510 1887 Abulfedam
537 1847 665 1886 dicam
682 1878 691 1893 ‚
726 1854 765 1886 et
801 1847 866 1886 vel
896 1861 918 1885 e
950 1847 1035 1886 solo
1059 1847 1255 1885 Busbekio
1282 1851 1440 1883 constat
1468 1857 1507 1896 p.
1525 1842 1611 1897 76.,
1639 1842 1711 1881 ubi

267 1903 323 1941 ait
341 1933 352 1952 ‚
382 1917 422 1941 se
442 1902 593 1941 litteras
622 1903 815 1941 Solimani
861 1902 912 1941 ad
937 1902 1239 1941 Ferdinandum
1271 1901 1558 1953 Imperatorem
1578 1912 1718 1952 panno

264 1972 384 1996 aureo
421 1967 537 1996 tectas
564 1967 602 1996 et
638 1959 856 2009 obsignatas
908 1959 1108 2012 accepisse.
1164 1957 1318 1996 Latinis
1341 1955 1464 1993 medii
1486 1955 1574 1992 aevi
1604 1953 1712 1991 idem

263 2014 306 2050 in
340 2027 416 2051 usu
444 2020 528 2051 erat
544 2042 555 2062 ,
582 2019 629 2050 ut
654 2027 675 2051 e
696 2013 763 2051 Du
789 2013 939 2065 Cangio
965 2027 1007 2052 v.
1038 2012 1242 2065 Artnzgeri
1263 2017 1442 2059 constat,
1474 2008 1546 2046 ubi
1570 2009 1712 2059 imagi-

265 2081 358 2106 nem
382 2067 518 2107 Caroli
556 2066 669 2106 Calvi
709 2082 733 2106 a
763 2067 926 2106 Baluzio
965 2082 1004 2120 p.
1033 2066 1150 2121 1278.
1182 2065 1359 2118 Capitul.
1385 2065 1532 2103 Franc.
1563 2063 1713 2102 editam

265 2122 467 2173 illustrat,
498 2123 539 2160 in
567 2137 646 2175 qua
676 2130 756 2162 tres
793 2121 979 2161 monachi
1012 2136 1170 2161 sacrum
1201 2122 1380 2160 codicem
1416 2117 1561 2158 Carolo
1582 2118 1714 2170 porri..

268 2184 370 2230 gunt
397 2179 572 2229 pretioso
606 2192 739 2230 panno
781 2177 1039 2216 involutum:
1079 2192 1161 2216 mos
1193 2178 1342 2231 quippe
1370 2176 1403 2213 is
1428 2173 1540 2228 apud
1573 2173 1712 2210 ›inona-

265 2234 355 2271 elios
377 2233 679 2281 observabatur,
710 2232 834 2271 verba
861 2239 956 2271 sunt
981 2232 1049 2270 Du
1082 2232 1238 2284 Cangii,
1270 2240 1315 2269 ut
1336 2230 1485 2269 codices
1501 2258 1512 2276 ,
1542 2241 1639 2282 quos
1656 2226 1716 2264 ad

266 2288 474 2339 legendum
503 2288 750 2342 accipiebant
761 2319 773 2336 ,
811 2288 1050 2338 manutergio
1092 2288 1338 2325 involverent
1354 2315 1365 2335 ,
1406 2293 1451 2322 ut
1481 2291 1536 2322 est
1561 2283 1603 2320 in
1625 2282 1709 2334 epi-

264 2344 366 2381 stola
393 2343 661 2381 leeodomari
684 2342 742 2380 ad
771 2342 958 2381 Carolum
981 2342 1044 2380 M.
1060 2371 1071 2391 ‚
1113 2356 1212 2396 qnae
1244 2340 1488 2391 manutergia
1528 2336 1710 2374 canti-§ias

265 2397 456 2436 librorum
494 2407 638 2435 vocant
677 2406 818 2436 statuta
855 2399 1019 2452 antiqua
1048 2397 1367 2436 Cartusiensium.
1426 2392 1615 2431 Videntes
1634 2391 1710 2428 ita-

267 2465 346 2503 que
373 2452 560 2490 monachi
590 2452 732 2490 Graeci
760 2466 852 2490 suos
885 2453 1148 2504 Imperatores
1180 2465 1225 2489 ex
1253 2450 1379 2489 veteri
1410 2448 1588 2486 instituto
1617 2458 1709 2482 cum

268 2506 339 2544 tali
384 2506 521 2545 libello
555 2507 724 2560 supplici
760 2507 1017 2558 procedentes
1065 2507 1106 2544 in
1160 2506 1497 2550 admonitionem,
1545 2512 1586 2537 se
1618 2499 1710 2538 ideo

265 2561 506 2611 procedere,
549 2569 594 2600 ut
629 2561 809 2615 querelas
851 2569 890 2600 et
935 2561 1242 2614 supplicationes
1295 2559 1442 2598 civium
1485 2555 1707 2605 accipiant,

268 2615 470 2663 monachi,
501 2619 664 2668 inquam
680 2646 690 2665 ,
722 2624 791 2655 aut
814 2617 1041 2668 ignorantes
1063 2617 1183 2654 huius
1198 2615 1340 2653 vetusti
1353 2610 1473 2650 moris
1496 2610 1707 2659 rationem,

270 2675 340 2706 aut
367 2669 658 2709 dissimulantes
691 2678 729 2709 et
772 2671 922 2723 ubique
961 2672 1168 2724 mysticam
1208 2682 1320 2707 suam
1357 2663 1598 2716 theologiam
1645 2664 1710 2702 vel

271 2721 441 2776 alogiam
471 2725 600 2776 potius
624 2728 802 2779 ingerere
826 2726 1028 2775 studentes
1050 2754 1062 2777 ,
1082 2728 1364 2778 persuaserunt
1381 2719 1714 2773 Imperatoribus‚²
