1884 3132
307 126 416 185 352
615 148 686 188 10.
729 148 832 190 mc.
872 150 1064 190 Rsslsxu
1105 150 1510 195 COMMENTAmr

306 254 356 292 de
399 251 622 302 anomale,
663 253 886 293 Andronici
932 254 1040 305 filio,
1078 255 1211 295 dicat:
1251 257 1365 319 χρίει
1389 248 1425 295 ὅ
1452 252 1648 324 ιεριέρχης
1683 258 1743 314 τῷ

306 309 408 362 θείω
436 304 556 360 μύρῳ
585 305 657 347 τὸν
689 310 761 360 τῆς
798 311 1016 359 βασιλείας
1052 307 1400 362 συμμετασχόντα
1418 343 1430 361 ,
1471 327 1540 352 και
1567 298 1740 360 παιᾶνες

306 347 503 402 ὲντειθεν
532 377 601 402 και
631 362 864 417 ευφημίαις
897 372 935 403 et
965 364 1144 404 Codinus
1170 366 1286 406 clalis
1316 367 1449 406 vclbis
1478 367 1584 407 dicat
1606 369 1742 408 XVII.

305 419 373 458 8.:
407 415 427 456 ὁ
457 414 718 470 πατριάρχης
733 418 859 482 χρίει
887 421 1170 472 σταυροειὸως
1196 418 1269 474 τήν
1300 419 1486 486 κεφαλήν
1512 423 1590 461 τοῦ
1619 422 1743 472 βασι-

306 472 409 518 mog
446 473 503 512 τῶ
540 471 640 528 θείω
681 469 803 528 μύρῳ
843 473 1040 526 ε’πιλέρων
1080 472 1237 530 μεγάλῃ
1277 477 1395 531 φωνῇ
1422 474 1469 516 τὸ
1491 473 1660 529 ‘'Ayaog:
1690 477 1743 517 ad

306 543 426 581 quem
455 513 588 566 locum
617 530 790 568 conferri
819 530 941 568 velim
968 531 1089 569 Gomi
1119 540 1255 571 notam
1287 533 1463 571 n.152.
1538 532 1608 571 ubi
1638 533 1743 572 int'er

307 583 382 622 alia
402 583 462 622 foi
466 583 617 622 mulam
635 584 739 623 hanc
757 599 801 623 ex
820 585 1067 639 Euchologio
1097 587 1284 635 adducit,
1313 601 1393 640 quo
1418 588 1560 641 piobet
1590 594 1743 628 veteres

306 640 570 703 Impc1at01es
597 648 738 679 unctos
760 640 906 679 fuisse:
944 641 1094 692 χοίσαι
1132 641 1386 691 καταξίωσον
1411 643 1470 681 τῶ
1506 640 1631 697 ἐλαιίο
1666 642 1743 695 τῆς

309 693 361 746 ιὶγ
363 691 602 741 αλλιάσεως,
658 696 735 734 Sed
766 695 931 748 planum
960 703 1042 746 cst,
1075 695 1183 735 illam
1204 697 1416 736 folmulam
1435 682 1535 736 nihil
1555 682 1741 752 plobare.

307 751 382 789 Est
413 751 514 788 enim
548 750 818 805 metaphoxica
849 759 887 790 et
915 767 936 791 e
966 751 1134 790 Psalmis
1158 753 1364 803 de1iva1a,
1393 760 1673 806 praeteleaque
1694 753 1745 792 de
1779 767 1781 771 ·

307 805 414 844 illius
431 805 666 859 Eucliologii
697 814 823 845 aetate
836 807 932 845 mihi
954 821 1033 845 non
1052 815 1220 846 constat.
1252 808 1479 847 Habertus'
1469 823 1510 847 m
1521 807 1746 847 Pontificali

308 875 349 914 p.
376 861 464 914 387.
486 875 531 899 ex
549 860 728 901 Aicudio
752 861 883 901 locum
912 862 1020 901 hunc
1041 863 1125 901 lobi
1145 863 1331 902 monachi
1352 865 1480 902 citat:
1525 858 1638 910 τάξει
1664 862 1747 903 τινὶ

308 917 558 955 ἐπιτελεῖται
595 913 642 955 τὸ
683 917 802 956 θεῖον
839 916 973 969 μῦρον
1017 917 1061 956 ἐν
1088 918 1138 972 τῇ
1167 918 1308 972 τελετῇ
1333 918 1405 970 τῆς
1430 917 1652 970 βασιλικῆς
1679 916 1744 957 δι-

309 968 573 1024 ᾳρηφορίας,
605 971 743 1010 ordzne
765 973 935 1027 quodam
964 973 1264 1012 admmistratar
1288 982 1519 1026 unguentum
1545 974 1587 1011 in
1608 986 1745 1030 regum
1777 990 1779 992 ¹

307 1028 591 1065 mthmnatzone
612 1041 681 1065 seu
713 1029 1019 1079 inungas-attone,
1051 1043 1137 1067 cum
1164 1044 1206 1068 m
1237 1029 1335 1067 sella
1362 1029 1610 1067 collocantur.
1661 1026 1744 1068 Ve-

306 1096 396 1120 rum
429 1096 509 1119 non
532 1083 655 1135 magis
679 1090 835 1121 constat
856 1083 953 1121 mihi
987 1084 1036 1122 dc
1064 1084 1184 1122 huius
1210 1098 1368 1137 quoque
1397 1083 1479 1122 lobi
1511 1090 1653 1122 aetate.
1698 1083 1742 1122 Si

307 1137 374 1176 ille
395 1145 478 1183 est,
508 1139 621 1176 cuius
651 1145 833 1191 excerpta
866 1138 1034 1177 Photius
1063 1139 1103 1176 in
1131 1138 1233 1178 Bibl.
1259 1139 1370 1177 dedit
1387 1169 1398 1189 ‚
1426 1146 1487 1178 est
1525 1152 1620 1177 sane
1658 1151 1743 1177 non

307 1192 357 1230 de
390 1191 517 1230 nihilo
555 1192 631 1231 hoc
667 1193 954 1232 testimonium.
1014 1194 1090 1232 Sed
1129 1195 1307 1233 invenire
1350 1193 1486 1232 locum
1518 1194 1744 1246 quaesitum
1778 1222 1781 1226 «

307 1261 389 1286 non
408 1248 534 1299 potui,
546 1254 584 1286 et
599 1255 656 1286 est
673 1256 874 1301 praetcrea
894 1263 973 1286 non
995 1250 1087 1287 satis
1103 1249 1232 1288 clarus
1254 1255 1387 1288 tantae
1406 1250 1463 1287 rei
1484 1248 1713 1301 probandae
1728 1279 1740 1298 ‚

308 1302 546 1356 difficileque
573 1311 681 1342 extra
711 1306 995 1342 connexionem
1020 1304 1069 1342 de
1098 1303 1168 1343 illo
1193 1305 1418 1344 decelnere.
1477 1305 1608 1343 Locus
1636 1311 1744 1342 certe

307 1366 444 1397 noster
474 1372 658 1411 plaesens
687 1358 788 1398 nihil
818 1360 976 1412 pxobat.
1035 1360 1133 1398 Nam
1166 1359 1300 1424 χρίειν
1333 1359 1603 1412 metaphorice
1626 1360 1743 1398 novis

309 1413 470 1453 Graecis
497 1413 607 1452 aliud
636 1413 738 1452 nihil
769 1422 853 1462 est,
886 1429 1006 1468 quam
1025 1409 1294 1468 ἀναγορεύειν
1316 1415 1622 1478 Impeimatorem
1650 1427 1744 1464 χει-

309 1472 493 1518 ροτοιεῖν
527 1468 798 1522 patiiaicham
825 1469 890 1510 vel
919 1469 1190 1533 sace1dotem2
1229 1464 1478 1520 προβάλλειν
1506 1475 1745 1508 seua1orem.

309 1525 449 1589 Neque
470 1524 578 1563 locus
615 1524 817 1564 Alexiadis
849 1525 1067 1592 quidquam
1089 1527 1214 1590 magis
1231 1524 1435 1589 Ριζῑοϋιιῒρ
1452 1523 1546 1578 359.
1568 1525 1616 1563 Β.
1634 1523 1741 1563 ult.:

309 1574 354 1618 ὃν
382 1576 452 1619 διὰ
494 1575 674 1619 πλούτου
715 1581 960 1644 περιουσίαν
990 1580 1059 1619 καὶ
1087 1579 1231 1632 γένους
1271 1575 1536 1632 λαμπρότητα
1563 1579 1744 1630 βασιλέα

305 1633 469 1687 χρίσειν
489 1658 507 1665 -
524 1658 543 1664 -
561 1631 919 1687 σχηματιζόμενος
946 1633 1228 1687 ἐπηγγείλατο.
1287 1634 1520 1682 Tianslate‚
1554 1648 1636 1673 non
1651 1634 1748 1673 stri-

309 1698 371 1729 cte
386 1721 397 1740 ‚
427 1691 596 1729 vmbum
622 1689 758 1743 χρίειν
787 1691 842 1729 ibi
863 1690 980 1730 debet
995 1692 1148 1744 accipi
1170 1705 1195 1730 a
1215 1692 1339 1730 veteri
1356 1704 1466 1728 more
1485 1689 1744 1743 nuncupandi

309 1760 420 1799 leges
449 1747 652 1793 naducta,
683 1747 725 1784 in
753 1760 926 1800 qu01um
951 1746 1253 1810 inauguratione
1291 1759 1415 1798 quum
1443 1746 1546 1784 actio
1574 1745 1744 1783 maxime

311 1801 482 1840 solennis
500 1809 599 1840 esset
616 1803 772 1853 unctio,
803 1801 913 1841 dedit
931 1803 1005 1840 toti
1026 1803 1171 1840 actioni
1193 1801 1243 1840 de
1263 1815 1304 1840 se
1328 1813 1502 1839 nomen·
1493 1830 1504 1850 ‚
1533 1800 1642 1852 quod
1669 1798 1742 1838 de-

309 1858 444 1910 inceps
466 1859 610 1896 mansit
625 1858 738 1910 ,ipsa
755 1858 942 1896 unctione
956 1871 1005 1910 pl
1007 1864 1112 1896 aeter
1115 1857 1244 1895 missa.
1303 1855 1483 1894 Verbum
1509 1854 1648 1906 ’χρίειν
1665 1853 1744 1893 hoc

99 1923 162 1957 Ed
179 1924 216 1957 L
234 1935 246 1957 ι
260 1934 292 1957 ,ι
311 1912 584 1966 metaphmico
605 1927 722 1951 sensu
734 1913 1021 1965 pioorclznare,
1043 1925 1277 1964 znaugurare
1304 1911 1400 1964 poni
1419 1911 1570 1954 anovis
1580 1911 1743 1948 Graecis

311 1968 513 2008 luculento
533 1975 646 2032 patet
670 1968 848 2032 exemplo
874 1968 1030 2006 Nicetae
1055 1967 1273 2005 Choniatae
1301 1981 1344 2019 p.
1366 1965 1462 2005 36.:
1484 1961 1744 2029 προβληθεις

312 2017 388 2063 οὖν
416 2019 599 2076 ΖΗιχαὴλ
627 2018 648 2061 ὅ
674 2020 934 2087 πατριάρχης
962 2021 1006 2070 ἐξ
1034 2016 1159 2085 αὐτῆς
1192 2024 1345 2074 (nempe
1371 2021 1443 2071 τῆς
1473 2015 1647 2071 ἧμέρας)
1671 2014 1745 2058 τὸν

309 2074 518 2130 χρίσαντα
557 2077 695 2130 χρίει,
745 2075 797 2116 τοὶ
845 2073 938 2131 ἱεροὶ
977 2072 1280 2129 ἐσαφικόμενον
1328 2074 1524 2127 μέλαθρα
1541 2105 1552 2121 ‚
1595 2083 1756 2114 creatus·

306 2135 539 2189 patriwtcha
568 2133 754 2172 Miclzabl
776 2148 824 2172 eo
854 2134 937 2187 ipso
960 2132 1026 2170 dze
1050 2132 1162 2170 illum
1180 2161 1191 2181 ‚
1223 2132 1292 2186 qui
1311 2145 1350 2168 se
1377 2138 1577 2177 unxerat,
1589 2130 1715 2182 ungit
1729 2157 1740 2176 ,

311 2204 353 2228 ιη
380 2191 500 2228 sam-212
529 2189 718 2227 aedi-bus
708 2217 719 2238 ‚
747 2187 788 2225 id
812 2195 869 2226 est
899 2187 1013 2226 illum
1033 2187 1349 2240 inauguraverat.
1406 2186 1486 2235 Qui
1515 2186 1620 2224 enim
1647 2183 1744 2222 alias

312 2252 435 2298 ungat
457 2245 684 2310 'imperatoi
717 2242 1019 2295 patriarcham?
1045 2249 1113 2280 aut
1142 2243 1231 2294 quis
1260 2242 1380 2280 inerit
1406 2240 1469 2280 his
1495 2239 1627 2280 verbis
1654 2252 1744 2278 sen·-

314 2314 404 2349 sus‚
426 2301 467 2337 ni
487 2296 623 2351 χρίειν
649 2298 884 2336 tantundem
920 2297 1052 2337 valeat
1086 2305 1204 2350 atquc
1236 2297 1444 2342 ordinare,
1480 2297 1745 2347 inaugurare?

313 2355 410 2392 Pari
442 2356 572 2407 itaque
602 2353 720 2392 modo
753 2354 902 2405 accipio
932 2352 1108 2391 eiusdem
1151 2352 1313 2391 Nicetae
1348 2351 1397 2390 de
1424 2350 1563 2389 eodem
1600 2348 1742 2387 Alexio

315 2410 520 2447 Conmcno
546 2409 668 2447 verba
696 2408 826 2447 haec:
858 2404 1058 2447 εισελθών
1087 2406 1145 2451 εἰς
1174 2403 1247 2445 τὸν
1271 2405 1346 2446 τοῦ
1374 2405 1492 2444 θἐιου
1499 2399 1644 2467 λόγου
1677 2417 1745 2442 σο·

315 2463 416 2515 φίας
443 2461 559 2514 ναὸν,
577 2458 688 2510 ὅπως
702 2461 878 2530 χρισθῇ
885 2476 953 2501 και
974 2457 1249 2526 περιβάληται
1269 2457 1317 2500 τοὶ
1331 2458 1405 2499 τοῦ
1430 2453 1607 2510 κράτους
1635 2456 1745 2508 σύμ-

313 2519 432 2566 βολα
461 2533 504 2557 το
549 2518 618 2570 τῆς
657 2515 833 2564 πίστεως
862 2514 1021 2569 ε’γραψε
1059 2513 1269 2567 σύμβολον
1305 2514 1426 2567 βαφῇ
1451 2512 1672 2566 βασιλικῇ,
1704 2520 1746 2552 et

314 2571 382 2610 illa
403 2574 587 2612 Novellae
608 2575 730 2613 Isaaci
753 2572 896 2626 Angeli
925 2574 972 2610 L.
994 2572 1168 2610 II.Iu1is
1187 2568 1534 2610 Graeco-Romani
1559 2581 1602 2620 p.
1630 2567 1740 2620 ι69.;

315 2625 371 2672 ὠς
399 2642 467 2666 και
501 2625 573 2679 τὴν
601 2642 674 2667 του
705 2625 1079 2691 επιστημονάρχου
1087 2640 1158 2679 της
1194 2620 1410 2689 ἐκκλησίας
1445 2617 1561 2670 τάξιν
1591 2619 1745 2671 λαχου-

315 2696 389 2732 σης
408 2696 478 2745 της
506 2683 722 2731 βασιλέιας
742 2696 826 2732 μου
855 2680 969 2735 παρὰ
1005 2681 1079 2719 τοῦ
1107 2677 1258 2731 ταύτην
1283 2672 1506 2728 χρίσαντός
1521 2690 1562 2715 τε
1580 2691 1648 2716 και
1645 2677 1746 2727 βα-

316 2732 592 2782 σιλευσαντος.
651 2737 894 2776 Luculenter
921 2749 1080 2790 quoque
1106 2741 1238 2788 patet,
1260 2732 1473 2772 dictionem
1512 2729 1647 2785 χρίειν
1685 2744 1744 2778 εις
1778 2762 1782 2770 ,
