1832 3126
97 2127 159 2161 Ed.
176 2126 214 2160 L.
226 2128 271 2163 26

829 38 863 80 ο

271 123 345 180 80
581 143 653 184 ιο.
695 142 800 183 1Ac.
841 141 1035 182 amsxu
1073 139 1452 185 COMMENTARH

273 258 344 284 seu
371 257 494 283 manu
521 242 660 285 dextra
674 272 686 293 ‚
716 256 787 282 seu
815 256 838 282 e
865 241 1025 295 cingulo
1054 241 1269 295 gerebant,
1298 243 1437 297 quales
1454 243 1555 286 mnu
1573 245 1717 287 descri-

270 299 367 339 bere
404 298 700 352 quodammodo
735 298 897 337 videtur
936 297 1160 337 Monachus
1197 298 1239 338 S.
1272 298 1469 340 Gallensis
1507 301 1558 340 de
1594 301 1716 341 rebus

271 356 391 408 gestis
408 353 540 392 Caroli
559 355 618 393 M.
643 354 675 392 Ι.
700 354 793 408 37.:
822 353 1086 409 Antiquarum
1114 354 1360 393 Francorum
1380 365 1578 410 paratura
1602 366 1719 396 erant
1764 370 1767 373 ·

270 411 527 449 calciamenta
542 431 562 439 -
580 431 600 438 -
617 409 760 447 deinde
785 410 950 448 camisia
973 408 1146 461 glizzina
1176 409 1244 464 [id
1273 417 1331 448 est
1358 411 1553 463 candida,
1582 413 1715 451 niten-

270 466 328 503 tia
356 472 395 503 et
422 464 551 518 rigida
579 478 603 503 a
630 463 781 518 polline
807 463 1000 518 siliginis]
1032 465 1217 519 posthaec
1246 465 1418 505 baltheus
1443 468 1605 522 spathae
1631 467 1716 506 col-

270 520 428 572 ligatus.
491 520 603 574 Quae
630 520 771 575 spatha
797 521 946 573 vagina
965 521 1099 572 fagea
1113 549 1125 571 ‚
1173 521 1340 559 secundo
1377 524 1483 561 corio
1510 522 1716 577 qualicun-

271 590 371 630 que,
409 576 520 614 tertio
549 575 775 615 linteamine
801 575 1079 614 candidis-simo
1111 590 1201 615 cera
1229 576 1471 616 lucidissima
1507 577 1713 627 robor-ato,
1737 613 1741 617 .

270 633 329 670 ita
351 631 594 684 cingebatur,
626 639 669 670 ut
689 644 767 685 per
796 630 966 670 medium
990 631 1193 670 cruciculis
1218 632 1467 671 eminentibus
1485 632 1544 672 ad
1559 647 1717 688 perem-

270 687 416 726 tionem
442 686 645 738 gentilium
664 694 885 725 auraretur.
945 685 998 725 V.
1035 685 1086 724 ad
1113 699 1206 740 pag.
1238 686 1336 738 534.
1374 687 1421 726 C.
1445 703 1483 742 7.
1515 687 1566 727 de
1594 687 1718 744 Sapo-

271 743 383 782 nistis
417 741 601 780 dicenda.
658 741 959 780 Procedebatur
991 756 1015 780 a
1046 741 1269 781 Candidato
1302 742 1354 780 ad
1381 743 1602 782 Stratorem
1618 773 1630 793 ,
1666 743 1717 782 il-

270 797 353 837 linc
384 797 436 836 ad
463 796 749 850 Spatharium‚
779 797 830 836 ab
855 797 932 836 hoc
961 796 1012 835 ad
1039 796 1510 850 spatharocandidatum.
1570 798 1718 838 Candi-

273 853 358 892 dati
395 853 610 906 imaginem
637 852 775 892 videre
808 859 866 892 est
894 855 937 893 in
964 860 1226 892 monumento
1253 852 1487 893 Ravennate
1514 853 1623 909 apud
1649 854 1717 893 Du

273 908 407 962 Gange
435 907 582 948 Famil.
601 908 769 961 Byzant.
790 922 881 962 pag.
901 921 970 962 97.
1001 914 1042 946 et
1069 907 1283 947 Alemann.
1312 907 1365 948 ad
1383 909 1557 964 Procop.
1587 923 1631 963 p.
1648 923 1715 964 77.

272 966 445 1003 tenentis
463 995 475 1015 ‚
515 977 705 1017 perverso
733 964 900 1015 ordine,
941 963 1078 1002 dextra
1117 963 1275 1003 hastam
1291 993 1303 1016 ‚
1345 971 1386 1003 et
1413 972 1507 1004 ante
1534 965 1720 1004 dextrum

274 1034 380 1074 genu
407 1027 566 1059 scutum
595 1019 745 1058 Christi
773 1025 1118 1073 monogrammate
1148 1021 1301 1073 pictum
1314 1049 1326 1072 ‚
1368 1019 1527 1060 colobio
1555 1020 1607 1059 ad
1633 1034 1719 1059 me-

274 1076 389 1114 dium
415 1075 630 1114 humerum
659 1075 923 1114 descendente
939 1105 951 1126 ,
992 1073 1235 1114 camelaucio
1273 1075 1316 1113 in
1343 1076 1474 1128 capite
1515 1089 1653 1130 presso
1681 1081 1721 1114 et

274 1131 468 1170 rotundo.
527 1129 774 1169 Candidatus
803 1138 980 1169 armatus
995 1160 1006 1182 ‚
1037 1137 1107 1168 aut
1134 1138 1241 1170 certe
1268 1131 1547 1184 praetorianus
1575 1130 1722 1184 aliquis

275 1186 414 1234 miles,
458 1186 696 1240 Imperatori
734 1185 1166 1239 adstansconspicitur
1193 1187 1236 1224 in
1265 1186 1494 1240 Menologio
1522 1185 1722 1226 Basiliano

277 1242 330 1281 T.
366 1243 400 1280 Ι.
430 1256 472 1295 p.
492 1241 562 1294 64.
593 1248 633 1281 et
657 1239 745 1295 176.
804 1242 987 1289 Tureae,
1019 1248 1065 1280 ut
1093 1241 1171 1281 alia
1200 1239 1327 1280 multa
1354 1243 1538 1281 instituta
1565 1243 1721 1295 Byzan-

275 1298 385 1336 tinae
402 1297 516 1336 aulae
531 1327 542 1348 ‚
574 1297 628 1336 ita
649 1298 769 1336 etiam
788 1296 1031 1336 Candidatos
1059 1298 1102 1335 in
1130 1310 1244 1336 suam
1269 1296 1547 1336 traduxerunt.
1585 1298 1721 1336 Leun-

276 1353 430 1392 clavius
458 1354 564 1392 enim
592 1351 700 1405 apud
727 1353 796 1391 Du
825 1353 959 1406 Gange
985 1366 1030 1392 v.
1060 1351 1286 1398 Σολακιὶἳες
1313 1352 1388 1392 hos
1415 1355 1472 1392 ait
1499 1359 1583 1392 'esse
1610 1351 1723 1393 satel-

277 1407 395 1448 litum
423 1423 546 1462 genus
563 1439 574 1458 ‚
602 1408 749 1447 Turcis
776 1407 957 1447 Solacler
983 1408 1133 1462 dictos⁷
1164 1409 1234 1460 qui
1263 1409 1369 1446 circa
1385 1407 1599 1447 Sultanum
1617 1408 1723 1462 equi-

276 1470 431 1504 tantem
457 1465 499 1503 in
529 1463 629 1503 albis
656 1464 849 1503 cursitent
883 1463 1103 1503 subuculis.
1162 1462 1435 1506 Ferriolenses
1471 1462 1633 1505 tabulae
1658 1470 1723 1503 ta-

275 1533 370 1559 men
397 1534 440 1558 n.
468 1519 531 1559 16.
561 1526 602 1559 et
630 1534 693 1574 17.
722 1533 805 1558 non
833 1520 1104 1558 consentiunt.

387 1575 435 1614 B.
464 1588 498 1614 1.
523 1573 612 1630 [11‚
633 1573 698 1628 8.]
730 1569 1004 1625 ἀσπάζονται.
1044 1574 1294 1615 osculantur.
1351 1571 1649 1624 Ἀσπάζεσθαι
1663 1582 1725 1615 est

276 1632 442 1685 proprie
468 1631 526 1670 ad
550 1646 590 1670 se
618 1632 796 1681 trahere,
843 1630 953 1683 quod
991 1630 1143 1669 faciunt
1181 1633 1251 1684 qui
1288 1645 1376 1670 rem
1411 1637 1481 1670 aut
1517 1630 1725 1670 hominem

278 1686 454 1726 osculari
489 1683 671 1740 cupiunt.
730 1686 949 1726 Rarissimo
966 1717 978 1738 ,
1018 1687 1087 1725 sed
1126 1688 1363 1740 primigenio
1400 1685 1471 1725 illo
1499 1687 1723 1741 significatu

278 1743 464 1782 adhibuit
501 1742 722 1795 Procopius
763 1741 962 1781 Anecdot.
991 1756 1035 1795 p.
1057 1740 1124 1796 49.
1162 1756 1197 1781 x.
1239 1742 1303 1781 ed.
1335 1740 1520 1780 Aleman.
1538 1756 1550 1780 :
1587 1739 1635 1782 ‘O
1676 1739 1726 1781 δὲ

279 1797 411 1850 δῆθεν
439 1797 515 1837 οὐκ
555 1794 914 1848 ἐπαισθανόμενος
951 1797 1034 1836 τῶν
1070 1796 1360 1849 πραττομένων
1386 1792 1615 1848 σύμπασαν
1642 1794 1724 1835 av’-

279 1854 361 1893 τῶν
388 1850 536 1893 οὐσίαν
561 1849 702 1906 κτήσει
722 1849 991 1908 ἀναισχύντῳ
1010 1846 1214 1904 ἧσπάζετο
1229 1881 1240 1903 ,
1268 1852 1328 1891 ad
1342 1866 1382 1890 se
1401 1852 1594 1908 rapiebat.
1626 1851 1725 1890 Cru-

281 1923 368 1948 cem
407 1909 665 1948 osculandam
701 1907 845 1947 offerre
884 1908 1124 1961 ingredienti
1161 1909 1204 1945 in
1240 1906 1446 1946 ecclesiam
1485 1907 1725 1960 Imperatori

280 1979 368 2004 mos
398 1966 486 2004 ideo
515 1965 591 2003 suit
618 1980 642 2003 a
669 1962 820 2003 clericis
847 1963 1101 2015 introductus
1118 1993 1129 2014 ‚
1158 1970 1205 2001 ut
1224 1963 1354 2016 specie
1368 1963 1620 2002 venerandae
1638 1976 1726 2002 cru·

282 2022 339 2059 cis
367 2021 418 2059 ab
447 2019 761 2074 Imperatoribus
789 2018 961 2057 honores
998 2020 1260 2071 impetrarent
1303 2018 1379 2058 sibi
1414 2032 1496 2058 non
1537 2018 1694 2058 debitos
1709 2046 1723 2071 ,

283 2089 413 2130 neque
440 2076 684 2129 appetendos
712 2073 978 2113 humilitatem
1005 2073 1208 2127 professis.

395 2147 433 2186 7.
455 2132 502 2171 B.
522 2133 563 2172 3.
589 2131 679 2186 [11‚
698 2129 763 2184 9.]
793 2124 1116 2182 σκευοφύλακος.
1170 2129 1234 2168 De
1262 2127 1427 2168 custode
1453 2129 1643 2169 thesauri⁴
1660 2142 1725 2168 sa-

284 2187 367 2235 cri,
398 2187 463 2226 vel
490 2189 685 2241 pretiosae
712 2183 993 2239 suppellectilis
1021 2184 1207 2224 ecclesiae
1235 2185 1318 2224 vid.
1350 2185 1419 2223 Du
1437 2185 1572 2238 Gange
1589 2184 1722 2224 Gloss.

284 2242 357 2280 Gr.
383 2242 426 2281 h.
456 2257 498 2282 v.
530 2250 570 2282 et
596 2242 700 2281 infra
727 2241 779 2279 ad
806 2255 848 2294 p.
870 2254 937 2279 21.
970 2238 1023 2278 A.
1063 2253 1126 2279 11.
1184 2239 1426 2279 Emendatio
1454 2241 1624 2294 margini
1652 2239 1726 2278 ad-

285 2300 432 2350 scripta
460 2297 579 2352 digna
607 2305 666 2337 est
691 2310 794 2350 pura
824 2296 1064 2334 Graecitate.
1122 2295 1260 2334 Lectio
1299 2303 1434 2334 tamen
1472 2295 1726 2335 membrana-

284 2366 375 2391 rum
402 2354 446 2392 in
472 2361 583 2393 textu
610 2353 774 2406 vulgata
790 2380 802 2401 ‚
831 2358 1044 2406 propterea
1070 2363 1153 2389 non
1181 2351 1457 2399 sollicitanda,
1487 2364 1560 2391 suo
1587 2364 1727 2389 saecu-

285 2405 325 2445 lo
365 2415 424 2447 est
459 2408 579 2462 digna
596 2439 607 2460 ‚
652 2406 1020 2461 προσφερομένου,
1067 2406 1226 2461 quando
1264 2408 1410 2446 scilicet
1443 2407 1477 2445 is
1507 2406 1724 2461 profiertur.

285 2462 418 2501 Multa
444 2464 541 2503 talia
568 2466 612 2504 in
637 2463 716 2504 hoc
744 2463 893 2502 codice.
952 2462 1016 2501 Sic
1036 2475 1158 2514 supra
1182 2477 1223 2515 p.
1249 2461 1288 2501 5.
1314 2464 1362 2501 B.
1390 2477 1426 2501 1.
1457 2460 1595 2499 aderat
1623 2458 1729 2499 διδο·

285 2516 446 2568 μένων,
486 2521 633 2559 interea
665 2519 761 2558 dum
803 2519 974 2570 dantur,
1015 2516 1087 2555 ubi
1113 2516 1272 2570 planius
1298 2518 1435 2557 suisset
1463 2513 1728 2567 διδομένους,

287 2574 517 2613 coniectura
547 2577 589 2614 in
624 2575 803 2626 margine
835 2580 973 2613 notata
990 2602 1002 2623 ‚
1043 2571 1097 2611 ob
1127 2569 1282 2624 κηρούς
1306 2571 1571 2626 praecedens..

397 2629 445 2667 B.
468 2645 508 2683 7.
531 2628 621 2682 [ιῐ,
648 2628 932 2683 ι5.]’ἵδ“ρυται
955 2626 1010 2676 ἐξ.
1037 2628 1096 2665 Μ.
1127 2624 1295 2679 ἵδρυται
1323 2625 1344 2668 ὃ
1373 2626 1416 2675 ἐξ
1445 2625 1538 2677 ‘1²99‘-

289 2738 328 2778 Β
368 2683 621 2780 6Ch12.[:11,
646 2683 731 2739 18.]
761 2681 815 2724 τὰ
850 2678 1062 2736 Ῥωμαϊκὰ
1099 2682 1295 2737 σκῆπτρα.
1350 2683 1406 2722 V.
1436 2681 1485 2721 ad
1515 2695 1606 2735 pag.
1631 2680 1728 2721 552.

334 2767 343 2777 .
400 2767 411 2780 .
484 2753 556 2780 cen
585 2753 622 2779 a.
