1884 3132
304 161 415 230 242
575 178 649 222 10.
693 178 800 224 1A'c.
842 172 1039 224 nmsxn
1078 178 1462 224 commN'rAnn

303 283 434 322 arium
461 283 757 336 pertinuerint,
783 291 823 322 et
848 297 893 322 ex
930 297 978 323 eo
1013 289 1174 337 erogata
1200 282 1351 323 fiaerint
1370 284 1414 323 in
1436 296 1557 323 usum
1579 290 1756 324 castren-

301 339 355 377 sis
380 338 658 391 expeditionis.
715 339 813 378 Vid.
837 340 904 378 Du
925 339 1061 392 Gange
1082 353 1124 378 v.
1153 333 1410 389 Βεστιάριον
1437 345 1478 378 et
1509 338 1558 377 V
1550 341 1753 388 esum-im,

301 401 342 432 et
367 393 418 432 ad
449 392 634 432 Alexiad.
665 408 707 447 p.
727 394 822 434 285.
856 395 980 433 Goar.
999 395 1051 433 ad
1074 393 1220 433 Codin.
1246 407 1290 446 p.
1319 394 1383 434 53.
1407 407 1451 432 n.
1487 393 1557 434 61.
1582 394 1755 435 Guther.

283 463 342 502 .p.
367 447 465 488 658.
525 448 637 488 Idem
671 451 719 488 L.
752 450 785 488 1.
807 449 996 489 Themat.
1018 465 1054 488 c.
1085 464 1120 488 1.
1146 443 1375 502 μινσούρια
1403 456 1601 488 memorat
1625 446 1759 502 ἄργυ-

300 502 380 557 (nt,
424 498 702 557 :insenserat
735 504 782 544 ἐν
821 505 879 560 τῷ
924 505 1128 559 βασιλικῷ
1157 501 1395 558 βεστιαριζυ.
1453 505 1560 544 Hinc
1593 504 1757 558 quando

298 560 533 600 vestiarium
553 560 727 599 vestium
760 560 800 599 in
834 562 963 614 specie
991 560 1198 613 designare
1226 558 1404 610 vellent,
1435 559 1638 599 addebant
1669 559 1756 613 ple-

297 629 474 668 rumque
506 618 928 655 commemorationem
948 618 1121 655 vestium
1138 645 1149 666 ‚
1175 622 1221 653 ut
1234 615 1506 654 continuator
1544 618 1755 655 Constant.

297 685 340 725 p.
365 670 435 710 86.
460 670 516 709 D.
549 685 584 710 1.
613 667 858 723 βεστιάριον
893 671 1066 725 appellat
1088 670 1172 711 τῶν
1201 663 1660 723 ἆποθησαυριζομένων
1684 670 1759 711 πέ-·

297 727 415 766 πλων
436 724 569 764 ἐκεῖσε
605 726 802 779 σηρικῶν.
858 727 919 766 Ita
940 741 1100 781 quoque
1133 725 1355 764 hodienum
1375 725 1601 771 ,thesaurus
1630 726 1756 766 cime-

297 781 448 820 liorum
485 780 683 834 regalium
723 782 966 835 garclerohbe
997 781 1235 835 appellatur.
1295 780 1496 820 Henricus
1529 781 1756 835 Knygthon

297 837 350 876 ad
362 835 418 875 A.
441 835 556 876 1381.
579 852 589 876 ε
607 836 787 887 Iuravit,
815 838 926 893 quod
949 838 1133 884 credidit,
1171 835 1278 892 quod
1297 851 1375 876 non
1403 845 1499 876 esset
1513 838 1658 892 aliquis
1679 851 1758 877 reoe

295 893 554 940 christianus,
601 892 745 931 habens
780 894 981 932 meliorem
1017 893 1292 947 garait-opiam.
1350 891 1460 931 Nam
1476 923 1487 940 ‚
1544 902 1586 932 ut
1619 892 1753 941 dia-it,

296 957 407 986 tanta
432 956 519 986 erat
537 949 652 1002 copia
672 962 857 987 vasorum
883 959 921 988 et
943 949 1128 988 iot-aliam
1150 948 1201 986 de
1238 956 1398 999 argento
1437 955 1516 987 etc.
1574 947 1754 1003 *[Vesti-

295 1004 427 1042 arium
458 1003 666 1054 Augustae
694 1012 944 1043 memoratur
964 1005 1109 1057 Script.
1143 1009 1232 1057 post
1247 1002 1484 1056 Theophan.
1511 1001 1685 1058 p.89.]*

407 1059 462 1097 D.
481 1058 654 1112 7.[179,
680 1058 762 1111 16.]
793 1055 999 1109 ἐκβάλλει.
1056 1059 1250 1113 Expromi
1283 1058 1376 1097 inde
1402 1072 1444 1098 se
1477 1066 1686 1111 praesente
1714 1066 1755 1099 et

294 1115 338 1153 in
362 1113 659 1168 chrysotriclini
679 1115 784 1153 atrio
823 1114 894 1154 illo
915 1145 925 1166 ‚
956 1118 997 1154 in
1028 1130 1109 1168 quo
1134 1127 1270 1154 sacrae
1295 1112 1437 1167 epulae
1455 1113 1583 1164 fiunt,
1605 1114 1755 1169 deponi

294 1169 423 1208 iubet.
483 1169 821 1220 Καθυπουργεῖν
848 1178 887 1208 et
921 1168 1149 1222 ὑπουργεῖν
1182 1171 1225 1208 in
1254 1170 1383 1222 specie
1410 1169 1461 1208 de
1490 1170 1654 1211 servitio
1678 1172 1756 1210 tri-

295 1224 439 1263 clinari
463 1238 533 1263 seu
557 1223 712 1277 epulari
734 1225 916 1264 adhiberi
934 1256 944 1273 ,
973 1240 1094 1279 supra
1122 1227 1204 1264 iam
1229 1224 1325 1264 dixi.

284 1323 287 1325 Α
405 1280 461 1318 D.
491 1294 586 1332 pen.
613 1279 731 1334 [πῃ-9,
758 1279 840 1334 19.]
881 1282 1058 1322 τελοῦσι.
1128 1280 1285 1333 Nempe
1320 1279 1544 1319 sacerdotes
1583 1280 1753 1335 palatini

292 1333 495 1387 Deiparae
524 1334 672 1383 Phari,
708 1337 751 1374 in
792 1338 905 1374 cuius
930 1336 1030 1376 aede
1059 1350 1214 1375 sacram
1249 1335 1456 1386 lanceam,
1493 1350 1573 1389 qua
1603 1336 1753 1376 Christi

293 1388 400 1429 latus
430 1390 656 1443 perfossum
680 1390 932 1441 iactabatur,
964 1391 1273 1442 asservabatur,
1302 1398 1348 1430 ut
1375 1405 1398 1430 e
1427 1405 1468 1443 p.
1495 1390 1586 1431 106.
1619 1391 1672 1431 A.
1706 1391 1749 1432 8.

294 1453 467 1484 constat.
525 1445 674 1485 Sensus
704 1447 829 1499 igitur
858 1446 978 1487 huius
1005 1447 1084 1486 loci
1119 1447 1186 1486 hie
1212 1453 1298 1486 est:
1332 1446 1366 1486 si
1408 1446 1634 1499 Imperator
1660 1455 1754 1487 ante

293 1500 478 1539 Tertiam
505 1507 544 1539 et
566 1501 725 1540 Sextam
749 1501 866 1541 abeat
893 1516 938 1541 ex
970 1503 1067 1542 aede
1091 1501 1402 1552 Blachernensi,
1442 1516 1535 1541 eum
1567 1504 1753 1555 protinus

293 1556 336 1594 in
362 1556 611 1595 vestiarium
627 1585 638 1607 ,
678 1556 757 1596 hoe
792 1565 852 1596 est
877 1558 1206 1612 gazophylacium
1226 1587 1239 1608 ‚
1271 1557 1459 1606 tendere,
1494 1564 1534 1596 et
1562 1558 1657 1597 inde
1683 1573 1751 1598 ex-

291 1612 426 1664 promi
452 1626 589 1650 eoram
612 1626 654 1650 se
679 1626 822 1652 curare
849 1613 1136 1667 supellectilem
1166 1612 1414 1652 triclinarem
1447 1627 1634 1664 auream,
1661 1627 1756 1653 cra-

291 1673 424 1717 teres,
452 1667 581 1716 discos
599 1697 612 1718 ,
644 1670 827 1707 missoria
854 1677 954 1720 etc.‚
978 1683 1081 1722 quae
1102 1670 1321 1722 septimana
1341 1667 1517 1722 paschali
1551 1670 1592 1708 in
1617 1667 1752 1708 solen-

291 1722 414 1762 nibus
443 1722 571 1775 epulis
589 1752 600 1773 ,
625 1724 772 1776 quibus
791 1725 1023 1778 excipienda
1043 1733 1140 1764 tunc
1163 1731 1251 1764 erat
1267 1732 1354 1764 tota
1377 1724 1609 1764 comitativa
1625 1753 1638 1774 ,
1665 1737 1750 1762 ser-

289 1778 380 1816 vire
420 1777 645 1829 deberent3
686 1793 814 1832 eoque
861 1781 1022 1834 negotio
1056 1780 1236 1819 confecto
1281 1779 1394 1818 abire
1437 1779 1489 1818 ad
1531 1780 1750 1831 Deiparam

290 1832 443 1883 Phari,
468 1833 605 1886 ibique
632 1834 770 1874 audita
790 1836 908 1874 tertia
931 1843 971 1875 et
1005 1843 1114 1875 sexta
1130 1866 1141 1887 ,
1164 1849 1317 1875 sacram
1349 1834 1530 1874 lanceam
1560 1834 1744 1874 adorare.

290 1888 335 1926 Si
358 1902 455 1928 vero
487 1890 630 1928 tertiae
658 1897 697 1928 et
730 1898 861 1930 sextae
891 1892 1113 1930 cantandae
1149 1891 1307 1930 intersit
1338 1890 1379 1928 in
1423 1889 1521 1928 aede
1557 1889 1749 1929 Blacher-

289 1945 406 1983 nensi
422 1974 433 1992 ,
455 1951 554 1983 tunc
585 1959 678 1983 eum
704 1944 815 1985 illinc
846 1946 996 1986 directe
1018 1946 1070 1985 ad
1095 1947 1142 1985 B.
1171 1947 1226 1985 V.
1248 1945 1375 1985 Phari
1399 1945 1587 1995 tendere,
1612 1945 1750 1999 ibique

291 1998 460 2038 adorata
481 1999 620 2038 lancea
639 2030 650 2050 ‚
682 2000 724 2039 in
744 2002 944 2041 Vestiario
960 2032 972 2053 ,
1001 2015 1105 2055 quae
1131 2000 1354 2040 ordinanda
1387 2000 1469 2039 sint
1490 2029 1502 2050 ,
1542 2000 1746 2041 ordinare.

400 2054 455 2093 D.
464 2069 556 2108 pen.
570 2054 610 2109 [1
620 2070 686 2109 79,
708 2056 792 2110 [9.]
818 2052 982 2109 λόγχην.
1030 2057 1191 2096 ⁴Mirum
1213 2063 1290 2103 est,
1314 2056 1434 2095 huius
1456 2055 1617 2095 lanceae
1633 2069 1747 2094 men-

288 2109 442 2148 tionem
481 2112 524 2149 in
550 2110 715 2163 epistola
735 2110 866 2150 Alexii
889 2112 995 2165 apud
1019 2113 1088 2150 Du
1109 2113 1243 2164 Gange
1262 2111 1313 2150 ad
1337 2110 1454 2150 Alex.
1474 2125 1525 2164 p.·
1542 2109 1638 2151 536.
1662 2125 1746 2150 non

288 2163 376 2203 fieri
392 2194 403 2215 ,
441 2166 483 2203 in
500 2180 580 2218 qua
599 2165 792 2219 reliquiae
804 2167 1044 2207 Sanctorum
1069 2167 1183 2216 CPli,
1214 2174 1260 2205 ut
1287 2166 1485 2218 ferebant,
1519 2173 1746 2212 asservatae

288 2232 437 2272 magno
457 2235 626 2259 numero
656 2229 927 2274 exponuntur.
987 2225 1136 2276 Magna
1162 2223 1202 2261 in
1233 2222 1338 2261 sama
1362 2230 1448 2261 erat
1478 2235 1578 2261 aevo
1609 2221 1743 2260 medio

290 2273 412 2313 CPlis
451 2275 504 2314 ob
534 2276 810 2315 abundantem
855 2278 1013 2330 copiam
1048 2292 1253 2317 sacrarum
1285 2277 1561 2331 reliquiarum.
1598 2276 1654 2316 V.
1674 2277 1744 2315 Du

289 2328 425 2382 Gange
454 2331 555 2371 CPl.
592 2331 743 2371 Clu-ist.
773 2333 851 2370 III.
878 2347 919 2385 p.
942 2333 981 2382 4.
1053 2332 1288 2387 *[Fulcher.
1326 2334 1562 2372 Carnotens.
1589 2331 1631 2370 in
1658 2331 1740 2370 Ge-

288 2384 358 2421 stis
387 2385 585 2425 Francor.
621 2388 871 2440 peregrinor.
905 2387 1043 2426 laudat
1062 2387 1187 2427 CPlin
1222 2389 1270 2427 ob
1293 2390 1409 2437 auri,
1439 2387 1621 2440 argenti,
1647 2386 1743 2434 pal-

286 2437 432 2483 liorum
476 2451 515 2479 et
541 2444 797 2497 reliquiarum
835 2458 943 2481 usum
967 2459 1007 2496 p.
1033 2442 1177 2497 386.]*
1233 2444 1357 2482 Forte
1389 2457 1434 2481 ex
1462 2456 1524 2491 eo,
1559 2440 1668 2494 quod
1698 2442 1743 2480 in

287 2505 409 2544 supra
453 2506 674 2536 memorata
718 2497 884 2550 epistola
931 2498 1092 2538 lanceae
1125 2500 1275 2538 mentio
1310 2512 1393 2537 non
1414 2497 1478 2547 fit,
1520 2497 1743 2549 impostura

285 2549 410 2598 possit
440 2553 568 2602 argui.
628 2553 843 2591 Contendit
886 2554 1049 2606 quidem
1090 2555 1158 2592 Du
1197 2554 1367 2607 Cangius
1413 2566 1500 2590 eam
1531 2550 1741 2604 epistolam

286 2604 501 2654 genuinam
531 2620 630 2645 esse.
688 2609 843 2646 Verum
873 2616 966 2647 sunt
994 2608 1148 2656 multa,
1191 2623 1295 2661 quae
1332 2609 1508 2660 spuriam
1538 2614 1577 2645 et
1605 2620 1629 2644 a
1658 2607 1738 2645 La-

284 2657 372 2694 tino
399 2658 673 2700 semibarbaro
704 2664 914 2702 confictam
942 2679 1028 2703 esse
1055 2665 1262 2717 produnt3
1293 2669 1332 2700 et
1358 2663 1462 2700 inter
1490 2660 1567 2700 alia
1584 2661 1661 2700 hoc
1689 2661 1741 2701 de

284 2709 424 2750 lancea
455 2713 684 2754 desumtum
715 2726 1023 2770 argumentum,
1073 2733 1196 2771 quam
1239 2731 1322 2756 non
1349 2717 1543 2758 omisisset
1573 2715 1738 2755 Alexius

283 2767 526 2821 nominare,
569 2771 603 2809 si
643 2786 784 2812 revera
812 2772 917 2812 hanc
949 2773 1159 2828 epistolam
1187 2772 1419 2827 scripsisset.
1478 2773 1636 2813 Verum
1664 2785 1740 2812 no-
