1884 3132
182 143 258 186 An
299 143 596 188 consum.
636 143 835 186 Ponrn.
875 144 946 185 DE
991 141 1174 186 cmm.
1214 143 1315 184 Lm.
1356 145 1389 183 1.
1429 123 1541 199 427

104 246 214 286 festis
235 254 305 288 aut
331 247 411 287 alia
440 247 613 301 quadam
651 246 911 291 solennitate,
937 244 1008 284 ubi
1043 243 1182 296 religio
1204 251 1274 284 aut
1299 251 1414 283 vetus
1442 245 1544 284 ritus

101 315 171 340 eos
189 302 344 342 iuberet
365 304 558 342 modestia
587 303 646 340 uti
661 331 673 352 ‚
700 309 739 340 et
764 301 814 340 de
832 300 958 353 gradu
992 314 1066 339 suo
1090 314 1133 339 se
1159 301 1383 339 demittere.
1419 299 1544 339 Cuius

103 357 163 395 rei
186 359 330 410 passim
356 360 482 397 nostri
512 351 659 399 cbdicis
689 363 868 409 prostant
896 355 1096 408 exempla,
1136 363 1176 395 et
1206 354 1326 407 paulo
1357 356 1543 407 superius

102 411 155 455 iad
181 427 224 465 p.
246 411 340 464 240.
358 413 407 452 C.
424 413 466 453 6.
494 427 519 452 a
546 412 662 451 nobis
687 410 808 450 allata
830 411 947 449 fidem
970 411 1134 449 faciunt.
1190 411 1356 449 Veteres
1379 409 1542 462 quidem

104 466 370 520 imperatores
406 467 484 508 illis
517 469 648 520 capita
683 465 1018 506 deosculabantur
1036 495 1047 512 ‚
1092 463 1239 517 quibus
1279 464 1543 504 osculandum

102 535 222 561 suum
250 530 389 575 pectus
406 529 679 576 opponerent,
710 529 756 560 ut
784 535 829 560 ex
841 520 1059 560 Ammiano
1081 518 1319 558 Marcellino
1347 519 1543 570 discitur3

105 577 346 617 recentiores
374 577 427 616 ad
455 577 704 617 insolentiam
734 575 827 615 elati
854 574 956 615 nihil
989 574 1164 624 horum,
1201 576 1297 614 satis
1331 574 1545 614 indulsisse

105 638 306 684 pumma,
330 633 365 672 si
391 646 554 672 manum
581 633 843 685 porrigerent.
871 629 1216 670 LocusAmmiani
1245 637 1304 668 est
1332 630 1539 669 XXV11.:

23 693 28 698 ’
100 700 160 729 1³21:
182 687 243 726 lu‘s
264 686 428 742 qm'dam
452 702 538 727 cum
552 687 722 727 wlmari
731 686 950 750 pectoribus
983 685 1170 739 oppositis
1183 693 1390 739 coeperunt
1402 714 1413 731 ‚
1434 699 1544 724 ost-11-

101 741 227 781 huzda
253 743 386 796 capita
403 743 448 782 in
473 743 632 782 modum
658 750 858 781 taut-onam
882 742 1093 780 mazariam
1125 740 1209 779 obli
1233 748 1367 778 munes
1400 740 1545 779 adeda-

101 796 247 836 ton'bus
278 796 448 850 offerunt
485 812 622 836 manus
661 806 731 836 aut
754 811 880 849 gerum
910 795 1150 836 suavianda.
1229 794 1318 833 nfra
1349 809 1438 847 cap.
1472 795 1542 834 51.

104 849 199 894 libri
228 852 390 891 secundi
417 852 563 892 dicitur
590 852 813 905 praefectus
840 851 933 890 urbi
960 850 1122 905 quando
1150 863 1385 892 ascensurus
1412 856 1472 889 est
1501 850 1543 895 in

102 905 342 947 can-ucham
362 937 374 955 ,
415 909 458 947 in
485 922 566 961 qua
593 921 685 946 cum
714 908 961 960 Imperatore
990 905 1205 959 procedere
1232 905 1273 944 in
1300 904 1445 944 horrea
1471 905 1546 944 de·-

104 959 196 1011 bet,
223 962 260 1001 ei
286 976 417 1016 genua
442 963 613 1003 osculari
633 977 646 1013 3
676 962 802 1002 mulio
829 969 963 1001 autem
977 991 988 1006 ,
1013 968 1228 1014 antequam
1255 961 1386 999 iussus
1410 962 1546 1000 consi-

102 1014 197 1055 deat
232 1017 285 1056 ad
328 1019 506 1072 regimen
547 1031 742 1072 equorum
781 1016 1064 1071 capessendum
1079 1045 1091 1065 ‚
1136 1015 1257 1069 pedes
1287 1016 1544 1069 Imperatoris

104 1070 290 1111 osculari.
346 1072 427 1112 Sed
464 1087 515 1113 an
554 1073 648 1113 solis
684 1072 830 1112 licebat
866 1070 1178 1126 Imperatoribus
1216 1070 1353 1110 oscula
1391 1071 1543 1124 pedum

103 1125 313 1167 admittere
328 1130 348 1166 ?
381 1135 451 1168 aut
476 1129 672 1169 licebatne
697 1127 928 1182 proceribus
957 1127 1041 1181 pati
1060 1126 1231 1166 eundem
1251 1125 1446 1166 honorem
1463 1126 1543 1166 sibi

103 1193 129 1218 a
156 1182 238 1220 suis
276 1182 486 1224 clientibus
520 1184 691 1223 haberi?
745 1183 839 1222 Non
879 1183 1077 1222 succurrit
1112 1180 1339 1235 exemplum
1366 1181 1543 1222 hominis

101 1236 249 1287 privati
265 1266 278 1287 ‚
309 1239 375 1278 cui
402 1246 514 1285 tanta
542 1239 811 1279 demonstrata
840 1238 963 1278 suerit
991 1239 1210 1277 veneratio.
1238 1237 1380 1276 Genua
1406 1244 1544 1278 tamen

103 1296 145 1328 et
170 1305 311 1331 manus
341 1293 591 1347 patriarchae
616 1293 786 1334 osculari
815 1307 902 1332 mos
931 1299 1044 1340 erat,
1074 1291 1195 1345 pedes
1221 1306 1303 1332 non
1331 1293 1443 1331 item.
1483 1292 1544 1332 At

102 1347 305 1396 quomodo
332 1348 589 1388 osculabatur
615 1347 843 1402 patriarcha
861 1348 1172 1401 Imperatorem,
1206 1354 1245 1386 et
1273 1346 1339 1386 hic
1365 1349 1544 1386 vicissim

103 1399 221 1440 illum
247 1403 290 1440 in
319 1403 458 1456 Agape
484 1417 555 1442 seu
581 1404 719 1443 osculo
746 1405 888 1456 pacis?
927 1403 1180 1450 Labratone,
1225 1416 1277 1446 an
1305 1415 1378 1454 per
1401 1416 1544 1454 porre-

104 1460 212 1494 ctam
247 1457 419 1496 vicissim
457 1472 615 1498 crucem
629 1462 649 1498 7
705 1459 823 1497 Certe
864 1457 1087 1497 sacerdotes
1129 1456 1240 1495 laicis
1262 1486 1275 1503 ‚
1321 1457 1468 1508 quibus
1494 1471 1542 1496 os

104 1517 176 1548 aut
211 1510 279 1551 vel
311 1526 453 1551 manus
491 1514 683 1566 praebere
723 1513 1042 1565 dedignabantur
1057 1541 1069 1559 ‚
1108 1525 1269 1549 crucem
1311 1519 1545 1564 argenteam

103 1571 176 1608 aut
186 1565 392 1611 Christum
406 1569 637 1607 crucifixum
664 1570 707 1607 in
733 1567 873 1607 tabula
892 1568 1044 1621 pictum
1071 1565 1327 1619 porrigebant
1354 1565 1541 1605 osculanq

104 1618 219 1660 dum.
271 1621 600 1662 Muhammedani
637 1623 712 1662 sibi
752 1623 923 1662 invicem
958 1628 1213 1660 occurrentes
1247 1620 1415 1659 barbam
1442 1621 1541 1661 deo-

103 1673 325 1715 sculantur.
382 1677 454 1717 Ille
490 1685 622 1718 tamen
664 1681 766 1717 ritus
802 1680 869 1717 vix
909 1677 1070 1717 videtur
1097 1676 1203 1729 apud
1232 1676 1405 1714 Graecos
1433 1676 1544 1715 obti-

31 1741 35 1743 ’
103 1729 237 1770 nuisse
251 1759 265 1780 ,
293 1732 363 1784 qui
391 1731 536 1772 barbas
566 1733 707 1773 radere
735 1733 942 1786 solebant3
970 1733 1154 1787 quamvis
1179 1730 1429 1784 patriarchae
1455 1730 1543 1784 ple-

104 1785 219 1838 rique
245 1799 312 1825 eas
338 1787 504 1826 alerent.

215 1840 270 1879 D.
291 1856 384 1894 pen.
405 1842 517 1896 [414
542 1841 618 1897 17]
646 1841 843 1893 μοδίολον
868 1840 1068 1895 χρυσοῦν.
1128 1839 1331 1879 Modiolus
1351 1847 1444 1889 §erat
1471 1854 1541 1893 ge-

104 1907 183 1933 nus
209 1909 381 1936 coronae
410 1898 623 1950 imperialis
658 1898 825 1936 turritae
863 1899 906 1936 in
952 1909 1109 1935 summo
1137 1895 1287 1934 latioris
1306 1925 1317 1941 ‚
1349 1895 1389 1933 in
1418 1895 1500 1934 imo
1521 1925 1539 1943 ‚

103 1962 188 2002 qua
212 1959 333 2004 mput
356 1953 570 2005 tangebat,
600 1954 838 2007 angustioris
858 1983 871 2003 ,
898 1950 950 1990 ad
977 1952 1103 1992 instar
1127 1950 1271 1989 situlae
1290 1949 1417 2002 (unde
1435 1964 1540 2003 quo-

103 2017 184 2055 que
221 2007 341 2046 situla
369 2008 501 2046 medio
541 2023 641 2048 aevo
677 2008 872 2048 modiolas
910 2007 987 2046 fuit
1011 2006 1145 2052 dicta,
1186 2004 1271 2044 vid.
1309 2005 1377 2043 Du
1404 2005 1544 2058 Gange

105 2056 240 2099 Gloss.
282 2061 373 2101 Lat.
412 2062 458 2101 b.
484 2062 559 2117 v.)
577 2101 580 2103 ,
600 2070 670 2102 aut
700 2064 827 2102 instar
854 2062 958 2101 vasis
982 2061 1129 2114 potorii
1148 2089 1161 2110 ,
1189 2059 1356 2098 modioli
1379 2074 1545 2114 quoque-

106 2113 204 2152 dicti
221 2145 232 2163 ‚
264 2116 372 2169 quod
388 2146 400 2166 ‚
432 2125 594 2158 auctore
620 2119 809 2157 Vitruvio
829 2147 841 2164 ‚
873 2116 982 2170 apud
1019 2116 1199 2155 Goarum
1236 2114 1287 2153 ad
1315 2114 1485 2154 Cedren.
1502 2129 1545 2168 p.

104 2165 202 2217 485.
224 2170 278 2209 Α.
296 2173 446 2221 citato,
474 2171 738 2212 admunmum
762 2173 908 2211 elatum
943 2180 1020 2219 est,
1046 2171 1105 2209 ad
1126 2172 1249 2209 imum
1277 2171 1465 2218 revertit,
1494 2169 1540 2209 id

106 2229 167 2263 est
195 2221 414 2277 ιέναχωρεῖ
427 2256 439 2275 ,
469 2229 674 2280 angustius
701 2228 747 2266 fit
763 2257 775 2275 ‚
802 2227 846 2266 in
871 2233 995 2266 semet
1023 2228 1115 2269 coit.
1144 2223 1349 2264 Modiolus
1378 2237 1541 2278 quoque

104 2280 299 2318 terminus
325 2281 533 2320 fabrorum
571 2281 832 2335 lignariorum
860 2288 919 2320 est
939 2311 950 2329 ‚
991 2280 1096 2318 Sims
1130 2279 1193 2318 vel
1235 2279 1404 2328 Cramz,
1443 2293 1540 2332 pro-

105 2331 298 2374 iecturam
325 2335 388 2375 vel
408 2337 617 2375 moeniana
645 2335 920 2376 columnarum
938 2335 1004 2374 vel
1022 2337 1219 2388 parietum
1247 2341 1391 2374 notans
1406 2363 1419 2383 ‚
1446 2335 1540 2386 qui-

104 2385 182 2426 bus
206 2391 358 2443 imponi
388 2391 540 2444 aliquid
569 2397 711 2443 potest.
768 2392 844 2431 Est
885 2404 1045 2444 quoque
1069 2388 1265 2428 modiolus
1301 2387 1371 2428 illa
1406 2388 1540 2442 lignea

105 2454 216 2494 δερῶ
253 2445 449 2485 columnis
491 2445 717 2499 stylitarum
743 2446 947 2499 quondam
982 2447 1024 2484 in
1054 2457 1210 2482 summo
1237 2443 1537 2493 circumducta,

105 2497 218 2537 velut
243 2515 390 2540 corona
407 2531 418 2549 ‚
461 2515 511 2540 ne
546 2502 588 2539 in
617 2500 813 2539 columnis
840 2500 1067 2539 habitantes
1090 2498 1346 2547 deciderent3
1378 2511 1418 2537 v.
1448 2500 1543 2537 Ma«

108 2551 191 2591 ietli
225 2553 377 2597 dissert.
413 2556 465 2595 de
507 2555 663 2609 stylitis
699 2555 808 2608 apud
851 2555 1148 2593 Assemannum
1183 2553 1223 2592 in
1250 2552 1541 2607 Martyrologio

108 2605 161 2644 T.
197 2607 252 2646 11.
310 2611 358 2649 ln
389 2612 623 2650 universum
653 2611 787 2649 omnia
829 2609 1002 2653 rotunda
1030 2610 1071 2647 in
1110 2611 1192 2646 imo
1222 2611 1465 2661 angustiora,
1494 2609 1537 2647 in

108 2673 264 2705 summo
299 2663 439 2704 latiora
474 2673 515 2705 et
552 2665 745 2720 ampliora
786 2665 939 2711 modios
981 2671 1021 2702 et
1046 2663 1236 2702 uwdioloe
1266 2662 1538 2716 appellabant.

110 2713 175 2754 Sic
209 2718 363 2761 modius
397 2729 481 2760 erat
512 2720 577 2763 ille
617 2717 773 2774 πύργος
809 2719 872 2761 vel
908 2717 1103 2759 turricula
1129 2717 1258 2771 lignea
1273 2748 1283 2766 ‚
1314 2732 1386 2771 per
1412 2732 1535 2772 quam
