1884 3132
259 122 368 179 790
539 121 613 166 10.
657 122 765 165 IAC.
805 121 1001 165 REISKII
1049 122 1432 166 COMMENTARn

257 231 351 263 sunt
379 222 551 274 tor-tilia,
579 217 630 262 toi
661 218 865 274 στρεπτάῖ
906 222 1012 262 Puto
1040 237 1124 263 esse
1152 223 1338 275 siphones
1355 224 1586 276 versatiles,
1619 232 1704 265 tor-

258 278 347 318 tiles
378 280 419 317 in
449 291 571 330 quam
601 279 771 330 quisque
798 285 953 331 partem
978 277 1087 317 velit.
1148 278 1213 318 Ab
1240 279 1302 317 his
1321 280 1558 333 siphonibus
1575 294 1706 320 exem-

259 333 371 388 plum
399 333 627 372 desumtum
660 333 819 372 videtur
846 333 1123 372 inventoribus
1142 334 1385 374 nostratibus
1406 342 1706 388 musquetarum

262 396 301 429 et
333 403 556 437 canonum,
587 389 657 441 qui
685 402 823 427 revera
849 395 942 427 sunt
973 389 1158 441 siphones
1178 390 1386 439 ignivomi.
1445 391 1556 429 Dum
1574 390 1710 430 locum

260 444 370 483 hune
398 451 554 494 tracto,
601 444 773 482 venitin
803 445 1039 482 memoriam
1066 443 1167 482 alter
1194 445 1363 484 Diodori
1403 445 1554 496 Siculi,
1589 460 1710 498 quem

260 499 482 552 intelligere
524 505 617 538 ante
645 498 754 536 hunc
783 499 925 537 Annae
954 498 1089 538 locum
1138 513 1219 538 non
1262 501 1388 552 potui.
1441 499 1516 540 Est
1558 500 1709 540 Biblioe

259 555 399 594 thecae
432 555 581 593 Histor.
609 554 658 592 L.
687 554 804 591 XllI.
837 568 874 592 c.
903 567 972 607 99.
1013 569 1055 606 p.
1092 553 1187 593 622.
1222 555 1288 608 75.
1348 555 1491 594 Narrat
1518 553 1710 594 Callicra-

261 610 372 650 tiden
390 640 400 657 ,
431 609 651 662 Spartanae
680 607 814 648 classis
844 608 1112 661 praefectum,
1156 623 1300 648 navem
1343 625 1454 649 suam
1498 611 1538 648 in
1566 625 1713 650 navem

264 666 472 712 Atticam,
503 679 583 717 qua
610 663 784 702 Pericles
814 665 946 702 iunior
975 665 1218 712 vehebatur,
1250 667 1459 718 impegisse
1485 672 1596 703 tanta
1625 665 1713 704 vio-

267 721 389 760 lentia
408 751 419 768 ‚
448 726 494 758 ut
521 719 697 772 expediri
728 734 848 758 naves
873 734 1008 759 rursus
1029 734 1108 758 non
1134 722 1361 772 potuerint:
1394 718 1440 758 τὸ
1460 721 1710 769 τελευταῖον,

267 771 366 822 dunig
398 773 673 814 Callicratides
701 770 876 824 ὲζιιβολον
898 774 950 827 τῇ
978 774 1053 814 τοῦ
1075 775 1334 826 Περικλέους
1360 769 1519 826 τριήρει
1537 770 1714 825 βιαιότε-

265 843 363 883 ρον,
410 829 483 881 τῆς
524 828 602 879 μὲν
630 826 827 880 τριήρους
866 828 938 869 ἐπί
969 826 1102 868 πολύν
1144 827 1342 881 ἀνέῥρηξε
1370 824 1523 879 τόπον,
1565 827 1638 867 τοῦ
1666 828 1713 869 δὲ

266 881 476 935 στόματος
519 883 851 935 ἑναρμοσθ·έντος
893 883 951 931 εἰς
989 881 1065 936 τὴν
1101 878 1224 922 a'm'o‘a
1265 882 1336 922 καί
1372 880 1430 936 μὴ
1473 882 1715 933 δυναμένων

268 935 410 980 αὖταῖν
438 935 787 990 ἆνακρούσασθαι
820 945 896 977 eto.
951 939 1043 977 Non
1071 946 1164 977 satis
1183 939 1291 977 clare
1306 940 1450 977 Latina
1479 939 1715 991 interpreta-

267 999 324 1034 tio
365 995 464 1034 haee
503 993 635 1033 reddit
670 994 748 1032 hoe
788 993 909 1033 modo
950 1000 1166 1046 concepta:
1210 995 1336 1044 fi'ons
1373 994 1565 1032 adversae
1601 995 1720 1031 navis

267 1051 444 1089 mucroni
457 1049 732 1104 tamfirmiler
758 1048 963 1100 infixerat,
995 1058 1037 1086 ut
1056 1056 1148 1097 etc.;
1176 1046 1223 1087 τὸ
1254 1044 1386 1098 στόμα
1409 1049 1522 1086 navis
1541 1048 1719 1099 Atticae,

215 1103 217 1105 ¹
268 1105 470 1144 cuiinfixa
496 1103 685 1143 haerebat
713 1100 738 1155 ἦ
769 1101 878 1151 α’κίς,
911 1104 1042 1156 cuspis
1070 1117 1190 1142 aenea
1227 1105 1341 1142 navis
1369 1103 1600 1156 Spartanae,
1632 1110 1718 1141 erat

267 1162 392 1200 rictus
421 1160 584 1199 maioris
623 1158 830 1198 cuiusdam
860 1158 1008 1197 bestiae
1040 1157 1156 1197 hians
1178 1188 1188 1207 ,
1219 1158 1260 1197 in
1283 1171 1404 1211 quem
1433 1159 1612 1197 intrusus
1631 1172 1718 1196 ma-

270 1231 349 1270 gna
376 1218 417 1255 vi
449 1228 589 1253 mucro
618 1216 733 1253 navis
766 1214 985 1266 Spartanae
1012 1213 1271 1251 obhaerebat.

379 1270 434 1309 D.
461 1269 615 1323 penult.
649 1268 767 1324 [669,
797 1267 883 1321 18.]
915 1261 1239 1320 αὗτοπρόσωηα.
1298 1267 1498 1306 Videntur
1510 1267 1607 1307 mihi
1629 1268 1721 1307 vul-

270 1333 334 1366 tus
363 1325 567 1379 galearum
596 1338 680 1364 esse
699 1353 712 1373 ,
756 1338 825 1363 seu
853 1322 1024 1362 laminae
1043 1353 1052 1369 ,
1102 1322 1249 1375 quibus
1278 1321 1416 1361 vultus
1450 1324 1688 1362 muniuntur
1705 1354 1719 1371 ‚

273 1383 380 1420 cirea
426 1394 498 1429 os,
541 1394 659 1419 nares
698 1385 737 1417 et
776 1378 914 1418 oeulos
946 1385 1156 1430 pertusae,
1203 1384 1360 1416 caetera
1403 1376 1553 1416 solidae
1597 1385 1636 1417 et
1674 1392 1721 1418 ex

273 1451 355 1475 uno
397 1436 524 1477 frusto
561 1435 659 1474 ferri
698 1440 768 1473 aut
807 1433 1019 1487 chalybis,
1058 1446 1141 1471 non
1171 1434 1427 1485 compositae.
1483 1433 1585 1472 Sunt
1613 1434 1720 1473 enim

279 1491 415 1544 galeae
444 1490 641 1543 quaedam
678 1490 947 1542 compositae,
989 1502 1159 1541 quarum
1189 1502 1314 1541 genae
1349 1494 1388 1526 et
1423 1487 1654 1526 mandibula
1683 1496 1723 1527 et

274 1553 359 1585 tota
391 1560 508 1599 pars,
535 1559 639 1598 quae
667 1559 782 1583 nares
810 1552 850 1583 et
876 1544 1012 1583 oculos
1039 1544 1152 1596 tegit,
1188 1542 1341 1581 revolvi
1365 1543 1406 1580 in
1440 1542 1611 1582 frontem
1652 1550 1724 1582 aut

276 1602 382 1640 infra
410 1608 591 1639 mentum
621 1600 789 1654 deprimi
811 1606 955 1652 potest.
1014 1597 1134 1637 Anna
1154 1598 1358 1636 Conmena
1378 1611 1421 1650 p.
1446 1598 1508 1636 13.
1550 1598 1605 1636 A.
1646 1598 1722 1637 ult.

277 1654 532 1706 θωρακίὸιον
559 1654 631 1707 τῆς
658 1653 844 1709 κόρυθος
874 1650 1009 1707 κύκλῳ
1048 1653 1318 1704 ἐξηρτημένον
1349 1652 1521 1705 appellat
1541 1682 1551 1699 ,
1591 1654 1724 1692 Latini

278 1711 398 1750 medii
427 1712 515 1749 aevi
553 1711 687 1749 nasale
706 1740 717 1759 ‚
755 1710 852 1748 item
878 1710 1032 1757 vistere,
1075 1708 1157 1746 vid.
1186 1709 1253 1748 Du
1283 1707 1414 1760 Gange
1439 1707 1491 1745 ad
1519 1706 1631 1746 illum
1664 1707 1726 1745 lo·-

279 1781 389 1804 eum.
450 1765 533 1804 Has
562 1764 733 1803 mobiles
759 1771 799 1803 et
826 1764 1004 1803 rotatiles
1036 1762 1167 1817 galeas
1195 1761 1262 1801 hie
1289 1777 1371 1801 non
1399 1761 1584 1816 intelligit
1602 1792 1614 1811 ‚
1655 1763 1728 1801 sed

279 1819 522 1860 immobiles.
578 1820 700 1859 Scuta
737 1815 877 1870 ῥαπτά
909 1827 1006 1872 puto
1047 1832 1128 1857 esse
1158 1832 1180 1856 e
1209 1818 1324 1856 coriis
1352 1817 1514 1856 bubulis
1543 1825 1726 1856 consuta.

281 1876 404 1915 Unde
433 1881 568 1913 autem
596 1875 829 1929 Lydiatica‚
863 1889 963 1913 num
991 1888 1015 1912 a
1044 1873 1199 1926 Lydia,
1230 1887 1280 1911 an
1310 1888 1332 1911 a
1363 1872 1504 1927 Lydda
1533 1872 1727 1911 Palaesti-

283 1945 386 1980 nae,
417 1938 457 1970 et
483 1932 597 1968 cuius
626 1930 776 1969 formae
802 1937 873 1968 aut
901 1930 1198 1981 compositionis
1228 1942 1272 1966 ea
1300 1927 1471 1977 fuerint,
1519 1928 1616 1966 mihi
1646 1941 1728 1966 non

284 1985 423 2038 liquet.
473 1984 759 2036 Χειροψέλλια
781 1986 980 2023 sorte-nou
1007 1990 1165 2022 tantum
1192 1997 1351 2035 carpos,
1379 1983 1447 2021 sed
1476 1985 1596 2021 etiam
1623 1985 1734 2035 ipsas

284 2054 426 2079 manus
461 2039 677 2091 tegebant3
723 2047 762 2078 et
800 2039 991 2078 videntur
1017 2039 1154 2077 Latini
1194 2037 1514 2076 chirothecarum
1545 2038 1621 2076 hoe
1659 2052 1730 2090 ge-

285 2110 364 2134 nus
405 2095 623 2148 manipulos
660 2094 890 2147 appellasse.
956 2093 1175 2133 Assessores
1207 2092 1263 2141 (id
1291 2099 1349 2131 est
1377 2095 1593 2141 insessor-es)
1630 2092 1736 2131 dex-

286 2151 502 2188 trariorum
528 2149 716 2187 habebant
742 2151 885 2188 loricas
894 2150 1071 2201 firreaS,
1100 2148 1292 2187 habebant
1316 2156 1352 2186 et
1376 2149 1537 2199 caligas,
1558 2148 1738 2201 ηιαηξοιικ

288 2206 346 2243 los
357 2207 544 2256 serrem,
575 2206 630 2242 ait
658 2204 886 2243 Chronicon
910 2204 1180 2244 Colmariense
1209 2202 1315 2256 apud
1342 2202 1410 2242 Du
1439 2203 1633 2256 Cangium
1663 2202 1728 2246 Gl,

287 2260 381 2298 Lat.
418 2273 461 2297 v.
494 2258 639 2297 Arma.

374 2313 465 2366 587.
495 2313 545 2351 A.
581 2328 614 2351 1.
649 2312 765 2367 [669‚
804 2312 879 2366 19.]
908 2308 1119 2366 κοπάρια.
1176 2312 1294 2351 Conti
1332 2327 1423 2353 cum
1451 2311 1619 2351 terebris
1649 2324 1734 2349 ser-

290 2370 408 2407 viunt
426 2368 672 2421 perforandis
700 2383 744 2407 ex
763 2369 971 2406 commoda
990 2368 1176 2407 distantia
1196 2366 1364 2406 navibus
1382 2368 1572 2406 hostium.
1618 2365 1735 2415 Any-

291 2423 534 2473 χοδρέπανα
564 2437 634 2461 sen
663 2423 800 2461 hastae
830 2423 1021 2473 falcatae,
1065 2421 1235 2461 falcibus
1258 2422 1523 2474 praeferratae
1551 2419 1602 2458 ad
1630 2419 1736 2458 lace-

294 2478 420 2516 randa
459 2477 546 2515 vela
589 2484 629 2516 et
656 2478 768 2516 funes
796 2478 978 2516 velorum
1008 2478 1173 2517 faciunt.
1234 2473 1463 2515 Memv'ma
1500 2473 1735 2526 corruptum

298 2540 354 2570 est
386 2547 407 2570 e
438 2532 584 2570 Latino
611 2533 820 2571 venabula.
862 2527 1075 2584 εΡικτὰριιιι
1102 2539 1160 2571 est
1186 2533 1336 2584 pariter
1364 2537 1597 2582 corruptum
1616 2542 1638 2566 e
1656 2529 1736 2566 La-

297 2588 382 2624 tino
409 2587 647 2635 directae-ia,
686 2586 729 2625 id
767 2594 825 2626 est
867 2586 1019 2639 spicula
1038 2617 1051 2639 ‚
1088 2585 1241 2633 iacula,
1284 2600 1390 2640 quae
1413 2598 1548 2623 versus
1573 2596 1739 2635 scopum

296 2639 560 2686 dir-eccanmr,
609 2642 651 2680 id
688 2648 746 2680 est
787 2642 1015 2695 diriguntur
1033 2672 1044 2688 ‚
1095 2642 1370 2681 collineantur.
1446 2637 1524 2677 Vel
1552 2644 1677 2691 potest
1714 2651 1740 2677 a

301 2688 461 2747 ῥίπτειν
494 2696 651 2748 repeti,
690 2704 728 2736 et
756 2711 781 2734 κ
813 2711 887 2750 pro
915 2712 944 2736 n
973 2697 1146 2752 positum
1175 2696 1341 2740 censeri.
1391 2690 1570 2745 Ῥίχυειν
1601 2692 1741 2735 dicunt
