1884 3132
237 175 311 217 An
353 170 644 216 coNs'rm.
685 168 883 210 Pomm.
927 166 997 206 m:
1038 162 1217 205 cuum.
1259 161 1356 202 Lm.
1394 165 1427 202 1.
1475 140 1585 198 365

162 278 233 319 sed
264 287 470 332 antequam
505 276 705 328 thymelici
731 273 1018 326 ingrediantur,
1050 282 1255 321 exsurgere
1287 281 1349 306 eos
1377 267 1556 306 convenit
1574 297 1585 313 ‚

163 343 278 389 atque
301 333 392 371 inde
427 332 638 371 discedere.
710 330 762 368 Hi
794 326 997 381 thymelici
1048 331 1141 363 sunt
1158 354 1169 370 ‚
1198 337 1299 376 quos
1324 322 1455 361 medio
1490 335 1589 360 aevo

163 389 391 428 ioadatores
419 386 605 427 dicebant
622 414 635 436 ‚
664 392 704 423 et
730 389 916 436 corrupto
950 379 1088 420 Italico
1127 392 1197 418 ore
1227 376 1422 417 vocabulo
1443 377 1589 429 zigola-

163 443 235 482 ἀπ’
245 474 258 494 ,
285 441 392 481 unde
417 449 598 480 nostrum
627 441 837 492 Zigeuner.

271 496 320 536 C.
341 510 433 550 pen.
467 495 584 550 [382‚
612 493 671 548 5.]
702 490 804 532 τοὺλ,
842 487 955 530 τοὺλ.
1020 488 1167 529 Procul
1201 488 1323 527 dubio
1357 486 1587 541 gaudebunt

163 553 370 592 rimatores
397 551 540 591 veteris
567 549 774 603 Scythicae
809 554 878 585 aut
903 545 1096 584 Gothicae
1123 544 1279 597 linguae
1320 541 1373 582 ob
1405 543 1587 595 antiquas

164 621 282 647 voces
305 607 371 646 hic
393 619 439 645 ex
465 605 664 644 oblivione
690 605 732 642 in
774 600 904 641 lucem
936 600 1190 654 prodeuntes.
1247 598 1349 637 Mihi
1382 604 1515 636 autem
1546 599 1589 635 in

163 662 244 702 illis
271 660 528 700 barbarismis
547 661 674 698 otium
705 665 743 698 et
760 658 964 710 ingenium
997 667 1229 694 consumere
1254 666 1397 706 operae
1414 653 1587 704 pretium

163 731 246 756 non
279 716 451 755 videtur.
526 715 665 754 Posset
684 726 766 752 una
806 718 846 750 et
889 710 1013 750 altera
1047 710 1260 762 margarita
1291 708 1384 747 huic
1416 709 1587 760 sterqui-

161 770 260 811 linio
298 772 450 820 inesse,
490 768 560 808 sed
595 783 709 822 saepe
747 780 905 821 quoque
940 765 1248 814 Constantinus,
1295 770 1365 802 aut
1408 763 1586 817 quisquis

161 833 302 866 auctor
323 832 383 864 est
406 824 526 864 huius
555 823 744 863 Glossarii
775 822 986 869 barbarici,
1018 820 1070 858 ab
1101 819 1291 872 imperitis
1312 825 1383 857 aut
1408 817 1590 871 malignis

161 881 348 935 deeeptus
387 879 520 919 finisse.
546 879 664 918 Iuvat
689 877 751 918 Cl.
771 877 922 916 Leich1i
949 876 1138 915 iudicium
1163 873 1310 914 alicubi
1338 874 1380 912 in
1402 873 1487 912 eius
1517 873 1590 913 ad-

161 937 345 976 versariis
372 933 591 988 depositum
622 934 701 973 huc
726 931 966 972 adscribere.
1023 934 1044 953 *¹
1059 930 1364 984 [Constantinus
1383 928 1584 982 Porphyr.

161 991 315 1045 ineptas
342 998 381 1030 et
413 990 640 1031 barbaricas
673 987 983 1028 comminiscitur
1018 985 1275 1039 etymologias
1289 1014 1301 1036 ,
1335 990 1382 1022 ut
1416 984 1588 1023 diadora

160 1045 351 1085 Romanis
381 1051 440 1084 est
459 1046 539 1084 iam
562 1053 659 1091 esne,
689 1043 739 1083 de
761 1043 907 1084 admin.
934 1042 1101 1094 imperio
1131 1053 1171 1093 p.
1229 1053 1268 1078 2.
1296 1039 1366 1077 fin.
1390 1038 1456 1077 ed.
1479 1039 1586 1078 Ban-
1596 1043 1709 1077 Ed.L.
1727 1044 1788 1077 115

160 1099 317 1155 dur.]*
366 1150 369 1151 ⁷
405 1101 451 1138 In
499 1101 728 1139 universum
780 1098 942 1152 quidem
994 1096 1140 1135 iniuria
1252 1094 1453 1133 nstantino
1505 1108 1586 1133 non

160 1155 219 1196 fit.
273 1154 332 1196 At
355 1156 397 1194 in
419 1153 585 1208 allegata
613 1168 750 1194 caussa
782 1161 917 1192 tamen
941 1165 1032 1191 eum
1058 1149 1269 1190 defendere
1283 1150 1424 1192 ausim.
1476 1148 1585 1188 Dia-

160 1210 263 1251 dom
286 1217 394 1250 recte
416 1210 573 1249 videtur
591 1224 662 1263 per
694 1203 848 1261 ἅπάρτι
878 1201 945 1259 ἦν,
980 1206 1029 1245 de
1059 1219 1161 1244 nunc
1188 1213 1298 1253 erat,
1328 1204 1453 1243 reddi.
1479 1203 1585 1243 Nam

161 1266 210 1305 di
234 1266 361 1305 adom
400 1264 581 1304 Italicum
619 1265 780 1304 illorum
809 1270 1036 1315 temporum
1083 1260 1192 1299 aliud
1232 1259 1333 1298 nihil
1371 1258 1580 1312 significat.

160 1321 348 1360 Ceterum
387 1319 579 1373 placuisse
617 1321 691 1359 sibi
729 1318 797 1358 illa
828 1325 1007 1370 tempora
1041 1317 1207 1370 nugacia
1241 1322 1280 1353 et
1317 1314 1585 1367 puerilitatem

160 1374 385 1415 litterarum
409 1377 702 1414 reiuvenescere
726 1373 973 1426 gestientium
1004 1372 1098 1410 satis
1139 1369 1348 1422 prodentia
1371 1371 1412 1407 in
1437 1368 1584 1408 talibus

160 1428 314 1470 lusibus
342 1443 435 1468 cum
467 1431 684 1482 peregrinis
714 1436 753 1467 et
787 1427 974 1480 ignoratis
1001 1425 1202 1473 dialectis,
1233 1430 1386 1463 constat
1417 1438 1508 1463 cum
1537 1438 1583 1463 ex

159 1483 239 1524 hoc
263 1484 400 1524 Nostri
423 1483 511 1522 loco
529 1515 542 1534 ,
568 1491 655 1522 tum
683 1497 728 1521 ex
758 1481 854 1530 illo,
879 1480 986 1533 quod
1013 1482 1054 1518 in
1092 1481 1347 1518 coronatione
1370 1478 1504 1531 Papae
1519 1493 1584 1517 so-

159 1539 260 1579 leret
300 1538 564 1591 Evangelium
610 1537 685 1577 sub
715 1538 837 1575 Missa
862 1550 943 1573 non
981 1535 1109 1573 solum
1148 1534 1298 1572 Graece
1320 1563 1331 1580 ‚
1364 1533 1432 1571 sed
1463 1535 1587 1573 etiam

160 1594 358 1639 Hebraice
381 1594 554 1646 praelegi
595 1593 647 1632 ab
679 1591 907 1630 hominibus
922 1619 933 1640 ‚
970 1590 1039 1642 qui
1067 1588 1262 1627 Hebraice
1279 1594 1318 1626 et
1340 1588 1491 1626 Graece
1518 1602 1587 1627 ae-

158 1664 238 1703 que
263 1649 366 1689 beue
395 1649 591 1687 callebant
608 1679 621 1698 ,
648 1654 767 1700 atque
789 1646 989 1697 Europaei
1014 1658 1086 1682 nos
1102 1644 1287 1682 Tatarice
1307 1649 1378 1680 aut
1403 1642 1586 1694 lapanice

159 1705 362 1744 mllemus.
423 1703 654 1742 Ridiculum
679 1715 804 1754 aeque
824 1713 1005 1738 acroama
1034 1697 1248 1737 monachos
1276 1696 1366 1735 illos
1389 1697 1585 1737 Hebraice

159 1759 427 1814 praelegentes
446 1759 584 1797 audire
601 1788 612 1805 ‚
641 1763 760 1809 atque
781 1755 934 1794 Gothos
957 1762 995 1793 et
1019 1752 1234 1792 Graeculos
1265 1752 1305 1790 in
1340 1751 1418 1790 hoc
1447 1760 1584 1792 nostro

161 1818 288 1868 capite
317 1829 435 1854 suum
463 1809 617 1864 γαύζαι
651 1810 778 1862 βόνας
804 1808 995 1861 βικηὸιας
1032 1816 1107 1847 etc.
1135 1809 1358 1846 recitantes.
1416 1806 1584 1846 Concilii

158 1869 296 1909 Pisani
326 1869 429 1909 Acta
455 1869 505 1907 de
525 1881 630 1906 anno
665 1865 780 1919 1409.
808 1865 988 1903 referunt
1013 1864 1077 1902 die
1108 1877 1144 1916 7.
1166 1861 1275 1910 Iulii,
1300 1874 1382 1913 quo
1412 1861 1584 1900 Alexan-

159 1924 231 1963 der
252 1924 362 1977 Papa
385 1925 460 1962 fuit
480 1929 690 1962 coronatus
705 1950 717 1970 ‚
746 1926 901 1972 praeter
935 1918 1012 1956 alia
1038 1916 1216 1956 solennia
1239 1917 1356 1955 etiam
1392 1915 1492 1955 illud
1518 1917 1584 1954 fu-

157 1981 234 2019 isse
253 1978 304 2017 de
328 1978 490 2032 epistola
510 1986 548 2016 et
566 1976 767 2028 evangelio
795 1976 836 2012 in
859 1973 983 2011 Missa
1016 1973 1179 2020 Graece,
1202 1970 1398 2009 Hebraice
1420 1979 1458 2009 et
1471 1971 1583 2009 Laci-

159 2048 223 2072 ne.
277 2033 374 2072 Vid.
403 2046 504 2085 quae
551 2031 654 2070 infra
677 2030 727 2068 de
756 2043 831 2067 usu
855 2029 1045 2067 sermonis
1069 2026 1203 2065 Latini
1225 2026 1266 2063 in
1296 2025 1406 2062 curia
1428 2026 1582 2078 Byzan-

157 2090 241 2127 tina
257 2116 268 2137 ,
311 2094 351 2126 et
381 2088 521 2126 Graeci
555 2088 597 2125 in
637 2085 756 2124 curiis
806 2091 847 2122 et
894 2081 1065 2122 ecclesiis
1100 2078 1406 2119 occidentalibus
1453 2080 1582 2119 dicam

159 2142 211 2182 ad
269 2170 278 2179 .
337 2143 402 2181 31.
431 2142 485 2180 A.

237 2141 337 2236 {234-
353 2197 407 2234 D.
430 2210 444 2234 1
463 2195 574 2249 [385‚
591 2193 676 2247 12.]
695 2189 867 2238 κλάδους
883 2185 1207 2242 συνομόθρονας.
1239 2190 1331 2228 Duo
1366 2188 1431 2227 hic
1443 2189 1581 2228 obser-

160 2250 307 2291 vanda.
320 2250 477 2297 Unum,
497 2247 675 2294 κλάδους
692 2249 787 2300 poni
808 2261 881 2299 pro
900 2246 1022 2301 filiis:
1045 2245 1152 2297 quod
1178 2246 1210 2283 si
1227 2242 1413 2295 exemplis
1435 2243 1580 2283 vellem

161 2306 450 2354 demonstrare,
464 2304 679 2356 arriperem
694 2302 825 2340 locum
842 2314 1108 2339 communem.
1128 2298 1332 2337 Suffecerit
1342 2305 1580 2338 tantummo-

160 2359 226 2408 do,
245 2355 353 2399 ὥστε
363 2353 698 2412 ἀφοσιώσασθαι,
712 2355 874 2395 Pindari
888 2355 1051 2407 Olymp.
1073 2353 1138 2392 od.
1156 2352 1343 2392 2.vs.81.
1356 2352 1576 2406 Antholog.

162 2413 216 2452 H.
228 2414 362 2466 steph.
374 2429 416 2466 p.
432 2413 473 2452 8.
492 2412 622 2450 Carm.
640 2413 704 2464 59.
727 2417 766 2449 et
782 2410 1024 2448 Artemidori
1043 2423 1132 2460 pag.
1151 2421 1220 2461 9¹·
1235 2410 1369 2446 citare.
1392 2408 1462 2446 ubi
1479 2408 1579 2447 haec

158 2468 282 2511 verba
301 2468 499 2521 leguntur:
519 2462 654 2515 ὥσπερ
679 2465 760 2503 τῶν
777 2463 956 2514 δένδρων
968 2462 1085 2502 τέκνα
1102 2461 1204 2501 εἰσίν
1215 2459 1252 2501 οἱ
1271 2459 1453 2511 βλαστοὶ,
1470 2457 1576 2501 οὕτω

160 2519 333 2562 καὶτῶν
359 2517 521 2574 ἀνδρῶν
556 2520 675 2559 τέκνα
719 2517 822 2557 εἰσίν
863 2515 900 2556 οἱ
937 2515 1120 2567 βλαστοί.
1179 2516 1284 2555 Nihil
1316 2516 1575 2569 frequentius,

161 2589 280 2627 quam
308 2572 436 2627 ἔρνος,
470 2571 622 2624 θάλος,
650 2568 799 2618 κλάδος
816 2602 828 2621 ,
855 2567 1055 2622 βλαστὸς,
1095 2578 1134 2609 et
1162 2571 1304 2609 similia
1337 2572 1389 2609 de
1413 2585 1577 2624 corpore

163 2629 407 2669 adolescente
449 2637 488 2668 et
513 2630 564 2667 ab
607 2629 731 2667 altero
765 2627 968 2679 progenito
994 2626 1138 2664 dicere.
1210 2626 1313 2665 Hinc
1351 2625 1505 2678 elegans
1536 2633 1577 2666 et

163 2690 269 2721 certa
305 2685 563 2723 confirmatur
589 2682 641 2721 cl.
670 2682 820 2721 Leichii
850 2680 1072 2718 emendatio
1101 2681 1140 2718 in
1170 2680 1282 2719 Curis
1320 2681 1501 2719 secundis
1524 2681 1575 2719 ad

162 2737 436 2790 Inscriptiones
466 2738 757 2777 Muratorianas
784 2751 821 2789 p.
844 2735 909 2774 58.
938 2736 1160 2787 proposita,
1191 2734 1261 2773 ubi
1281 2732 1575 2788 πορφυρόβλα-
