1884 3132
206 163 281 206 An
317 162 612 218 consum.
638 162 835 203 Pomm.
871 161 944 203 nn
979 160 1161 204 cmm.
1200 162 1303 210 mn.
1343 162 1396 203 11.
1440 143 1558 216 903

857 273 878 297 τ

236 311 284 355 Β.
303 310 346 353 8.
366 310 482 368 [806,
504 307 587 365 21.]
614 308 833 363 πατρικίου
848 323 890 350 8.
920 309 969 350 Id
987 316 1046 350 est
1070 302 1215 356 οὕτως.
1245 309 1293 349 ln
1322 308 1386 349 his
1406 309 1562 352 desines

128 366 199 406 bat
214 366 371 420 pagina.
423 365 563 404 Palam
583 371 662 414 est,
692 372 827 405 secuta
854 365 952 404 olim
979 364 1098 403 fixisse
1124 364 1340 417 quaedam,
1363 379 1467 418 quae
1492 375 1563 408 aut

130 435 335 474 nunquam
357 434 382 460 a
406 418 570 460 librario
593 427 750 459 exarata
787 420 963 468 filerunt,
983 427 1053 458 aut
1067 419 1173 458 malo
1199 433 1293 458 casu
1308 419 1439 459 ablata
1451 429 1560 472 sunt,

129 482 199 514 aut
227 489 431 528 nunquam
469 473 618 528 illigata
651 474 746 514 huic
781 474 925 513 codici.
982 474 1069 528 Ego
1106 487 1201 513 sane
1230 473 1329 512 dum
1365 474 1561 516 desiderio

128 528 306 582 plurium
329 537 440 568 tento
461 529 644 568 ultimam
677 529 950 568 membranam
967 557 980 579 ,
1008 530 1120 568 cuius
1140 530 1272 568 antica
1288 543 1381 582 pars
1409 531 1560 571 munda

130 590 236 633 erat,
282 585 442 623 invenio
471 584 513 623 in
558 584 735 637 postica,
776 583 907 636 ligneo
937 584 1147 623 involucro
1172 583 1412 637 agglutinata
1430 614 1444 636 ‚
1474 585 1558 625 fra-

127 645 331 691 gmentum
352 638 430 678 hoc
444 667 458 690 ‚
478 638 636 677 initium
660 638 847 692 elegantis
870 638 1050 692 opusculi
1078 645 1119 677 et
1148 639 1282 692 magni
1306 639 1490 689 faciendi,
1524 642 1559 680 si

128 699 260 732 totum
293 700 487 746 exstaret3
516 692 648 746 quod,
681 707 732 732 ne
759 693 856 747 quid
885 693 1005 734 huius
1038 694 1169 748 operis
1202 707 1273 748 per
1301 707 1365 733 me
1393 696 1556 748 periret,

224 761 247 786 e
281 749 416 786 inveni
438 777 451 799 ,
477 747 765 787 subiiciendum
786 749 940 788 curavi.

233 802 288 841 D.
317 815 352 841 1.
370 801 486 857 [807,
511 801 591 856 13.]
615 799 768 855 Ἰωσὴφ
798 801 824 841 0‘
839 795 1039 854 πραιπόσ.
1097 802 1292 853 Quisnam
1315 803 1367 842 sit
1393 801 1461 843 ille
1485 802 1557 843 10-

127 855 225 908 seph
256 859 526 910 praepositus,
562 857 631 910 qui
665 856 730 896 hic
760 864 1121 907 commemoratur,
1153 858 1244 910 quis
1266 864 1325 896 est
1346 859 1415 911 qui
1445 858 1559 898 dixe-

127 912 210 950 rit?
265 912 387 951 Forte
410 918 470 951 est
487 911 630 966 Ioseph
644 911 831 964 Bringas,
849 912 899 951 de
912 925 993 965 quo
1012 911 1095 950 vid.
1118 911 1167 951 L.
1186 913 1219 950 1.
1237 926 1327 965 cap.
1347 912 1418 967 96.
1473 913 1556 953 Sed

126 964 274 1004 debent
304 965 442 1004 eodem
467 972 645 1020 tempore
681 965 762 1005 duo
800 967 974 1006 eunuchi
1003 965 1160 1019 losephi
1185 968 1346 1006 nomine
1388 969 1432 1006 in
1462 967 1556 1007 aula

126 1019 343 1073 Byzantina
372 1020 520 1070 fuisse,
557 1021 608 1059 de
638 1034 719 1073 quo
755 1020 988 1060 videndum.
1021 1021 1062 1059 Si
1104 1035 1198 1060 vera
1236 1028 1294 1060 est
1329 1023 1558 1062 coniectura

125 1087 240 1121 mea,
279 1074 398 1113 debet
435 1074 557 1114 codex
597 1075 663 1114 hic
694 1076 965 1115 ceremonialis
996 1075 1167 1114 multum
1195 1083 1322 1115 aetate
1356 1077 1558 1115 Constan-

123 1129 199 1166 tini
227 1128 599 1183 Porphyrogenneti
637 1131 802 1169 senioris
838 1137 878 1169 et
911 1131 1125 1183 Nicephori
1172 1130 1333 1169 Phocae
1363 1132 1558 1184 posterior

123 1196 220 1222 esse.
274 1183 374 1222 Nam
429 1184 683 1236 reprehendit
730 1184 939 1224 mollitiem
976 1193 1015 1224 et
1059 1186 1265 1238 segnitiem
1315 1187 1396 1224 τῶν
1443 1182 1552 1235 μετὰ

120 1236 250 1276 ταῦτα
287 1237 572 1291 neat-noudum
586 1267 599 1290 ‚
633 1240 947 1293 praepositorum
973 1241 1045 1279 illo
1077 1240 1243 1295 Iosepho
1269 1242 1552 1294 poscet-lorum.
