1884 3132
206 132 282 176 An
321 133 621 177 cousi-mr.
661 133 862 177 ponpa.
891 133 964 176 me
1004 133 1188 178 cmm,
1222 135 1323 178 mn.
1365 135 1400 176 1.
1459 114 1571 191 239

282 226 445 275 'blaesa
471 232 604 275 πολλοὶ
632 234 790 287 γένοιτο
817 232 1029 292 νεοδμήτῳ
1057 234 1129 276 ἐπὶ
1155 232 1324 294 τύμβῳ,

343 286 419 342 Μὴ
450 288 579 342 βάτος
606 287 832 343 αιῖχμηρὴ,
858 289 919 344 μὴ
949 288 1078 332 κακὸν
1106 291 1350 345 αἰγίπυρον·

286 341 400 384 Ἀλλ’
421 341 466 384 ἴα
495 345 568 384 καί
593 342 824 396 σιέμψουχα
855 344 929 384 καί
955 341 1130 399 ὕδατίνη
1157 343 1404 399 νάρκισσος,

349 398 536 450 Ουέίβιε,
566 398 639 440 καί
665 400 762 452 περὶ
789 402 867 439 σοῦ
893 396 1030 439 πάντα
1058 402 1212 453 γείὀιτο
1239 398 1358 455 ῥόδα.

287 454 492 494 Plurimus
512 457 612 494 Ιιιιησ
629 456 816 494 tumulum
824 501 832 511 ⁸
835 455 913 507 flos
938 457 1087 494 ambiat
1100 487 1112 505 ‚
1150 467 1265 512 atque
1277 461 1490 510 ,facessant

342 509 452 548 Hinc
481 511 571 548 rubi
586 512 802 558 horrentes,
827 513 1111 566 aegspynaeque
1137 513 1246 551 mala
1261 542 1273 562 ‚

291 562 352 602 At
370 565 503 602 violae
525 566 597 603 lucc
621 566 780 611 coeunt,
805 575 843 603 et
870 581 1077 605 amm-acus
1101 576 1139 605 et
1157 570 1348 607 narcissus
1362 599 1373 617 ‚

346 618 494 658 Omnia
514 621 619 658 circa
641 629 676 658 te
689 650 699 666 ‚
729 620 775 658 V
770 622 864 668 ibic,
893 631 1003 660 sunto
1031 636 1159 661 rosae.

231 673 287 712 D.
306 689 346 728 7.
367 673 484 728 [vj-o,
513 674 596 728 20.]
645 672 750 714 κατὰ
781 673 1035 727 περίσσειαν.
1088 677 1141 715 In
1180 678 1423 718 abundantia
1448 690 1561 728 sunt,

123 728 165 768 id
194 736 277 775 est,
301 729 523 767 abundant.
582 730 727 768 Amata
752 739 889 770 nostro
913 731 1034 770 dictio
1059 734 1230 771 recurrit
1252 737 1424 788 saepius.
1480 736 1564 775 Alii

121 783 171 846 ἐξ
196 785 398 836 περισσοῦ
418 784 572 823 dicunt.
629 786 849 825 Mauricius
865 788 1034 840 Strateg.
1070 788 1164 826 Xll.
1195 787 1238 828 6.
1264 789 1462 841 σαγίττας
1493 790 1566 830 καί

118 842 222 886 ‘to-§a
249 840 296 877 ἐκ
322 839 537 888 περισσοῦ·

139 938 144 942 ,
229 893 499 947 D.ult.[171‚
522 894 587 949 4.]
619 894 881 945 ψάλλουσιν·
918 893 1001 935 ὗπό
1038 893 1137 950 ἔρην
1167 899 1448 952 συνταφέντες
1480 912 1565 940 σοι.

119 949 179 986 Μ.
198 950 255 987 sic
276 949 549 1002 distinguunt:
589 946 821 1000 ψάλλουσιν
849 947 930 990 ὑπὸ
962 949 1072 1005 ἔρην·
1099 967 1266 1007 συνταφ
1293 977 1345 984 --
1373 956 1561 1006 Quarum

115 1003 386 1056 distinguendi
415 1006 614 1043 rationum
641 1013 731 1044 utra
758 1009 808 1045 sit
833 1007 975 1046 melior
991 1037 1002 1057 ‚
1046 1007 1161 1047 facile
1197 1017 1421 1060 constaret,
1453 1013 1484 1050 si
1507 1012 1560 1051 de

120 1059 406 1111 significatione
443 1067 513 1098 aut
560 1060 759 1114 probitate
796 1064 905 1101 vocis
943 1059 1044 1115 ἔρην
1076 1063 1260 1117 liqueret.
1319 1066 1560 1106 Leichianae

118 1113 443 1166 interpretationi,
462 1116 620 1155 obstare
648 1117 807 1155 videtur
835 1120 944 1156 vocis
980 1114 1055 1171 ἔρη
1084 1133 1158 1172 pro
1182 1129 1288 1158 terra
1312 1135 1407 1160 usus
1428 1126 1560 1161 rarior

114 1175 158 1207 et
182 1175 339 1207 tantum
362 1171 553 1222 poeticus.
608 1172 710 1210 Sunt
730 1173 892 1226 quidem
908 1204 919 1222 ,
939 1173 1091 1224 fateor,
1115 1175 1225 1228 quod
1253 1190 1298 1214 ex
1320 1176 1396 1215 hoc
1419 1185 1558 1217 nostro

113 1223 371 1263 ceremoniali
412 1225 634 1278 colligitur,
679 1228 872 1267 nonnulla
911 1230 1090 1268 Graecae
1126 1229 1232 1283 plebi
1274 1234 1368 1270 trita
1387 1261 1399 1283 ‚
1447 1232 1559 1272 haud

116 1277 213 1317 alibi
242 1293 363 1332 penes
394 1288 576 1320 veterum
610 1283 687 1322 nisi
724 1283 829 1323 solos
856 1286 993 1336 poetas
1018 1285 1154 1324 obvia.
1213 1285 1395 1339 Cogitavi
1420 1295 1556 1327 tamen

115 1332 331 1387 aliquando
347 1364 358 1382 ‚
389 1343 541 1375 essetne
569 1333 667 1389 ἔρην
700 1339 979 1392 compendium
1013 1340 1212 1383 scribendi
1252 1355 1326 1394 pro
1365 1338 1556 1395 ἑσπέρην.

116 1387 194 1426 Cui
219 1391 470 1429 coniecturae
498 1392 704 1431 obmoveri
726 1408 808 1432 non
839 1394 958 1432 debet
979 1394 1056 1433 hoc
1071 1424 1083 1444 ,
1119 1395 1229 1448 quod
1250 1410 1331 1434 non
1355 1392 1553 1449 ἑσπέρην,

113 1442 186 1481 sed
221 1438 402 1493 ἑσπέραν
437 1445 638 1485 debuisset
671 1448 767 1487 dici.
823 1449 979 1487 Eadem
1001 1451 1108 1487 enim
1137 1449 1255 1502 eulpa
1290 1453 1412 1503 possit
1440 1452 1556 1492 alteri

115 1512 277 1551 quoque
298 1497 458 1538 lectioni
482 1501 680 1554 adspergi.
736 1503 815 1541 Sed
844 1511 981 1542 amant
1013 1505 1108 1542 novi
1137 1505 1278 1543 Graeci
1309 1507 1553 1559 Ionismum,

113 1553 157 1591 in
188 1552 263 1591 hac
299 1555 580 1594 terminatione
618 1570 764 1595 vocum
792 1560 834 1596 in
869 1572 925 1611 ρα
968 1559 1224 1611 exeuntium,
1253 1573 1373 1614 quem
1406 1564 1556 1614 passim

113 1607 221 1661 apud
245 1609 422 1648 Nicetam
442 1610 678 1650 Choniatem
703 1620 742 1650 et
765 1611 865 1652 alios
888 1613 1170 1654 animadverti.
1440 1641 1442 1643 >

202 1663 358 1703 101.A.
379 1666 421 1705 5.
446 1664 562 1719 [¹7¹³
582 1666 644 1720 8.]
673 1666 954 1720 ἐλεφαντίνης.
1011 1669 1161 1721 Nempe
1200 1664 1340 1720 θύρας
1379 1671 1445 1711 vel
1480 1668 1554 1711 πύ-

114 1718 200 1770 λης.
255 1719 416 1758 Carceri
447 1721 623 1774 palatino
644 1722 698 1761 ‘id
715 1737 862 1762 nomen
895 1730 995 1762 erat.
1053 1724 1106 1762 V.
1141 1725 1209 1762 Du
1227 1725 1360 1778 Gange
1381 1728 1433 1765 ad
1452 1726 1552 1767 Ale-

114 1773 220 1812 xiad.
243 1788 286 1827 p.
305 1775 403 1823 413.
462 1777 548 1815 Nisi
577 1779 710 1830 potius
740 1778 796 1817 ibi
826 1780 981 1818 mansio
1006 1779 1126 1818 suerit
1146 1779 1486 1821 cubiculariorum
1510 1790 1553 1823 et

111 1829 344 1868 vestiarium
374 1831 529 1884 regium
546 1861 557 1881 ‚
586 1833 695 1886 quod
722 1833 866 1887 colligo
881 1849 927 1873 ex
950 1848 1042 1887 pag.
1061 1834 1157 1885 248.
1183 1836 1231 1874 C.
1252 1834 1309 1885 8.ᾖ

223 1884 452 1939 B.6.[171‚
477 1886 561 1941 16.]
580 1884 632 1927 roi
661 1884 863 1939 σύμβολα.
915 1890 1160 1928 Enunciavit
1181 1891 1224 1928 in
1246 1889 1392 1942 plurali
1411 1921 1423 1942 ,
1455 1893 1551 1946 qnia

113 1936 231 1991 plura
255 1939 433 1979 eiusdem
455 1942 649 1982 formulae
665 1972 676 1993 ,
713 1944 883 1998 symboli
914 1945 1006 1984 fidei
1030 1945 1194 1984 Nicaeni
1222 1952 1320 1998 puta
1333 1975 1344 1995 ‚
1368 1948 1548 2001 exempla

112 2000 243 2032 erant.
312 1995 488 2045 Quinam
522 2006 655 2037 autem
694 1998 843 2038 fuerint
873 1995 910 2037 οἱ
948 1999 992 2047 ἐξ
1027 1995 1152 2045 ἔθους
1183 1996 1465 2050 λαμβάνοντες
1491 1999 1549 2042 τὰ

110 2042 318 2097 σύμβολα,
330 2049 414 2100 illi,
443 2054 512 2105 qui
534 2068 556 2092 e
584 2054 709 2093 veteri
730 2055 912 2093 instituto
930 2053 1102 2107 symboli
1123 2054 1159 2092 Ν
1162 2056 1288 2093 icaeni
1307 2057 1547 2110 exemplaria

113 2104 338 2155 acciperent
366 2105 418 2144 ab
447 2108 889 2162 orphanotropheorum
907 2112 1131 2162 inspectore
1158 2110 1234 2149 sibi
1256 2110 1422 2161 tradita,
1445 2113 1546 2154 mihi

108 2169 195 2196 non·
221 2167 375 2200 constat
390 2189 402 2210 ,
426 2175 555 2216 neque
575 2166 739 2203 memini
766 2165 984 2218 quidquam
999 2164 1094 2202 alibi
1119 2164 1168 2203 de
1189 2166 1264 2203 hoc
1282 2179 1393 2204 more
1411 2170 1550 2207 exem?

109 2212 239 2264 plaria
260 2228 381 2254 manu
408 2225 567 2256 exarata
588 2219 862 2272 symbolorum
884 2220 975 2259 fidei
1006 2219 1267 2258 distribuendi
1286 2220 1432 2273 legere.

220 2268 268 2307 C.
285 2269 534 2325 8.[172‚6.]
562 2271 661 2314 ἄνθ’
685 2266 754 2317 ὧν.
812 2275 1028 2329 Propterea
1055 2275 1172 2329 quod.
1231 2275 1277 2312 In
1299 2276 1544 2330 Anthologia

108 2322 259 2362 inedita
283 2324 543 2380 Canu-649„
572 2328 681 2381 quod
701 2331 821 2369 etiam
850 2344 896 2368 ex
926 2331 1099 2368 Grutero
1125 2329 1233 2382 apud
1255 2329 1542 2373 Fleedwodum

106 2375 151 2415 in
169 2376 329 2432 Sylloge
353 2381 660 2433 Inscriptiouum
678 2392 719 2423 et
737 2385 1005 2423 Muratorium
1029 2384 1172 2437 legitur
1184 2400 1196 2424 :

270 2432 385 2473 'An-ff
414 2428 473 2473 ὧν
505 2435 551 2474 δὲ
572 2438 772 2488 χρονίσας
798 2436 1019 2492 ἐφετὴσιον
1048 2438 1124 2477 οὐκ
1151 2438 1338 2479 α’πέδωκε
1364 2447 1442 2480 ete.

270 2486 473 2542 Ἀλγὴσας
501 2491 632 2543 φρεσί
656 2489 787 2531 πολλὰ
815 2515 838 2524 -
867 2516 888 2524 ·

107 2539 171 2579 De
193 2555 305 2581 more
324 2544 465 2583 diebus
493 2545 703 2585 dominicis
735 2555 805 2586 ant
837 2548 944 2586 festis
976 2548 1193 2587 maioribus
1208 2579 1221 2596 ‚
1253 2550 1349 2589 item
1382 2552 1416 2589 si
1447 2551 1537 2603 quis

108 2608 265 2635 sacrum
301 2599 399 2650 quid
423 2613 588 2653 corpore
615 2601 735 2640 ferret
749 2631 760 2651 ‚
795 2617 929 2641 coram
959 2605 1160 2655 superiore
1188 2618 1270 2643 non
1304 2605 1563 2658 procidendi*

110 2650 172 2702 egi
197 2651 249 2689 ad
269 2666 362 2705 pag.
374 2653 463 2705 240.
477 2655 596 2702 C.6.‚
619 2657 687 2695 ubi
705 2656 837 2695 locum
859 2658 967 2696 hunc
988 2660 1163 2710 exposui.
1456 2668 1459 2669 ’

218 2704 264 2744 C.
293 2721 354 2746 ιο.
375 2708 493 2763 [¹72²
521 2710 586 2766 8.]
622 2705 849 2752 ἀνίσταται.
905 2712 1080 2752 Honoris
1108 2714 1352 2768 significandi
1387 2728 1532 2767 causa,
