1884 3132
346 101 458 177 746
538 131 540 135 ·
649 121 723 164 ιο.
757 119 871 164 4ιΑο.
913 123 1108 164 amsxn
1147 122 1523 169 communali

339 223 434 264 Pari
462 221 582 263 modo
612 223 894 279 Imperatoi·eS‚
922 226 1153 280 priusquam
1183 235 1488 281 coronarentur,
1515 244 1598 270 non
1625 237 1783 272 tantum

339 294 431 317 enm
461 279 646 333 palatinis
684 283 764 319 suis
798 282 1029 334 proceribus
1066 283 1368 335 paciscebantur
1420 299 1513 334 seu,
1562 293 1608 325 nt
1660 287 1782 327 vulo

339 335 575 388 loquuntur,
607 336 927 389 capitulationem
959 338 1184 391 erigebant,
1221 346 1266 377 nt
1296 346 1404 392 patet
1423 355 1445 379 e
1467 340 1614 381 Nostro
1633 336 1673 396 p.
1690 357 1719 386 τι,
1745 342 1785 392 5,

338 391 386 429 Β.
427 391 536 438 fine,
581 391 651 430 sed
689 394 808 431 etiam
844 393 1048 431 >debebant
1086 394 1336 447 patriarchae
1386 397 1580 449 scriptum
1623 398 1785 451 propria

339 460 460 485 manu
496 445 723 500 symbolum
762 447 852 486 fidei
892 449 1108 487 Nicaenum
1149 457 1188 488 et
1216 452 1345 488 crucis
1373 452 1486 504 signo
1514 460 1787 492 sacramentoe

339 516 417 553 qne
445 502 642 540 firmatam
685 499 924 556 (ἰσφάλειαν
963 518 1031 543 seu
1076 506 1347 559 sponsionem,
1390 507 1633 557 cantionem,
1674 507 1785 546 exhi-

338 557 434 596 bere
473 557 522 596 de
549 558 799 611 patriarcha,
851 558 960 598 clero
997 566 1036 598 et
1067 559 1242 599 ecelesiis
1270 567 1390 614 atque
1417 565 1528 601 omni
1557 562 1787 606 Christiana

337 613 520 652 doctrina
549 621 588 652 et
616 627 660 652 re
692 616 730 652 in
760 616 934 667 antiquis
962 614 1117 654 iuribus
1145 623 1184 654 et
1208 622 1312 655 statu
1344 618 1503 656 tuendis
1521 647 1532 667 ‚
1561 618 1783 667 servandis,

339 669 591 723 areendaque
619 668 670 707 ab
701 671 747 708 iis
763 670 949 710 omnibns
970 672 1080 710 omni
1107 686 1200 710 cnm
1229 685 1317 721 sua,
1346 679 1433 710 tum
1461 672 1590 711 aliena
1618 674 1780 713 iniuria.

338 724 394 762 Et
422 723 512 762 talis
542 732 627 763 crat
658 719 678 775 ἡ
710 723 950 779 (ἰσφάλεια,
993 741 1112 780 quam
1141 726 1206 766 hic
1236 726 1382 765 dicitur
1411 728 1619 767 Heraclius
1646 729 1784 782 Sergio

339 781 593 832 praestitisse.
653 779 961 834 *[Coronandns
989 783 1172 836 princeps
1200 782 1306 835 apud
1327 784 1500 822 Graecos
1528 783 1686 835 iurabat
1709 798 1784 838 pa-

338 835 535 873 triarchae
573 836 622 875 de
661 836 932 875 conservanda
973 837 1163 890 religione
1191 852 1263 891 per
1293 845 1427 877 saneta
1456 839 1584 878 crucis
1609 838 1716 893 ligna
1743 846 1785 878 et

339 891 378 928 in
408 891 604 942 ambone,
651 899 695 930 ut
730 906 750 930 e
792 892 841 930 P.
878 894 1059 931 Diacono
1089 894 1331 946 Graecisque
1375 894 1635 947 scriptoribus
1666 894 1783 933 docet

339 946 507 984 Fri-her.
538 948 638 986 notis
668 947 717 986 ad
734 947 880 1000 Seript.
900 949 1033 986 Germ.
1063 963 1104 1001 p.
1138 947 1273 1002 184.]*
1328 950 1390 988 De
1418 949 1494 989 bac
1524 946 1781 1004 αὖτογράφῳ

340 995 551 1055 ἀσφαλείᾳ
582 1004 800 1041 recentium
831 1004 1121 1056 Imperatorum
1146 1003 1385 1056 patriarchis
1413 1012 1451 1043 et
1480 1003 1653 1044 ecclesiis
1687 1003 1781 1043 data

339 1070 381 1094 v.
413 1058 478 1094 Du
510 1058 643 1111 Cange
679 1072 719 1096 v.
770 1053 1014 1112 'Eyypaspov
1037 1065 1078 1097 et
1102 1054 1355 1111 Ἰδιόχειρον
1380 1066 1419 1098 et
1450 1055 1777 1112 Οἰκειόγραφον,

338 1119 377 1150 ct:
410 1112 576 1152 Hubert.
633 1112 817 1152 Pontilie.
858 1128 898 1166 p.
932 1114 1029 1154 632.
1066 1128 1152 1167 sqq.
1183 1121 1222 1153 et
1249 1128 1371 1168 supra
1399 1114 1504 1153 dicta
1539 1114 1590 1152 ad
1618 1127 1660 1167 p.
1681 1113 1778 1165 245.

339 1167 384 1205 Β.
415 1182 509 1220 pen.
541 1169 675 1207 Potest
704 1182 862 1222 quoque
881 1170 947 1207 Du
965 1169 1100 1222 Gange
1127 1167 1196 1208 Gl.
1227 1169 1319 1208 Lat.
1350 1183 1391 1208 v.
1417 1169 1644 1220 Emmzitas,
1675 1168 1781 1209 Pm-

336 1224 437 1261 ants-io
452 1253 462 1271 ‚
508 1224 724 1274 Fit-ntitas,
763 1224 947 1263 Custodia
989 1231 1029 1263 et
1067 1225 1274 1263 Mzmimen
1310 1225 1498 1264 conferri.
1569 1224 1635 1264 Sic
1671 1225 1781 1265 enim

337 1278 558 1317 reddebant
586 1279 717 1317 Latini
747 1293 885 1317 vocem
914 1275 1142 1333 α’σφάλεια.
1198 1279 1350 1319 Histor.
1371 1280 1600 1320 Trevirens.
1627 1281 1669 1319 in
1687 1279 1781 1333 Spi-

336 1333 476 1385 essegio
504 1334 756 1373 Dacberiano
794 1349 834 1387 p.
869 1333 990 1385 245.:
1047 1335 1091 1374 ἰη
1121 1335 1429 1374 examinationis
1452 1336 1658 1375 anxietate
1684 1349 1780 1374 con-

335 1390 501 1439 stitutus,
529 1391 784 1445 omnipotenti
809 1387 885 1429 deo
920 1391 970 1429 de
998 1389 1180 1430 admissis
1204 1392 1486 1444 poenitentiam
1506 1421 1517 1439 ‚
1553 1390 1780 1443 dmsutwis·

335 1445 551 1483 ennodium
585 1444 857 1499 [cautionem‚
889 1441 1151 1499 ἀσφάλειαν,
1181 1442 1410 1498 προσοχὴν,
1439 1444 1507 1500 ἐφ’
1537 1436 1569 1499 ᾧ
1607 1441 1666 1499 μῆ
1695 1459 1778 1484 πα-

336 1498 578 1555 ραῑιύῑτειν]
615 1502 807 1555 pollicens
851 1502 969 1540 corde
1008 1502 1171 1540 contrito
1206 1502 1458 1556 supplicavit.
1524 1501 1649 1540 Venit
1675 1499 1776 1540 mihi

337 1555 413 1593 hoe
443 1555 530 1594 loco
559 1570 634 1595 vox
663 1556 989 1596 Graecobarbara
1021 1553 1212 1608 ἁμανάτη
1241 1557 1495 1609 exponenda,
1531 1570 1634 1610 quae
1660 1570 1778 1609 pror-

337 1625 404 1649 sus
437 1611 543 1649 idem
584 1619 703 1665 atque
732 1609 940 1666 ἀσφάλεια
959 1642 970 1663 ‚
1014 1613 1220 1660 securitas',
1243 1612 1451 1666 firmium,
1485 1612 1746 1667 privilegium
1761 1640 1775 1662 ‚

336 1668 389 1704 im
397 1668 587 1718 munitas,
637 1670 763 1706 mulio
802 1668 852 1706 de
892 1681 970 1706 non
1006 1667 1139 1706 dando
1179 1666 1328 1706 damno
1355 1674 1428 1706 etc·
1469 1674 1596 1706 notat.
1627 1667 1680 1706 V.
1706 1667 1774 1705 Du

337 1722 533 1774 Cangium
565 1737 602 1763 v.
629 1719 858 1776 Ἁμανάτη,
888 1722 958 1762 ubi
986 1723 1109 1762 Mart.
1141 1722 1304 1761 Crusius
1332 1722 1455 1761 verba
1482 1719 1589 1774 ὑπὲρ
1619 1713 1680 1761 ὧν
1706 1719 1780 1760 καί

338 1772 533 1829 ιῖμαινοέτη
562 1773 801 1829 εὑρίσκεται
829 1785 939 1817 recte
968 1779 1091 1817 vertit
1115 1779 1373 1832 promissione
1395 1778 1515 1821 fi'rma
1534 1777 1776 1831 interposita.

336 1831 408 1871 Est
437 1847 512 1871 vox
544 1832 714 1872 Arabica
745 1836 844 1878 &suot
862 1863 873 1884 ,
891 1835 1024 1882 tutela,
1045 1833 1096 1872 ab
1112 1836 1199 1890 ὡς,
1230 1840 1326 1889 772&7
1347 1842 1446 1872 tutas
1461 1843 1498 1872 et
1513 1833 1774 1885 seeccrzwfia't.

447 1900 494 1938 B.
528 1899 566 1938 5.
603 1899 720 1955 [637‚
752 1899 837 1954 14]
869 1895 968 1950 περὶ
1002 1899 1079 1938 τοῦ
1107 1898 1187 1938 τιίἰ
1215 1893 1352 1953 τρόπῳ
1393 1906 1472 1940 etc.
1529 1898 1659 1952 Caput
1695 1898 1776 1937 hoe

337 1961 469 1993 totum
497 1954 634 1994 libello
663 1970 738 1994 suo
775 1956 826 1994 de
866 1954 1067 2008 diptychis
1122 1954 1229 1992 edito
1272 1955 1430 2007 Lipsiae
1471 1954 1523 1993 Α.
1560 1953 1672 2008 1743.
1709 1954 1776 1991 in-

336 2011 462 2048 texuit
498 2025 540 2062 p.
567 2011 641 2049 XI.
681 2027 767 2064 sqq.
800 2010 850 2050 cl.
870 2011 1057 2049 Leichius
1072 2011 1227 2048 Graece
1247 2024 1339 2048 cum
1357 2025 1428 2049 sua
1446 2008 1776 2062 interpretatione

338 2074 380 2103 et
407 2067 619 2119 magnifico
641 2066 772 2120 elogio
789 2096 800 2117 ,
829 2066 946 2120 plane
971 2065 1011 2104 id
1040 2065 1228 2103 eximium
1258 2079 1356 2114 esse,
1385 2080 1474 2104 rem
1492 2064 1775 2118 diptychorum

338 2121 494 2174 egregie
523 2122 725 2160 illustrare
765 2132 806 2161 et
847 2121 973 2160 multa
1011 2120 1202 2160 hactenus
1245 2121 1381 2173 ignota
1416 2120 1627 2173 attingere.
1685 2119 1774 2172 Ego

338 2190 437 2215 vero
464 2185 549 2216 toto
577 2177 656 2217 hoc
686 2177 791 2216 libro
818 2191 899 2215 non
927 2176 1063 2216 inveni
1091 2175 1226 2214 locum
1243 2175 1358 2229 nugis
1387 2182 1426 2215 et
1453 2175 1660 2214 incondito
1689 2187 1775 2212 ser-

337 2246 459 2271 mone
488 2233 710 2272 foediorem
729 2263 741 2283 ,
775 2234 814 2270 in
843 2247 922 2285 quo
948 2230 1246 2285 interpretando
1270 2230 1536 2270 laborandum
1557 2229 1655 2269 mihi
1683 2228 1774 2279 fuit,

338 2295 384 2326 ut
414 2289 676 2327 coniectando
705 2301 940 2341 assequerer
967 2288 1164 2327 sermonis
1190 2299 1272 2324 non
1299 2287 1546 2326 cohaerentis
1571 2292 1611 2324 et.
1638 2285 1773 2335 singu-

339 2342 388 2382 lis
413 2358 540 2396 paene
567 2344 699 2382 verbis
729 2344 768 2382 in
796 2345 1095 2396 grammaticam
1123 2342 1379 2395 impingentis
1406 2355 1590 2390 sensum,
1626 2345 1695 2378 aut
1732 2338 1774 2377 id

338 2399 370 2437 si
400 2401 633 2452 nequirem,
663 2398 795 2439 saltim
825 2399 962 2438 darem
994 2399 1214 2436 humanum
1246 2397 1578 2451 qualemcunque.
1637 2393 1772 2432 Pueri-

339 2454 389 2493 lis
431 2455 561 2493 dicam
602 2466 652 2493 an
699 2453 813 2493 anilis
850 2454 1060 2507 garrulitas
1094 2453 1292 2492 inscitiam
1331 2453 1464 2505 prodit
1499 2453 1773 2489 Romanarum

340 2511 622 2563 antiquitatum
641 2541 651 2558 ‚
683 2525 804 2563 quam
834 2510 937 2548 ferre
966 2523 1093 2562 aequo
1121 2510 1255 2547 animo
1290 2522 1370 2547 non
1403 2506 1529 2547 valeo.
1560 2505 1775 2542 Commen-

340 2572 426 2602 turn
456 2566 641 2604 monachi
670 2567 804 2603 Latini
833 2573 891 2604 est
922 2566 961 2604 in
982 2566 1177 2603 Graecum
1205 2577 1424 2602 sermonem
1455 2559 1698 2599 transfusum
1722 2559 1774 2597 ab

339 2618 527 2670 homine,
556 2623 623 2673 qui
654 2635 778 2673 aeque
808 2621 908 2660 bene
937 2622 1077 2659 Latine
1107 2627 1226 2672 atque
1256 2619 1404 2656 Graece
1438 2614 1606 2678 calle-bat
1634 2621 1673 2652 et
1715 2627 1772 2652 re·-

341 2688 430 2712 rum
460 2679 642 2714 omnium
671 2684 850 2715 veterum
878 2689 1153 2727 novarumque
1185 2681 1269 2713 erat
1297 2673 1647 2725 ignorantlssimus.

451 2729 494 2768 C.
525 2731 564 2779 4.
596 2730 710 2784 [658‚
739 2730 792 2784 1.]
831 2729 1128 2785 ἐνταφιασμοῦ.
1185 2725 1370 2767 Graeculi
1395 2726 1490 2765 novi
1519 2725 1654 2764 omnia
1682 2738 1770 2776 my-
