<?xml version="1.0" encoding="UTF-8"?>
<!DOCTYPE html PUBLIC "-//W3C//DTD XHTML 1.0 Transitional//EN"
    "http://www.w3.org/TR/xhtml1/DTD/xhtml1-transitional.dtd">
<html xmlns="http://www.w3.org/1999/xhtml" xml:lang="en" lang="en">
 <head>
  <title>
</title>
<meta http-equiv="Content-Type" content="text/html;charset=utf-8" />
  <meta name='ocr-system' content='tesseract 3.04.00' />
  <meta name='ocr-capabilities' content='ocr_page ocr_carea ocr_par ocr_line ocrx_word'/>
</head>
<body>
  <div class='ocr_page' id='page_1' title='image "./corpusscriptorum08niebuoft/corpusscriptorum08niebuoft_0096.png"; bbox 0 0 1832 3126; ppageno 0'>
   <div class='ocr_carea' id='block_1_1' title="bbox 237 133 1419 194">
    <p class='ocr_par' dir='ltr' id='par_1_1' title="bbox 237 133 1419 194">
     <span class='ocr_line' id='line_1_1' title="bbox 237 133 1419 194; baseline 0.003 -5"><span class='ocrx_word' id='word_1_1' title='bbox 237 133 312 190; x_wconf 85' lang='grc'>88</span> <span class='ocrx_word' id='word_1_2' title='bbox 508 151 582 194; x_wconf 83' lang='lat'>10.</span> <span class='ocrx_word' id='word_1_3' title='bbox 625 150 731 192; x_wconf 69' lang='lat' dir='ltr'>mc,</span> <span class='ocrx_word' id='word_1_4' title='bbox 776 151 972 191; x_wconf 72' lang='lat' dir='ltr'>Rsslsmi</span> <span class='ocrx_word' id='word_1_5' title='bbox 1042 149 1419 193; x_wconf 75' lang='lat' dir='ltr'>COMMENTARH</span> 
     </span>
    </p>
   </div>
   <div class='ocr_carea' id='block_1_2' title="bbox 243 249 1723 2456">
    <p class='ocr_par' dir='ltr' id='par_1_2' title="bbox 243 249 1699 359">
     <span class='ocr_line' id='line_1_2' title="bbox 352 249 1699 303; baseline 0.001 -11"><span class='ocrx_word' id='word_1_6' title='bbox 352 253 552 292; x_wconf 80' lang='lat' dir='ltr'>Divinitas</span> <span class='ocrx_word' id='word_1_7' title='bbox 584 266 656 290; x_wconf 91' lang='lat' dir='ltr'>vos</span> <span class='ocrx_word' id='word_1_8' title='bbox 687 258 896 291; x_wconf 87' lang='lat' dir='ltr'>conservet</span> <span class='ocrx_word' id='word_1_9' title='bbox 928 264 999 303; x_wconf 87' lang='lat' dir='ltr'>per</span> <span class='ocrx_word' id='word_1_10' title='bbox 1034 249 1182 290; x_wconf 90' lang='lat' dir='ltr'>multos</span> <span class='ocrx_word' id='word_1_11' title='bbox 1211 266 1353 303; x_wconf 88' lang='lat' dir='ltr'>annos,</span> <span class='ocrx_word' id='word_1_12' title='bbox 1389 252 1625 293; x_wconf 82' lang='lat' dir='ltr'>sanctissimi</span> <span class='ocrx_word' id='word_1_13' title='bbox 1657 259 1699 293; x_wconf 85' lang='lat' dir='ltr'>et</span> 
     </span>
     <span class='ocr_line' id='line_1_3' title="bbox 243 306 1182 359; baseline -0.003 -11"><span class='ocrx_word' id='word_1_14' title='bbox 243 308 471 348; x_wconf 83' lang='lat' dir='ltr'>beatissimi</span> <span class='ocrx_word' id='word_1_15' title='bbox 506 314 637 359; x_wconf 86' lang='lat' dir='ltr'>patres</span> <span class='ocrx_word' id='word_1_16' title='bbox 656 336 668 357; x_wconf 80' lang='lat'>‚</span> <span class='ocrx_word' id='word_1_17' title='bbox 697 307 850 345; x_wconf 84' lang='lat' dir='ltr'><strong>Donat.</strong></span> <span class='ocrx_word' id='word_1_18' title='bbox 883 306 1021 344; x_wconf 89' lang='lat' dir='ltr'>Const.</span> <span class='ocrx_word' id='word_1_19' title='bbox 1052 320 1093 359; x_wconf 87' lang='lat' dir='ltr'>p.</span> <span class='ocrx_word' id='word_1_20' title='bbox 1116 321 1182 346; x_wconf 86' lang='lat'>20.</span> 
     </span>
    </p>

    <p class='ocr_par' dir='ltr' id='par_1_3' title="bbox 244 360 1718 512">
     <span class='ocr_line' id='line_1_4' title="bbox 360 360 1718 415; baseline -0.002 -14"><span class='ocrx_word' id='word_1_21' title='bbox 360 362 642 401; x_wconf 88' lang='lat' dir='ltr'>Acclamatum</span> <span class='ocrx_word' id='word_1_22' title='bbox 674 362 715 400; x_wconf 92' lang='lat' dir='ltr'>in</span> <span class='ocrx_word' id='word_1_23' title='bbox 743 362 905 415; x_wconf 76' lang='lat' dir='ltr'>synodis</span> <span class='ocrx_word' id='word_1_24' title='bbox 929 362 1078 411; x_wconf 77' lang='lat' dir='ltr'>sacris,</span> <span class='ocrx_word' id='word_1_25' title='bbox 1111 362 1244 415; x_wconf 90' lang='lat' dir='ltr'><strong>Impp.</strong></span> <span class='ocrx_word' id='word_1_26' title='bbox 1274 360 1369 402; x_wconf 87' lang='lat' dir='ltr'>filiis</span> <span class='ocrx_word' id='word_1_27' title='bbox 1387 369 1428 402; x_wconf 86' lang='lat' dir='ltr'>et</span> <span class='ocrx_word' id='word_1_28' title='bbox 1444 362 1718 415; x_wconf 73' lang='lat' dir='ltr'>patriarchisz.</span> 
     </span>
     <span class='ocr_line' id='line_1_5' title="bbox 244 412 1702 471; baseline -0.001 -14"><span class='ocrx_word' id='word_1_29' title='bbox 244 414 378 458; x_wconf 79' lang='grc' dir='ltr'><em>πολλοὶ</em></span> <span class='ocrx_word' id='word_1_30' title='bbox 406 413 457 456; x_wconf 71' lang='grc' dir='ltr'>τά</span> <span class='ocrx_word' id='word_1_31' title='bbox 501 412 590 470; x_wconf 80' lang='grc' dir='ltr'><strong>ἔτη.</strong></span> <span class='ocrx_word' id='word_1_32' title='bbox 649 418 714 457; x_wconf 93' lang='lat' dir='ltr'>Sic</span> <span class='ocrx_word' id='word_1_33' title='bbox 741 418 782 456; x_wconf 91' lang='lat' dir='ltr'>in</span> <span class='ocrx_word' id='word_1_34' title='bbox 811 416 1127 470; x_wconf 89' lang='lat' dir='ltr'>Pseudosynodo</span> <span class='ocrx_word' id='word_1_35' title='bbox 1163 417 1302 457; x_wconf 91' lang='lat' dir='ltr'>Photii</span> <span class='ocrx_word' id='word_1_36' title='bbox 1334 432 1376 471; x_wconf 94' lang='lat' dir='ltr'>p.</span> <span class='ocrx_word' id='word_1_37' title='bbox 1409 417 1504 457; x_wconf 82' lang='lat'><strong>226.</strong></span> <span class='ocrx_word' id='word_1_38' title='bbox 1537 418 1590 457; x_wconf 88' lang='lat' dir='ltr'>T.</span> <span class='ocrx_word' id='word_1_39' title='bbox 1622 418 1702 457; x_wconf 91' lang='lat' dir='ltr'><strong>V1.</strong></span> 
     </span>
     <span class='ocr_line' id='line_1_6' title="bbox 254 473 1709 512; baseline -0.002 0"><span class='ocrx_word' id='word_1_40' title='bbox 254 473 475 512; x_wconf 85' lang='lat' dir='ltr'>IIarduini.</span> <span class='ocrx_word' id='word_1_41' title='bbox 1706 506 1709 509; x_wconf 89' lang='lat'><strong>.</strong></span> 
     </span>
    </p>

    <p class='ocr_par' dir='ltr' id='par_1_4' title="bbox 249 521 1709 638">
     <span class='ocr_line' id='line_1_7' title="bbox 362 521 1709 582; baseline 0 -16"><span class='ocrx_word' id='word_1_42' title='bbox 362 527 468 566; x_wconf 86' lang='lat' dir='ltr'>lbid.</span> <span class='ocrx_word' id='word_1_43' title='bbox 498 542 540 581; x_wconf 88' lang='lat' dir='ltr'>p.</span> <span class='ocrx_word' id='word_1_44' title='bbox 565 527 684 566; x_wconf 84' lang='lat'><strong>231.:</strong></span> <span class='ocrx_word' id='word_1_45' title='bbox 718 525 958 575; x_wconf 77' lang='grc' dir='ltr'><em>Βασίλειος,</em></span> <span class='ocrx_word' id='word_1_46' title='bbox 992 526 1120 567; x_wconf 80' lang='grc' dir='ltr'><em>Λέων</em></span> <span class='ocrx_word' id='word_1_47' title='bbox 1147 523 1220 566; x_wconf 78' lang='grc' dir='ltr'><em>καί</em></span> <span class='ocrx_word' id='word_1_48' title='bbox 1239 521 1516 582; x_wconf 77' lang='grc' dir='ltr'><em>Ἀλέξανδρος</em></span> <span class='ocrx_word' id='word_1_49' title='bbox 1543 522 1709 580; x_wconf 74' lang='grc' dir='ltr'><em>νικηταὶ</em></span> 
     </span>
     <span class='ocr_line' id='line_1_8' title="bbox 249 574 1319 638; baseline -0.001 -14"><span class='ocrx_word' id='word_1_50' title='bbox 249 581 529 638; x_wconf 77' lang='grc' dir='ltr'><em>τροπαιοῦχοι</em></span> <span class='ocrx_word' id='word_1_51' title='bbox 556 583 743 633; x_wconf 83' lang='grc' dir='ltr'><em>βασιλεῖς</em></span> <span class='ocrx_word' id='word_1_52' title='bbox 771 582 844 621; x_wconf 83' lang='grc' dir='ltr'><em>καί</em></span> <span class='ocrx_word' id='word_1_53' title='bbox 871 579 1032 622; x_wconf 79' lang='grc' dir='ltr'><em>αἰώνιοι</em></span> <span class='ocrx_word' id='word_1_54' title='bbox 1062 574 1319 634; x_wconf 70' lang='grc' dir='ltr'><strong>Αὕγουστοι.</strong></span> 
     </span>
    </p>

    <p class='ocr_par' dir='ltr' id='par_1_5' title="bbox 364 632 1286 692">
     <span class='ocr_line' id='line_1_9' title="bbox 364 632 1286 692; baseline 0 -15"><span class='ocrx_word' id='word_1_55' title='bbox 364 638 461 683; x_wconf 82' lang='grc' dir='ltr'><strong><em>Τοῖς</em></strong></span> <span class='ocrx_word' id='word_1_56' title='bbox 487 632 813 690; x_wconf 75' lang='grc' dir='ltr'><em>θεοπροβλήτοις</em></span> <span class='ocrx_word' id='word_1_57' title='bbox 842 636 1078 687; x_wconf 81' lang='grc' dir='ltr'><em>βασιλεῦσι.</em></span> <span class='ocrx_word' id='word_1_58' title='bbox 1115 652 1157 691; x_wconf 90' lang='lat' dir='ltr'>p.</span> <span class='ocrx_word' id='word_1_59' title='bbox 1190 637 1286 692; x_wconf 79' lang='lat'><strong>259.</strong></span> 
     </span>
    </p>

    <p class='ocr_par' dir='ltr' id='par_1_6' title="bbox 359 691 1123 746">
     <span class='ocr_line' id='line_1_10' title="bbox 359 691 1123 746; baseline 0 -15"><span class='ocrx_word' id='word_1_60' title='bbox 359 691 476 732; x_wconf 88' lang='lat' dir='ltr'>Aliae</span> <span class='ocrx_word' id='word_1_61' title='bbox 510 692 719 745; x_wconf 65' lang='grc' dir='ltr'>εὐφημίαι</span> <span class='ocrx_word' id='word_1_62' title='bbox 750 693 845 731; x_wconf 83' lang='lat'><strong>213.</strong></span> <span class='ocrx_word' id='word_1_63' title='bbox 881 693 923 732; x_wconf 91' lang='lat' dir='ltr'><strong>d.</strong></span> <span class='ocrx_word' id='word_1_64' title='bbox 953 691 1048 746; x_wconf 85' lang='lat'><strong>275.</strong></span> <span class='ocrx_word' id='word_1_65' title='bbox 1081 692 1123 731; x_wconf 91' lang='lat' dir='ltr'><strong>d.</strong></span> 
     </span>
    </p>

    <p class='ocr_par' dir='ltr' id='par_1_7' title="bbox 257 745 1708 856">
     <span class='ocr_line' id='line_1_11' title="bbox 359 745 1708 801; baseline 0 -15"><span class='ocrx_word' id='word_1_66' title='bbox 359 748 500 800; x_wconf 83' lang='lat' dir='ltr'>Legati</span> <span class='ocrx_word' id='word_1_67' title='bbox 541 747 688 787; x_wconf 89' lang='lat' dir='ltr'>veteris</span> <span class='ocrx_word' id='word_1_68' title='bbox 730 748 883 786; x_wconf 88' lang='lat' dir='ltr'>Romae</span> <span class='ocrx_word' id='word_1_69' title='bbox 923 747 1145 787; x_wconf 89' lang='lat' dir='ltr'>acclamant</span> <span class='ocrx_word' id='word_1_70' title='bbox 1185 748 1288 801; x_wconf 88' lang='lat' dir='ltr'><strong>Imp.</strong></span> <span class='ocrx_word' id='word_1_71' title='bbox 1333 754 1373 786; x_wconf 88' lang='lat' dir='ltr'>et</span> <span class='ocrx_word' id='word_1_72' title='bbox 1412 745 1601 787; x_wconf 88' lang='lat' dir='ltr'>Pontifici</span> <span class='ocrx_word' id='word_1_73' title='bbox 1632 758 1708 786; x_wconf 87' lang='lat' dir='ltr'>suo</span> 
     </span>
     <span class='ocr_line' id='line_1_12' title="bbox 257 802 630 856; baseline -0.005 -13"><span class='ocrx_word' id='word_1_74' title='bbox 257 802 434 843; x_wconf 59' lang='lat' dir='ltr'>&#39;ohanni</span> <span class='ocrx_word' id='word_1_75' title='bbox 462 818 505 856; x_wconf 87' lang='lat' dir='ltr'>p.</span> <span class='ocrx_word' id='word_1_76' title='bbox 534 803 630 856; x_wconf 83' lang='lat'><strong>278.</strong></span> 
     </span>
    </p>

    <p class='ocr_par' dir='ltr' id='par_1_8' title="bbox 252 855 1709 1079">
     <span class='ocr_line' id='line_1_13' title="bbox 364 855 1708 912; baseline -0.001 -16"><span class='ocrx_word' id='word_1_77' title='bbox 364 859 427 897; x_wconf 91' lang='lat' dir='ltr'>De</span> <span class='ocrx_word' id='word_1_78' title='bbox 458 856 769 897; x_wconf 86' lang='lat' dir='ltr'><strong>allocutionibus</strong></span> <span class='ocrx_word' id='word_1_79' title='bbox 811 858 943 912; x_wconf 90' lang='lat' dir='ltr'><strong>Impp.</strong></span> <span class='ocrx_word' id='word_1_80' title='bbox 981 857 1111 912; x_wconf 86' lang='lat' dir='ltr'>deque</span> <span class='ocrx_word' id='word_1_81' title='bbox 1145 855 1498 897; x_wconf 79' lang='lat' dir='ltr'>acclamationibus</span> <span class='ocrx_word' id='word_1_82' title='bbox 1535 856 1628 910; x_wconf 89' lang='lat' dir='ltr'>ipsis</span> <span class='ocrx_word' id='word_1_83' title='bbox 1665 856 1708 894; x_wconf 90' lang='lat' dir='ltr'>in</span> 
     </span>
     <span class='ocr_line' id='line_1_14' title="bbox 252 911 1708 967; baseline -0.003 -12"><span class='ocrx_word' id='word_1_84' title='bbox 252 914 414 955; x_wconf 84' lang='lat' dir='ltr'>theatro</span> <span class='ocrx_word' id='word_1_85' title='bbox 449 912 566 953; x_wconf 87' lang='lat' dir='ltr'>factis</span> <span class='ocrx_word' id='word_1_86' title='bbox 585 942 596 963; x_wconf 90' lang='lat'>‚</span> <span class='ocrx_word' id='word_1_87' title='bbox 644 915 807 967; x_wconf 82' lang='lat' dir='ltr'>rituque</span> <span class='ocrx_word' id='word_1_88' title='bbox 848 914 920 953; x_wconf 90' lang='lat' dir='ltr'>illo</span> <span class='ocrx_word' id='word_1_89' title='bbox 963 914 1014 953; x_wconf 91' lang='lat' dir='ltr'>ad</span> <span class='ocrx_word' id='word_1_90' title='bbox 1049 914 1291 954; x_wconf 82' lang='lat' dir='ltr'>Theodorici</span> <span class='ocrx_word' id='word_1_91' title='bbox 1334 911 1563 952; x_wconf 84' lang='lat' dir='ltr'>Gothorum</span> <span class='ocrx_word' id='word_1_92' title='bbox 1603 912 1708 964; x_wconf 85' lang='lat' dir='ltr'>regis</span> 
     </span>
     <span class='ocr_line' id='line_1_15' title="bbox 253 966 1709 1022; baseline -0.001 -14"><span class='ocrx_word' id='word_1_93' title='bbox 253 967 438 1022; x_wconf 78' lang='lat' dir='ltr'>tempora&#39;</span> <span class='ocrx_word' id='word_1_94' title='bbox 471 969 643 1007; x_wconf 84' lang='lat' dir='ltr'><strong>durante</strong></span> <span class='ocrx_word' id='word_1_95' title='bbox 681 969 979 1008; x_wconf 82' lang='lat' dir='ltr'>dissertationes</span> <span class='ocrx_word' id='word_1_96' title='bbox 1020 970 1062 1008; x_wconf 87' lang='lat' dir='ltr'>in</span> <span class='ocrx_word' id='word_1_97' title='bbox 1101 970 1303 1008; x_wconf 80' lang='lat' dir='ltr'>academia</span> <span class='ocrx_word' id='word_1_98' title='bbox 1334 968 1443 1022; x_wconf 85' lang='lat' dir='ltr'>regia</span> <span class='ocrx_word' id='word_1_99' title='bbox 1477 966 1709 1021; x_wconf 84' lang='lat' dir='ltr'>Inscriptio-</span> 
     </span>
     <span class='ocr_line' id='line_1_16' title="bbox 255 1023 1571 1079; baseline -0.002 -15"><span class='ocrx_word' id='word_1_100' title='bbox 255 1038 355 1064; x_wconf 89' lang='lat' dir='ltr'>num</span> <span class='ocrx_word' id='word_1_101' title='bbox 391 1023 531 1063; x_wconf 87' lang='lat' dir='ltr'>lectae.</span> <span class='ocrx_word' id='word_1_102' title='bbox 589 1025 800 1063; x_wconf 85' lang='lat' dir='ltr'>Memoires</span> <span class='ocrx_word' id='word_1_103' title='bbox 834 1024 883 1063; x_wconf 89' lang='lat' dir='ltr'>de</span> <span class='ocrx_word' id='word_1_104' title='bbox 911 1025 1099 1064; x_wconf 84' lang='lat' dir='ltr'>Trevoux</span> <span class='ocrx_word' id='word_1_105' title='bbox 1132 1025 1186 1064; x_wconf 88' lang='lat' dir='ltr'>A.</span> <span class='ocrx_word' id='word_1_106' title='bbox 1229 1024 1346 1079; x_wconf 84' lang='lat'><strong>1705.</strong></span> <span class='ocrx_word' id='word_1_107' title='bbox 1376 1037 1418 1076; x_wconf 88' lang='lat' dir='ltr'>p.</span> <span class='ocrx_word' id='word_1_108' title='bbox 1453 1023 1571 1062; x_wconf 81' lang='lat'><strong>¹230.</strong></span> 
     </span>
    </p>

    <p class='ocr_par' dir='ltr' id='par_1_9' title="bbox 256 1072 1713 1244">
     <span class='ocr_line' id='line_1_17' title="bbox 367 1072 1700 1133; baseline -0.001 -15"><span class='ocrx_word' id='word_1_109' title='bbox 367 1079 554 1118; x_wconf 83' lang='grc' dir='ltr'><em>Βασιλεῖ</em></span> <span class='ocrx_word' id='word_1_110' title='bbox 583 1074 662 1117; x_wconf 78' lang='grc' dir='ltr'>ὑπὸ</span> <span class='ocrx_word' id='word_1_111' title='bbox 702 1080 775 1132; x_wconf 74' lang='grc' dir='ltr'>τῆς</span> <span class='ocrx_word' id='word_1_112' title='bbox 814 1072 976 1118; x_wconf 72' lang='grc' dir='ltr'><em>ἄνωθεν</em></span> <span class='ocrx_word' id='word_1_113' title='bbox 1000 1077 1121 1126; x_wconf 73' lang='grc' dir='ltr'><em>θείας</em></span> <span class='ocrx_word' id='word_1_114' title='bbox 1149 1078 1411 1131; x_wconf 71' lang='grc' dir='ltr'><em>προμηθείας</em></span> <span class='ocrx_word' id='word_1_115' title='bbox 1447 1075 1700 1133; x_wconf 78' lang='grc' dir='ltr'><em>ἐστεμμὲνῳ,</em></span> 
     </span>
     <span class='ocr_line' id='line_1_18' title="bbox 256 1130 1709 1190; baseline -0.002 -16"><span class='ocrx_word' id='word_1_116' title='bbox 256 1130 518 1188; x_wconf 73' lang='grc' dir='ltr'>ὁδηγουμένῳ</span> <span class='ocrx_word' id='word_1_117' title='bbox 547 1133 622 1172; x_wconf 85' lang='grc' dir='ltr'><em>καί</em></span> <span class='ocrx_word' id='word_1_118' title='bbox 647 1132 1016 1190; x_wconf 77' lang='grc' dir='ltr'><em>ὃιακυβερνωμένῳ</em></span> <span class='ocrx_word' id='word_1_119' title='bbox 1036 1130 1214 1188; x_wconf 76' lang='grc' dir='ltr'><em>δεσπότῃ</em></span> <span class='ocrx_word' id='word_1_120' title='bbox 1245 1132 1489 1189; x_wconf 70' lang='grc' dir='ltr'><em>ἅγαθοποιῴ·</em></span> <span class='ocrx_word' id='word_1_121' title='bbox 1503 1163 1517 1183; x_wconf 83' lang='grc'><strong><em>,</em></strong></span> <span class='ocrx_word' id='word_1_122' title='bbox 1546 1131 1709 1186; x_wconf 76' lang='grc' dir='ltr'><em>εἰρηνι-</em></span> 
     </span>
     <span class='ocr_line' id='line_1_19' title="bbox 259 1186 1713 1244; baseline 0.001 -16"><span class='ocrx_word' id='word_1_123' title='bbox 259 1189 319 1244; x_wconf 74' lang='grc' dir='ltr'>κῷ</span> <span class='ocrx_word' id='word_1_124' title='bbox 333 1220 345 1239; x_wconf 83' lang='grc'><strong><em>,</em></strong></span> <span class='ocrx_word' id='word_1_125' title='bbox 375 1187 590 1242; x_wconf 74' lang='grc' dir='ltr'><em>νικοποιῷ,</em></span> <span class='ocrx_word' id='word_1_126' title='bbox 619 1186 908 1244; x_wconf 75' lang='grc' dir='ltr'><em>θεοσυμμάχῳ</em></span> <span class='ocrx_word' id='word_1_127' title='bbox 938 1197 1016 1229; x_wconf 84' lang='lat' dir='ltr'>etc.</span> <span class='ocrx_word' id='word_1_128' title='bbox 1055 1205 1097 1243; x_wconf 89' lang='lat' dir='ltr'>p.</span> <span class='ocrx_word' id='word_1_129' title='bbox 1132 1189 1193 1242; x_wconf 44' lang='lat'>28·</span> <span class='ocrx_word' id='word_1_130' title='bbox 1217 1218 1228 1228; x_wconf 89' lang='lat'>.</span> <span class='ocrx_word' id='word_1_131' title='bbox 1705 1199 1713 1204; x_wconf 84' lang='lat'><em>&#39;</em></span> 
     </span>
    </p>

    <p class='ocr_par' dir='ltr' id='par_1_10' title="bbox 261 1241 1716 1464">
     <span class='ocr_line' id='line_1_20' title="bbox 374 1241 1710 1298; baseline 0 -17"><span class='ocrx_word' id='word_1_132' title='bbox 374 1243 553 1282; x_wconf 87' lang='lat' dir='ltr'>Annales</span> <span class='ocrx_word' id='word_1_133' title='bbox 594 1245 813 1283; x_wconf 87' lang='lat' dir='ltr'>Bertiniani</span> <span class='ocrx_word' id='word_1_134' title='bbox 847 1259 953 1284; x_wconf 89' lang='lat' dir='ltr'>anno</span> <span class='ocrx_word' id='word_1_135' title='bbox 982 1246 1107 1286; x_wconf 81' lang='lat'><strong>812.:</strong></span> <span class='ocrx_word' id='word_1_136' title='bbox 1143 1245 1280 1298; x_wconf 81' lang='lat' dir='ltr'>Legati</span> <span class='ocrx_word' id='word_1_137' title='bbox 1318 1241 1524 1282; x_wconf 87' lang='lat' dir='ltr'>Michaelis</span> <span class='ocrx_word' id='word_1_138' title='bbox 1551 1241 1603 1282; x_wconf 86' lang='lat' dir='ltr'>ad</span> <span class='ocrx_word' id='word_1_139' title='bbox 1633 1241 1710 1293; x_wconf 84' lang='lat' dir='ltr'>Ca-</span> 
     </span>
     <span class='ocr_line' id='line_1_21' title="bbox 261 1297 1716 1354; baseline -0.001 -16"><span class='ocrx_word' id='word_1_140' title='bbox 261 1298 394 1339; x_wconf 87' lang='lat' dir='ltr'>rolum</span> <span class='ocrx_word' id='word_1_141' title='bbox 426 1300 485 1337; x_wconf 91' lang='lat' dir='ltr'>M.</span> <span class='ocrx_word' id='word_1_142' title='bbox 516 1300 627 1338; x_wconf 88' lang='lat' dir='ltr'>missi</span> <span class='ocrx_word' id='word_1_143' title='bbox 661 1299 906 1354; x_wconf 82' lang='lat' dir='ltr'>Aquisgrani</span> <span class='ocrx_word' id='word_1_144' title='bbox 934 1301 1126 1354; x_wconf 88' lang='lat' dir='ltr'>scriptum</span> <span class='ocrx_word' id='word_1_145' title='bbox 1161 1301 1268 1353; x_wconf 90' lang='lat' dir='ltr'>pacti</span> <span class='ocrx_word' id='word_1_146' title='bbox 1302 1298 1354 1338; x_wconf 90' lang='lat' dir='ltr'>ab</span> <span class='ocrx_word' id='word_1_147' title='bbox 1382 1312 1430 1338; x_wconf 90' lang='lat' dir='ltr'>eo</span> <span class='ocrx_word' id='word_1_148' title='bbox 1473 1299 1514 1336; x_wconf 88' lang='lat' dir='ltr'>in</span> <span class='ocrx_word' id='word_1_149' title='bbox 1547 1297 1716 1337; x_wconf 78' lang='lat' dir='ltr'>ecclesia</span> 
     </span>
     <span class='ocr_line' id='line_1_22' title="bbox 263 1353 1713 1411; baseline -0.001 -17"><span class='ocrx_word' id='word_1_150' title='bbox 263 1355 521 1407; x_wconf 83' lang='lat' dir='ltr'>suscipientes</span> <span class='ocrx_word' id='word_1_151' title='bbox 555 1369 668 1393; x_wconf 88' lang='lat' dir='ltr'>more</span> <span class='ocrx_word' id='word_1_152' title='bbox 706 1369 779 1394; x_wconf 93' lang='lat' dir='ltr'>suo</span> <span class='ocrx_word' id='word_1_153' title='bbox 795 1385 806 1406; x_wconf 89' lang='lat'>,</span> <span class='ocrx_word' id='word_1_154' title='bbox 842 1355 882 1394; x_wconf 93' lang='lat' dir='ltr'>id</span> <span class='ocrx_word' id='word_1_155' title='bbox 915 1363 974 1396; x_wconf 90' lang='lat' dir='ltr'>est</span> <span class='ocrx_word' id='word_1_156' title='bbox 1003 1370 1144 1411; x_wconf 81' lang='lat' dir='ltr'>graeca</span> <span class='ocrx_word' id='word_1_157' title='bbox 1167 1355 1320 1410; x_wconf 82' lang='lat' dir='ltr'>lingua,</span> <span class='ocrx_word' id='word_1_158' title='bbox 1356 1353 1494 1393; x_wconf 89' lang='lat' dir='ltr'>laudes</span> <span class='ocrx_word' id='word_1_159' title='bbox 1533 1354 1569 1393; x_wconf 87' lang='lat' dir='ltr'>ei</span> <span class='ocrx_word' id='word_1_160' title='bbox 1602 1353 1713 1404; x_wconf 41' lang='lat' dir='ltr'>dixe&lt;</span> 
     </span>
     <span class='ocr_line' id='line_1_23' title="bbox 269 1408 926 1464; baseline 0 -14"><span class='ocrx_word' id='word_1_161' title='bbox 269 1417 383 1450; x_wconf 86' lang='lat' dir='ltr'>runt.</span> <span class='ocrx_word' id='word_1_162' title='bbox 414 1424 457 1462; x_wconf 88' lang='lat' dir='ltr'>p.</span> <span class='ocrx_word' id='word_1_163' title='bbox 493 1408 588 1464; x_wconf 83' lang='lat'><strong>509.</strong></span> <span class='ocrx_word' id='word_1_164' title='bbox 624 1410 690 1449; x_wconf 89' lang='lat' dir='ltr'>ed.</span> <span class='ocrx_word' id='word_1_165' title='bbox 723 1412 926 1450; x_wconf 78' lang='lat' dir='ltr'>Mul-ator.</span> 
     </span>
    </p>

    <p class='ocr_par' dir='ltr' id='par_1_11' title="bbox 266 1461 1716 1686">
     <span class='ocr_line' id='line_1_24' title="bbox 375 1461 1712 1521; baseline -0.001 -18"><span class='ocrx_word' id='word_1_166' title='bbox 375 1464 533 1504; x_wconf 91' lang='lat' dir='ltr'>Laudes</span> <span class='ocrx_word' id='word_1_167' title='bbox 577 1465 707 1504; x_wconf 86' lang='lat' dir='ltr'>facere</span> <span class='ocrx_word' id='word_1_168' title='bbox 750 1464 991 1519; x_wconf 70' lang='grc' dir='ltr'>(εὐφημεῖν</span> <span class='ocrx_word' id='word_1_169' title='bbox 1009 1466 1046 1521; x_wconf 86' lang='lat'>);</span> <span class='ocrx_word' id='word_1_170' title='bbox 1081 1466 1137 1506; x_wconf 89' lang='lat' dir='ltr'>sic</span> <span class='ocrx_word' id='word_1_171' title='bbox 1175 1471 1317 1505; x_wconf 83' lang='lat' dir='ltr'>auctor</span> <span class='ocrx_word' id='word_1_172' title='bbox 1359 1461 1594 1503; x_wconf 86' lang='lat' dir='ltr'>Innocentio</span> <span class='ocrx_word' id='word_1_173' title='bbox 1631 1462 1712 1502; x_wconf 89' lang='lat'><strong>111.</strong></span> 
     </span>
     <span class='ocr_line' id='line_1_25' title="bbox 266 1517 1712 1574; baseline -0.002 -15"><span class='ocrx_word' id='word_1_174' title='bbox 266 1518 443 1573; x_wconf 86' lang='lat' dir='ltr'>aequalis</span> <span class='ocrx_word' id='word_1_175' title='bbox 478 1519 586 1573; x_wconf 87' lang='lat' dir='ltr'>apud</span> <span class='ocrx_word' id='word_1_176' title='bbox 624 1519 760 1560; x_wconf 86' lang='lat' dir='ltr'>Alcm.</span> <span class='ocrx_word' id='word_1_177' title='bbox 798 1521 848 1560; x_wconf 92' lang='lat' dir='ltr'>de</span> <span class='ocrx_word' id='word_1_178' title='bbox 884 1536 971 1574; x_wconf 83' lang='lat' dir='ltr'><strong>par.</strong></span> <span class='ocrx_word' id='word_1_179' title='bbox 1006 1536 1049 1574; x_wconf 92' lang='lat' dir='ltr'>p.</span> <span class='ocrx_word' id='word_1_180' title='bbox 1088 1535 1152 1560; x_wconf 89' lang='lat'>10.</span> <span class='ocrx_word' id='word_1_181' title='bbox 1184 1528 1263 1560; x_wconf 89' lang='lat' dir='ltr'>etc.</span> <span class='ocrx_word' id='word_1_182' title='bbox 1304 1526 1345 1559; x_wconf 88' lang='lat' dir='ltr'>et</span> <span class='ocrx_word' id='word_1_183' title='bbox 1375 1517 1528 1558; x_wconf 86' lang='lat' dir='ltr'>Annal.</span> <span class='ocrx_word' id='word_1_184' title='bbox 1561 1517 1712 1557; x_wconf 85' lang='lat' dir='ltr'>Frauc.</span> 
     </span>
     <span class='ocr_line' id='line_1_26' title="bbox 268 1573 1715 1630; baseline -0.001 -17"><span class='ocrx_word' id='word_1_185' title='bbox 268 1574 414 1613; x_wconf 89' lang='lat' dir='ltr'>Carolo</span> <span class='ocrx_word' id='word_1_186' title='bbox 433 1576 493 1614; x_wconf 89' lang='lat' dir='ltr'>M.</span> <span class='ocrx_word' id='word_1_187' title='bbox 513 1575 778 1615; x_wconf 85' lang='lat' dir='ltr'>acclamatum</span> <span class='ocrx_word' id='word_1_188' title='bbox 794 1583 874 1616; x_wconf 86' lang='lat' dir='ltr'>est:</span> <span class='ocrx_word' id='word_1_189' title='bbox 900 1576 1044 1617; x_wconf 84' lang='lat' dir='ltr'>Carolo</span> <span class='ocrx_word' id='word_1_190' title='bbox 1062 1577 1238 1630; x_wconf 88' lang='lat' dir='ltr'>piissimo</span> <span class='ocrx_word' id='word_1_191' title='bbox 1258 1574 1442 1629; x_wconf 82' lang='lat' dir='ltr'>Augusto</span> <span class='ocrx_word' id='word_1_192' title='bbox 1459 1588 1483 1613; x_wconf 87' lang='lat' dir='ltr'>a</span> <span class='ocrx_word' id='word_1_193' title='bbox 1500 1573 1589 1612; x_wconf 90' lang='lat' dir='ltr'>Deo</span> <span class='ocrx_word' id='word_1_194' title='bbox 1607 1586 1715 1612; x_wconf 86' lang='lat' dir='ltr'>coro-</span> 
     </span>
     <span class='ocr_line' id='line_1_27' title="bbox 268 1629 1716 1686; baseline -0.001 -17"><span class='ocrx_word' id='word_1_195' title='bbox 268 1638 364 1669; x_wconf 82' lang='lat' dir='ltr'>nato</span> <span class='ocrx_word' id='word_1_196' title='bbox 390 1644 533 1684; x_wconf 80' lang='lat' dir='ltr'>magno</span> <span class='ocrx_word' id='word_1_197' title='bbox 560 1631 723 1683; x_wconf 84' lang='lat' dir='ltr'>pacifico</span> <span class='ocrx_word' id='word_1_198' title='bbox 743 1633 846 1686; x_wconf 89' lang='lat' dir='ltr'><strong>Imp.</strong></span> <span class='ocrx_word' id='word_1_199' title='bbox 875 1633 1154 1672; x_wconf 89' lang='lat' dir='ltr'>Romanorum</span> <span class='ocrx_word' id='word_1_200' title='bbox 1170 1633 1254 1672; x_wconf 87' lang='lat' dir='ltr'>vita</span> <span class='ocrx_word' id='word_1_201' title='bbox 1270 1638 1310 1670; x_wconf 88' lang='lat' dir='ltr'>et</span> <span class='ocrx_word' id='word_1_202' title='bbox 1326 1629 1510 1670; x_wconf 80' lang='lat' dir='ltr'>victoria.</span> <span class='ocrx_word' id='word_1_203' title='bbox 1527 1642 1570 1682; x_wconf 88' lang='lat' dir='ltr'>p.</span> <span class='ocrx_word' id='word_1_204' title='bbox 1589 1629 1660 1668; x_wconf 87' lang='grc'>50.</span> <span class='ocrx_word' id='word_1_205' title='bbox 1708 1642 1716 1648; x_wconf 82' lang='grc'><strong><em>·</em></strong></span> 
     </span>
    </p>

    <p class='ocr_par' dir='ltr' id='par_1_12' title="bbox 269 1683 1716 1906">
     <span class='ocr_line' id='line_1_28' title="bbox 379 1683 1716 1741; baseline -0.002 -17"><span class='ocrx_word' id='word_1_206' title='bbox 379 1686 422 1725; x_wconf 91' lang='lat' dir='ltr'><strong>S.</strong></span> <span class='ocrx_word' id='word_1_207' title='bbox 459 1685 628 1726; x_wconf 83' lang='lat' dir='ltr'>Basilius</span> <span class='ocrx_word' id='word_1_208' title='bbox 667 1687 719 1726; x_wconf 89' lang='lat' dir='ltr'>ad</span> <span class='ocrx_word' id='word_1_209' title='bbox 753 1686 949 1727; x_wconf 84' lang='lat' dir='ltr'>Helenam</span> <span class='ocrx_word' id='word_1_210' title='bbox 987 1688 1313 1741; x_wconf 86' lang='lat' dir='ltr'>Imperatricem:</span> <span class='ocrx_word' id='word_1_211' title='bbox 1371 1683 1580 1734; x_wconf 57' lang='lat' dir='ltr'>Custodiat</span> <span class='ocrx_word' id='word_1_212' title='bbox 1604 1683 1716 1722; x_wconf 86' lang='lat' dir='ltr'>Deus</span> 
     </span>
     <span class='ocr_line' id='line_1_29' title="bbox 269 1737 1715 1796; baseline -0.001 -17"><span class='ocrx_word' id='word_1_213' title='bbox 269 1742 444 1780; x_wconf 83' lang='lat' dir='ltr'>concessi</span> <span class='ocrx_word' id='word_1_214' title='bbox 479 1741 555 1780; x_wconf 87' lang='lat' dir='ltr'>tibi</span> <span class='ocrx_word' id='word_1_215' title='bbox 582 1741 748 1782; x_wconf 89' lang='lat' dir='ltr'>coelitus</span> <span class='ocrx_word' id='word_1_216' title='bbox 772 1744 927 1796; x_wconf 88' lang='lat' dir='ltr'>imperii</span> <span class='ocrx_word' id='word_1_217' title='bbox 958 1743 1085 1782; x_wconf 87' lang='lat' dir='ltr'>robur</span> <span class='ocrx_word' id='word_1_218' title='bbox 1113 1742 1352 1783; x_wconf 88' lang='lat' dir='ltr'>inviolatum</span> <span class='ocrx_word' id='word_1_219' title='bbox 1377 1741 1420 1779; x_wconf 91' lang='lat' dir='ltr'>in</span> <span class='ocrx_word' id='word_1_220' title='bbox 1449 1753 1576 1778; x_wconf 85' lang='lat' dir='ltr'>annos</span> <span class='ocrx_word' id='word_1_221' title='bbox 1608 1737 1715 1778; x_wconf 86' lang='lat' dir='ltr'>mul-</span> 
     </span>
     <span class='ocr_line' id='line_1_30' title="bbox 269 1793 1715 1851; baseline -0.001 -16"><span class='ocrx_word' id='word_1_222' title='bbox 269 1801 331 1835; x_wconf 85' lang='lat' dir='ltr'>tos</span> <span class='ocrx_word' id='word_1_223' title='bbox 347 1826 358 1846; x_wconf 75' lang='lat'>‚</span> <span class='ocrx_word' id='word_1_224' title='bbox 393 1810 439 1834; x_wconf 89' lang='lat' dir='ltr'>ac</span> <span class='ocrx_word' id='word_1_225' title='bbox 474 1796 619 1836; x_wconf 90' lang='lat' dir='ltr'>deinde</span> <span class='ocrx_word' id='word_1_226' title='bbox 652 1797 856 1837; x_wconf 88' lang='lat' dir='ltr'>coelorum</span> <span class='ocrx_word' id='word_1_227' title='bbox 890 1812 1013 1851; x_wconf 80' lang='lat' dir='ltr'>regna</span> <span class='ocrx_word' id='word_1_228' title='bbox 1044 1798 1119 1837; x_wconf 89' lang='lat' dir='ltr'>tihi</span> <span class='ocrx_word' id='word_1_229' title='bbox 1152 1797 1406 1851; x_wconf 86' lang='lat' dir='ltr'>impertiatur</span> <span class='ocrx_word' id='word_1_230' title='bbox 1429 1794 1631 1845; x_wconf 81' lang='lat' dir='ltr'>bonorum</span> <span class='ocrx_word' id='word_1_231' title='bbox 1649 1793 1715 1834; x_wconf 80' lang='lat' dir='ltr'>da-</span> 
     </span>
     <span class='ocr_line' id='line_1_31' title="bbox 270 1850 1434 1906; baseline 0 -17"><span class='ocrx_word' id='word_1_232' title='bbox 270 1857 338 1890; x_wconf 79' lang='lat' dir='ltr'>tox·</span> <span class='ocrx_word' id='word_1_233' title='bbox 362 1859 400 1890; x_wconf 90' lang='lat' dir='ltr'>et</span> <span class='ocrx_word' id='word_1_234' title='bbox 429 1850 608 1906; x_wconf 74' lang='lat' dir='ltr'>largitor.</span> <span class='ocrx_word' id='word_1_235' title='bbox 666 1854 754 1892; x_wconf 88' lang='lat' dir='ltr'>Vit.</span> <span class='ocrx_word' id='word_1_236' title='bbox 782 1854 825 1893; x_wconf 89' lang='lat' dir='ltr'>S.</span> <span class='ocrx_word' id='word_1_237' title='bbox 848 1853 983 1893; x_wconf 85' lang='lat' dir='ltr'>Basilii</span> <span class='ocrx_word' id='word_1_238' title='bbox 1015 1855 1188 1893; x_wconf 78' lang='lat' dir='ltr'>Iunioris</span> <span class='ocrx_word' id='word_1_239' title='bbox 1216 1866 1308 1906; x_wconf 81' lang='lat' dir='ltr'><strong>pag.</strong></span> <span class='ocrx_word' id='word_1_240' title='bbox 1337 1850 1434 1905; x_wconf 78' lang='lat'><strong>673.</strong></span> 
     </span>
    </p>

    <p class='ocr_par' dir='ltr' id='par_1_13' title="bbox 272 1897 1718 2015">
     <span class='ocr_line' id='line_1_32' title="bbox 383 1897 1718 1962; baseline 0.001 -18"><span class='ocrx_word' id='word_1_241' title='bbox 383 1906 502 1945; x_wconf 86' lang='lat' dir='ltr'>Cont.</span> <span class='ocrx_word' id='word_1_242' title='bbox 537 1908 791 1948; x_wconf 80' lang='lat' dir='ltr'>Constantia.</span> <span class='ocrx_word' id='word_1_243' title='bbox 825 1909 866 1947; x_wconf 91' lang='lat' dir='ltr'>in</span> <span class='ocrx_word' id='word_1_244' title='bbox 897 1910 1079 1949; x_wconf 87' lang='lat' dir='ltr'>Romano</span> <span class='ocrx_word' id='word_1_245' title='bbox 1104 1910 1336 1962; x_wconf 88' lang='lat' dir='ltr'>Lecapeno:</span> <span class='ocrx_word' id='word_1_246' title='bbox 1372 1897 1495 1951; x_wconf 75' lang='grc' dir='ltr'><em>οὗτος</em></span> <span class='ocrx_word' id='word_1_247' title='bbox 1522 1898 1555 1946; x_wconf 80' lang='grc' dir='ltr'>ὅ.</span> <span class='ocrx_word' id='word_1_248' title='bbox 1574 1899 1718 1946; x_wconf 45' lang='grc' dir='ltr'><em>Ἰωάνῆ</em></span> 
     </span>
     <span class='ocr_line' id='line_1_33' title="bbox 272 1956 1641 2015; baseline 0 -16"><span class='ocrx_word' id='word_1_249' title='bbox 272 1974 346 2014; x_wconf 79' lang='grc' dir='ltr'>νης</span> <span class='ocrx_word' id='word_1_250' title='bbox 381 1961 442 2007; x_wconf 74' lang='grc' dir='ltr'>εἰς</span> <span class='ocrx_word' id='word_1_251' title='bbox 470 1960 677 2015; x_wconf 79' lang='grc' dir='ltr'><em>λύτρωσιν</em></span> <span class='ocrx_word' id='word_1_252' title='bbox 705 1963 779 2003; x_wconf 81' lang='grc' dir='ltr'><em>καί</em></span> <span class='ocrx_word' id='word_1_253' title='bbox 806 1956 946 2003; x_wconf 72' lang='grc' dir='ltr'><em>ἄνεσιν</em></span> <span class='ocrx_word' id='word_1_254' title='bbox 967 1961 1199 2014; x_wconf 70' lang='grc' dir='ltr'><em>“Ρωμαιων</em></span> <span class='ocrx_word' id='word_1_255' title='bbox 1225 1958 1452 2014; x_wconf 78' lang='grc' dir='ltr'><strong>γενήσεται.</strong></span> <span class='ocrx_word' id='word_1_256' title='bbox 1480 1974 1523 2014; x_wconf 90' lang='lat' dir='ltr'>p.</span> <span class='ocrx_word' id='word_1_257' title='bbox 1543 1958 1641 2011; x_wconf 78' lang='lat'><strong>264.</strong></span> 
     </span>
    </p>

    <p class='ocr_par' dir='ltr' id='par_1_14' title="bbox 275 2017 1723 2456">
     <span class='ocr_line' id='line_1_34' title="bbox 386 2017 1717 2072; baseline 0 -17"><span class='ocrx_word' id='word_1_258' title='bbox 386 2018 570 2071; x_wconf 86' lang='lat' dir='ltr'>Mezcray</span> <span class='ocrx_word' id='word_1_259' title='bbox 605 2019 765 2072; x_wconf 77' lang='lat' dir='ltr'>Abrege&#39;</span> <span class='ocrx_word' id='word_1_260' title='bbox 805 2033 847 2072; x_wconf 89' lang='lat' dir='ltr'>p.</span> <span class='ocrx_word' id='word_1_261' title='bbox 882 2017 977 2059; x_wconf 79' lang='lat'><strong>325.</strong></span> <span class='ocrx_word' id='word_1_262' title='bbox 1034 2019 1093 2057; x_wconf 88' lang='lat' dir='ltr'>Le</span> <span class='ocrx_word' id='word_1_263' title='bbox 1126 2019 1235 2071; x_wconf 90' lang='lat' dir='ltr'>Pape</span> <span class='ocrx_word' id='word_1_264' title='bbox 1275 2017 1448 2055; x_wconf 79' lang='lat' dir='ltr'>Etienne</span> <span class='ocrx_word' id='word_1_265' title='bbox 1482 2021 1634 2054; x_wconf 85' lang='lat' dir='ltr'>venant</span> <span class='ocrx_word' id='word_1_266' title='bbox 1664 2028 1717 2055; x_wconf 84' lang='lat' dir='ltr'>en</span> 
     </span>
     <span class='ocr_line' id='line_1_35' title="bbox 275 2068 1723 2127; baseline 0 -19"><span class='ocrx_word' id='word_1_267' title='bbox 275 2069 431 2111; x_wconf 87' lang='lat' dir='ltr'>France</span> <span class='ocrx_word' id='word_1_268' title='bbox 472 2080 530 2112; x_wconf 87' lang='lat' dir='ltr'>est</span> <span class='ocrx_word' id='word_1_269' title='bbox 565 2074 731 2112; x_wconf 84' lang='lat' dir='ltr'>attendu</span> <span class='ocrx_word' id='word_1_270' title='bbox 767 2071 791 2113; x_wconf 84' lang='lat' dir='ltr'>a</span> <span class='ocrx_word' id='word_1_271' title='bbox 826 2073 1002 2113; x_wconf 89' lang='lat' dir='ltr'>Rheims.</span> <span class='ocrx_word' id='word_1_272' title='bbox 1042 2074 1100 2113; x_wconf 88' lang='lat' dir='ltr'>Le</span> <span class='ocrx_word' id='word_1_273' title='bbox 1134 2074 1224 2127; x_wconf 88' lang='lat' dir='ltr'>Roy</span> <span class='ocrx_word' id='word_1_274' title='bbox 1259 2072 1382 2111; x_wconf 83' lang='lat' dir='ltr'>Louis</span> <span class='ocrx_word' id='word_1_275' title='bbox 1419 2071 1453 2109; x_wconf 95' lang='lat' dir='ltr'>I.</span> <span class='ocrx_word' id='word_1_276' title='bbox 1482 2068 1520 2110; x_wconf 83' lang='lat' dir='ltr'>le</span> <span class='ocrx_word' id='word_1_277' title='bbox 1553 2076 1667 2124; x_wconf 64' lang='lat' dir='ltr'>recut</span> <span class='ocrx_word' id='word_1_278' title='bbox 1697 2070 1723 2109; x_wconf 63' lang='lat' dir='ltr'>a</span> 
     </span>
     <span class='ocr_line' id='line_1_36' title="bbox 276 2123 1718 2181; baseline 0.001 -18"><span class='ocrx_word' id='word_1_279' title='bbox 276 2123 317 2164; x_wconf 81' lang='lat' dir='ltr'>la</span> <span class='ocrx_word' id='word_1_280' title='bbox 351 2126 534 2167; x_wconf 89' lang='lat' dir='ltr'>descente</span> <span class='ocrx_word' id='word_1_281' title='bbox 567 2129 623 2167; x_wconf 93' lang='lat' dir='ltr'>du</span> <span class='ocrx_word' id='word_1_282' title='bbox 651 2128 791 2168; x_wconf 87' lang='lat' dir='ltr'>cheval</span> <span class='ocrx_word' id='word_1_283' title='bbox 807 2158 818 2179; x_wconf 89' lang='lat'>‚</span> <span class='ocrx_word' id='word_1_284' title='bbox 851 2136 891 2168; x_wconf 90' lang='lat' dir='ltr'>et</span> <span class='ocrx_word' id='word_1_285' title='bbox 917 2143 958 2169; x_wconf 88' lang='lat' dir='ltr'>se</span> <span class='ocrx_word' id='word_1_286' title='bbox 988 2136 1195 2181; x_wconf 76' lang='lat' dir='ltr'>prosterna</span> <span class='ocrx_word' id='word_1_287' title='bbox 1223 2128 1373 2167; x_wconf 87' lang='lat' dir='ltr'>devant</span> <span class='ocrx_word' id='word_1_288' title='bbox 1398 2124 1487 2164; x_wconf 49' lang='lat' dir='ltr'>luia</span> <span class='ocrx_word' id='word_1_289' title='bbox 1529 2125 1595 2165; x_wconf 89' lang='lat' dir='ltr'>En</span> <span class='ocrx_word' id='word_1_290' title='bbox 1616 2126 1718 2166; x_wconf 86' lang='lat' dir='ltr'>suite</span> 
     </span>
     <span class='ocr_line' id='line_1_37' title="bbox 276 2179 1719 2238; baseline 0.001 -21"><span class='ocrx_word' id='word_1_291' title='bbox 276 2179 308 2218; x_wconf 87' lang='lat' dir='ltr'>il</span> <span class='ocrx_word' id='word_1_292' title='bbox 331 2180 623 2237; x_wconf 77' lang='lat' dir='ltr'>l&#39;accompagna</span> <span class='ocrx_word' id='word_1_293' title='bbox 651 2184 674 2222; x_wconf 74' lang='lat' dir='ltr'>a</span> <span class='ocrx_word' id='word_1_294' title='bbox 710 2183 857 2237; x_wconf 84' lang='lat' dir='ltr'>l&#39;eglise</span> <span class='ocrx_word' id='word_1_295' title='bbox 885 2184 935 2223; x_wconf 90' lang='lat' dir='ltr'>de</span> <span class='ocrx_word' id='word_1_296' title='bbox 963 2182 1159 2238; x_wconf 87' lang='lat' dir='ltr'>l’Abbaye</span> <span class='ocrx_word' id='word_1_297' title='bbox 1189 2183 1239 2222; x_wconf 92' lang='lat' dir='ltr'>de</span> <span class='ocrx_word' id='word_1_298' title='bbox 1271 2182 1314 2222; x_wconf 92' lang='lat' dir='ltr'>S.</span> <span class='ocrx_word' id='word_1_299' title='bbox 1345 2182 1500 2234; x_wconf 86' lang='lat' dir='ltr'>Remy,</span> <span class='ocrx_word' id='word_1_300' title='bbox 1540 2187 1580 2220; x_wconf 90' lang='lat' dir='ltr'>et</span> <span class='ocrx_word' id='word_1_301' title='bbox 1609 2194 1660 2220; x_wconf 90' lang='lat' dir='ltr'>en</span> <span class='ocrx_word' id='word_1_302' title='bbox 1690 2193 1719 2233; x_wconf 79' lang='lat' dir='ltr'><strong>y</strong></span> 
     </span>
     <span class='ocr_line' id='line_1_38' title="bbox 279 2234 1723 2292; baseline 0.001 -20"><span class='ocrx_word' id='word_1_303' title='bbox 279 2243 440 2275; x_wconf 84' lang='lat' dir='ltr'>entrant</span> <span class='ocrx_word' id='word_1_304' title='bbox 464 2237 494 2276; x_wconf 88' lang='lat' dir='ltr'>il</span> <span class='ocrx_word' id='word_1_305' title='bbox 516 2238 573 2277; x_wconf 88' lang='lat' dir='ltr'>lui</span> <span class='ocrx_word' id='word_1_306' title='bbox 602 2246 713 2292; x_wconf 89' lang='lat' dir='ltr'>preta</span> <span class='ocrx_word' id='word_1_307' title='bbox 741 2239 781 2278; x_wconf 89' lang='lat' dir='ltr'>la</span> <span class='ocrx_word' id='word_1_308' title='bbox 811 2240 921 2278; x_wconf 88' lang='lat' dir='ltr'>main</span> <span class='ocrx_word' id='word_1_309' title='bbox 951 2253 1056 2292; x_wconf 87' lang='lat' dir='ltr'>pour</span> <span class='ocrx_word' id='word_1_310' title='bbox 1102 2239 1141 2280; x_wconf 88' lang='lat' dir='ltr'>le</span> <span class='ocrx_word' id='word_1_311' title='bbox 1171 2238 1366 2278; x_wconf 89' lang='lat' dir='ltr'>soutenir.</span> <span class='ocrx_word' id='word_1_312' title='bbox 1424 2237 1482 2276; x_wconf 92' lang='lat' dir='ltr'>Le</span> <span class='ocrx_word' id='word_1_313' title='bbox 1508 2234 1639 2289; x_wconf 68' lang='lat' dir='ltr'>clerge</span> <span class='ocrx_word' id='word_1_314' title='bbox 1671 2235 1723 2291; x_wconf 85' lang='lat' dir='ltr'>de</span> 
     </span>
     <span class='ocr_line' id='line_1_39' title="bbox 277 2287 1718 2349; baseline 0.001 -21"><span class='ocrx_word' id='word_1_315' title='bbox 277 2287 314 2328; x_wconf 92' lang='lat' dir='ltr'><strong>F</strong></span> <span class='ocrx_word' id='word_1_316' title='bbox 316 2305 435 2331; x_wconf 88' lang='lat' dir='ltr'>rance</span> <span class='ocrx_word' id='word_1_317' title='bbox 462 2293 609 2332; x_wconf 84' lang='lat' dir='ltr'>chanta</span> <span class='ocrx_word' id='word_1_318' title='bbox 640 2293 678 2333; x_wconf 91' lang='lat' dir='ltr'>le</span> <span class='ocrx_word' id='word_1_319' title='bbox 715 2295 771 2333; x_wconf 85' lang='lat' dir='ltr'>Te</span> <span class='ocrx_word' id='word_1_320' title='bbox 789 2294 919 2335; x_wconf 85' lang='lat' dir='ltr'>Deum</span> <span class='ocrx_word' id='word_1_321' title='bbox 946 2302 986 2334; x_wconf 85' lang='lat' dir='ltr'>et</span> <span class='ocrx_word' id='word_1_322' title='bbox 1019 2294 1136 2349; x_wconf 88' lang='lat' dir='ltr'>celuy</span> <span class='ocrx_word' id='word_1_323' title='bbox 1163 2294 1213 2333; x_wconf 91' lang='lat' dir='ltr'>de</span> <span class='ocrx_word' id='word_1_324' title='bbox 1248 2294 1374 2332; x_wconf 85' lang='lat' dir='ltr'>Rome</span> <span class='ocrx_word' id='word_1_325' title='bbox 1410 2289 1465 2344; x_wconf 72' lang='lat' dir='ltr'>fit</span> <span class='ocrx_word' id='word_1_326' title='bbox 1483 2290 1553 2330; x_wconf 88' lang='lat' dir='ltr'>des</span> <span class='ocrx_word' id='word_1_327' title='bbox 1589 2290 1718 2330; x_wconf 76' lang='lat' dir='ltr'>accla-</span> 
     </span>
     <span class='ocr_line' id='line_1_40' title="bbox 280 2343 1721 2403; baseline 0.001 -21"><span class='ocrx_word' id='word_1_328' title='bbox 280 2346 452 2385; x_wconf 81' lang='lat' dir='ltr'>mations</span> <span class='ocrx_word' id='word_1_329' title='bbox 491 2348 560 2387; x_wconf 88' lang='lat' dir='ltr'>des</span> <span class='ocrx_word' id='word_1_330' title='bbox 589 2348 778 2403; x_wconf 86' lang='lat' dir='ltr'>louanges</span> <span class='ocrx_word' id='word_1_331' title='bbox 808 2350 833 2389; x_wconf 67' lang='lat' dir='ltr'>a</span> <span class='ocrx_word' id='word_1_332' title='bbox 860 2348 1124 2402; x_wconf 72' lang='lat' dir='ltr'>FEmpereur.</span> <span class='ocrx_word' id='word_1_333' title='bbox 1182 2350 1241 2388; x_wconf 89' lang='lat' dir='ltr'>Le</span> <span class='ocrx_word' id='word_1_334' title='bbox 1277 2348 1387 2401; x_wconf 84' lang='lat' dir='ltr'>Pape</span> <span class='ocrx_word' id='word_1_335' title='bbox 1413 2353 1453 2385; x_wconf 89' lang='lat' dir='ltr'>et</span> <span class='ocrx_word' id='word_1_336' title='bbox 1481 2343 1541 2384; x_wconf 87' lang='lat' dir='ltr'>lui</span> <span class='ocrx_word' id='word_1_337' title='bbox 1565 2346 1721 2400; x_wconf 85' lang='lat' dir='ltr'>prirent</span> 
     </span>
     <span class='ocr_line' id='line_1_41' title="bbox 283 2401 1112 2456; baseline 0.008 -19"><span class='ocrx_word' id='word_1_338' title='bbox 283 2401 485 2440; x_wconf 84' lang='lat' dir='ltr'>ensemhle</span> <span class='ocrx_word' id='word_1_339' title='bbox 507 2404 562 2441; x_wconf 91' lang='lat' dir='ltr'>du</span> <span class='ocrx_word' id='word_1_340' title='bbox 587 2406 680 2456; x_wconf 88' lang='lat' dir='ltr'>pain</span> <span class='ocrx_word' id='word_1_341' title='bbox 709 2407 755 2444; x_wconf 62' lang='lat' dir='ltr'>et&gt;</span> <span class='ocrx_word' id='word_1_342' title='bbox 782 2405 838 2444; x_wconf 93' lang='lat' dir='ltr'>du</span> <span class='ocrx_word' id='word_1_343' title='bbox 867 2406 940 2444; x_wconf 82' lang='lat' dir='ltr'>vin</span> <span class='ocrx_word' id='word_1_344' title='bbox 966 2405 1112 2444; x_wconf 87' lang='lat' dir='ltr'>benits.</span> 
     </span>
    </p>
   </div>
   <div class='ocr_carea' id='block_1_3' title="bbox 283 2454 1724 2566">
    <p class='ocr_par' dir='ltr' id='par_1_15' title="bbox 283 2454 1724 2566">
     <span class='ocr_line' id='line_1_42' title="bbox 394 2454 1724 2513; baseline 0.002 -20"><span class='ocrx_word' id='word_1_345' title='bbox 394 2456 663 2509; x_wconf 88' lang='lat' dir='ltr'>Nicephorum</span> <span class='ocrx_word' id='word_1_346' title='bbox 689 2459 863 2512; x_wconf 86' lang='lat' dir='ltr'>gaudere</span> <span class='ocrx_word' id='word_1_347' title='bbox 879 2460 987 2513; x_wconf 87' lang='lat' dir='ltr'>pacis</span> <span class='ocrx_word' id='word_1_348' title='bbox 1004 2482 1024 2490; x_wconf 90' lang='lat'>-</span> <span class='ocrx_word' id='word_1_349' title='bbox 1043 2483 1062 2490; x_wconf 94' lang='lat'><em>-</em></span> <span class='ocrx_word' id='word_1_350' title='bbox 1080 2459 1195 2500; x_wconf 91' lang='lat' dir='ltr'>illum</span> <span class='ocrx_word' id='word_1_351' title='bbox 1220 2465 1260 2499; x_wconf 85' lang='lat' dir='ltr'>et</span> <span class='ocrx_word' id='word_1_352' title='bbox 1281 2455 1556 2512; x_wconf 85' lang='lat' dir='ltr'>phosphorum</span> <span class='ocrx_word' id='word_1_353' title='bbox 1575 2454 1724 2496; x_wconf 83' lang='lat' dir='ltr'>clama·</span> 
     </span>
     <span class='ocr_line' id='line_1_43' title="bbox 283 2506 898 2566; baseline 0.011 -19"><span class='ocrx_word' id='word_1_354' title='bbox 283 2506 401 2548; x_wconf 81' lang='lat' dir='ltr'>bant.</span> <span class='ocrx_word' id='word_1_355' title='bbox 457 2511 597 2564; x_wconf 83' lang='lat' dir='ltr'>Legat.</span> <span class='ocrx_word' id='word_1_356' title='bbox 620 2515 779 2566; x_wconf 85' lang='lat' dir='ltr'>Luitpr.</span> <span class='ocrx_word' id='word_1_357' title='bbox 807 2514 898 2565; x_wconf 63' lang='lat'><strong>145.</strong></span> 
     </span>
    </p>
   </div>
   <div class='ocr_carea' id='block_1_4' title="bbox 286 2563 1720 2672">
    <p class='ocr_par' dir='ltr' id='par_1_16' title="bbox 286 2563 1720 2672">
     <span class='ocr_line' id='line_1_44' title="bbox 396 2563 1720 2659; baseline -0.001 -55"><span class='ocrx_word' id='word_1_358' title='bbox 396 2563 675 2659; x_wconf 43' lang='lat' dir='ltr'><strong>Aggamatum</strong></span> <span class='ocrx_word' id='word_1_359' title='bbox 709 2570 928 2624; x_wconf 80' lang='lat' dir='ltr'>Nicephoro</span> <span class='ocrx_word' id='word_1_360' title='bbox 941 2585 954 2610; x_wconf 74' lang='grc' dir='ltr'><em>τ</em></span> <span class='ocrx_word' id='word_1_361' title='bbox 996 2570 1110 2624; x_wconf 87' lang='lat' dir='ltr'>Euge</span> <span class='ocrx_word' id='word_1_362' title='bbox 1134 2569 1244 2611; x_wconf 84' lang='lat' dir='ltr'>venit</span> <span class='ocrx_word' id='word_1_363' title='bbox 1270 2565 1384 2609; x_wconf 86' lang='lat' dir='ltr'>stella</span> <span class='ocrx_word' id='word_1_364' title='bbox 1411 2565 1612 2606; x_wconf 82' lang='lat' dir='ltr'>matutina</span> <span class='ocrx_word' id='word_1_365' title='bbox 1641 2570 1720 2604; x_wconf 86' lang='lat' dir='ltr'>etc.</span> 
     </span>
     <span class='ocr_line' id='line_1_45' title="bbox 286 2629 1608 2672; baseline 0.002 -15"><span class='ocrx_word' id='word_1_366' title='bbox 286 2632 380 2672; x_wconf 85' lang='lat' dir='ltr'><strong>pag.</strong></span> <span class='ocrx_word' id='word_1_367' title='bbox 417 2633 429 2658; x_wconf 85' lang='lat'>1</span> <span class='ocrx_word' id='word_1_368' title='bbox 497 2649 507 2659; x_wconf 90' lang='lat'>.</span> <span class='ocrx_word' id='word_1_369' title='bbox 1603 2629 1608 2632; x_wconf 86' lang='lat'>&#39;</span> 
     </span>
    </p>
   </div>
   <div class='ocr_carea' id='block_1_5' title="bbox 287 2673 1724 2789">
    <p class='ocr_par' dir='ltr' id='par_1_17' title="bbox 287 2673 1724 2789">
     <span class='ocr_line' id='line_1_46' title="bbox 401 2673 1724 2732; baseline 0.002 -20"><span class='ocrx_word' id='word_1_370' title='bbox 401 2673 541 2714; x_wconf 85' lang='lat' dir='ltr'>Clerus</span> <span class='ocrx_word' id='word_1_371' title='bbox 566 2699 585 2706; x_wconf 93' lang='lat'><em>-</em></span> <span class='ocrx_word' id='word_1_372' title='bbox 604 2700 623 2706; x_wconf 88' lang='lat'>—</span> <span class='ocrx_word' id='word_1_373' title='bbox 647 2679 854 2719; x_wconf 86' lang='lat' dir='ltr'>Laudibus</span> <span class='ocrx_word' id='word_1_374' title='bbox 899 2680 941 2719; x_wconf 86' lang='lat' dir='ltr'>hi</span> <span class='ocrx_word' id='word_1_375' title='bbox 987 2679 1184 2732; x_wconf 82' lang='lat' dir='ltr'>plaudunt</span> <span class='ocrx_word' id='word_1_376' title='bbox 1202 2709 1213 2728; x_wconf 92' lang='lat'>‚</span> <span class='ocrx_word' id='word_1_377' title='bbox 1266 2677 1489 2732; x_wconf 87' lang='lat' dir='ltr'>persultant</span> <span class='ocrx_word' id='word_1_378' title='bbox 1538 2674 1724 2729; x_wconf 82' lang='lat' dir='ltr'>pluribus</span> 
     </span>
     <span class='ocr_line' id='line_1_47' title="bbox 287 2726 1722 2789; baseline 0.001 -22"><span class='ocrx_word' id='word_1_379' title='bbox 287 2726 362 2768; x_wconf 85' lang='lat' dir='ltr'>illi.</span> <span class='ocrx_word' id='word_1_380' title='bbox 418 2729 470 2769; x_wconf 78' lang='lat' dir='ltr'>Et</span> <span class='ocrx_word' id='word_1_381' title='bbox 516 2744 725 2773; x_wconf 84' lang='lat' dir='ltr'>commune</span> <span class='ocrx_word' id='word_1_382' title='bbox 765 2736 884 2775; x_wconf 87' lang='lat' dir='ltr'>decus</span> <span class='ocrx_word' id='word_1_383' title='bbox 929 2735 1045 2789; x_wconf 78' lang='lat' dir='ltr'>parili</span> <span class='ocrx_word' id='word_1_384' title='bbox 1089 2735 1232 2788; x_wconf 86' lang='lat' dir='ltr'>pietate</span> <span class='ocrx_word' id='word_1_385' title='bbox 1278 2733 1450 2774; x_wconf 84' lang='lat' dir='ltr'>salutant</span> <span class='ocrx_word' id='word_1_386' title='bbox 1491 2745 1534 2785; x_wconf 89' lang='grc' dir='ltr'>Ρ.</span> <span class='ocrx_word' id='word_1_387' title='bbox 1571 2731 1639 2772; x_wconf 85' lang='grc'>58.</span> <span class='ocrx_word' id='word_1_388' title='bbox 1677 2729 1722 2771; x_wconf 82' lang='lat' dir='ltr'>h.</span> 
     </span>
    </p>
   </div>
  </div>
 </body>
</html>
