1884 3132
337 133 453 207 476
648 148 722 191 10.
760 148 866 192 1Ac.
909 151 1104 192 Rsslsxn
1141 149 1518 198 COMMENTAmi

342 252 559 293 Gualanni.
615 253 820 292 Putantur
857 253 964 292 enim
1001 253 1172 306 Barangi
1202 268 1226 294 e
1257 255 1389 294 Dania
1415 255 1459 295 in
1487 253 1776 310 Angliamve-

340 311 460 348 nisse.
515 308 643 361 Atqui
684 308 884 347 Gnalanni
925 316 964 347 et
993 309 1164 363 Barangi
1191 309 1313 349 iidem
1337 317 1446 350 sunt.
1507 311 1572 351 Ga
1599 319 1646 352 ut
1675 313 1774 364 W,

340 364 438 403 item
463 379 517 403 nn
543 370 589 402 nt
616 378 671 416 ng
696 364 793 403 olim
820 365 1162 416 pronuntiabatur
1182 395 1193 416 ,
1222 372 1262 404 et
1288 367 1307 404 l
1332 380 1449 419 saepe
1467 365 1623 406 litterae
1639 365 1778 415 r'sub-

341 420 451 459 stitui
485 418 661 467 solebat3
690 427 735 458 ut
764 433 858 472 ergo
889 420 1096 459 Gualanni
1122 427 1162 459 et
1189 421 1374 474 Bar-angi
1397 435 1495 460 sono
1525 435 1651 476 prope
1676 423 1779 464 nihil

344 474 565 514 differrent.
626 475 714 513 Non
754 474 862 514 solus
898 475 1122 527 Imperator
1157 475 1332 515 hahebat
1368 477 1570 532 Bai-angos
1601 478 1781 526 suivcor-

342 532 452 584 poris
488 530 672 569 custodes
710 537 749 569 et
794 537 1006 584 perpetuos
1045 533 1234 582 comites,
1281 546 1425 571 verum
1453 534 1573 572 etiam
1595 546 1783 586 proceres

342 585 573 636 habebant,
606 586 638 624 si
666 600 747 624 non
774 600 891 624 veros
913 615 925 635 ,
960 593 1001 624 at
1027 594 1133 626 certe
1172 594 1306 626 tamen
1334 587 1508 628 Graecos
1535 587 1589 627 ad
1613 581 1782 629 mo'dum

342 641 619 695 Barangorum
647 643 811 681 vestitos
837 648 876 681 et
906 649 1106 693 armatos3
1134 649 1180 682 ut
1210 641 1332 681 hodie
1358 657 1460 696 quos
1484 634 1688 697 magnates
1705 658 1782 684 no-

349 699 422 737 stri
450 697 564 736 alunt
602 699 846 750 apparitores
895 696 1126 737 Heiduckos
1171 697 1444 751 appellamus,
1492 700 1647 738 etiamsi
1675 702 1783 740 nati-

342 766 420 792 one
449 753 694 802 Germanos,
736 752 787 791 ad
829 752 993 791 modum
1029 760 1164 792 tamen
1204 753 1503 792 Heiduckorum
1530 757 1784 808 compositos.

342 807 479 848 Schol.
510 807 668 851 Basilio.
700 808 751 847 ad
772 809 815 848 L.
834 808 953 860 (io-p.
989 809 1108 862 695.:
1143 805 1214 847 ἐπὶ
1239 807 1322 848 τῶν
1361 806 1528 862 ἡμερῶν
1554 811 1631 848 τοῦ
1657 804 1783 861 βασι-

342 862 447 910 λέως
474 862 656 910 Ἀλεξίου
685 862 760 902 τοῦ
788 862 1013 915 Κομνηνοῦ
1039 860 1264 916 Βαράγγου
1293 863 1566 916 συγκλητικοῦ
1594 861 1669 904 τὸν
1697 861 1782 904 ἕτε-

344 932 417 971 ρον
449 916 669 972 Βάραγγον
714 914 981 971 συγκλητικὸν
1023 914 1321 972 φονεύσαντος.
1383 919 1458 957 Hic
1488 919 1691 973 Barangus
1719 935 1781 959 se-

342 976 522 1013 natorius
568 981 653 1023 est,
694 975 762 1027 qui
805 973 857 1012 ad
912 981 1140 1012 senatorum
1178 973 1351 1026 aliquem
1393 974 1618 1026 pertinebat
1664 977 1784 1030 eique

342 1029 576 1084 apparebat.
635 1029 791 1067 Horum
821 1029 953 1081 itaque
989 1028 1257 1082 imperialium
1293 1030 1565 1082 Barangorum
1594 1033 1782 1084 magister

343 1085 621 1138 appellabatur
651 1084 839 1137 peculiari
868 1084 1053 1131 nomine,
1084 1098 1166 1123 non
1199 1085 1329 1137 patrio
1349 1085 1535 1137 quidem,
1565 1092 1606 1124 at
1626 1086 1783 1133 Graeco

340 1147 489 1179 tamen.
507 1140 555 1179 ad
586 1141 760 1192 patrium
802 1139 986 1178 conficto.
1046 1139 1184 1178 Patrio
1212 1135 1319 1178 enim
1346 1141 1509 1179 nomine
1536 1141 1611 1194 ipsi
1641 1155 1683 1180 se
1710 1155 1784 1195 ap-

340 1195 547 1250 pellabant
575 1202 614 1234 et
641 1209 663 1234 a
692 1195 773 1233 suis
801 1194 1028 1233 citabantur
1042 1195 1235 1248 Folglzer,
1267 1195 1308 1233 id
1336 1203 1394 1234 est
1420 1209 1574 1244 comes,
1606 1204 1783 1248 secutor,

345 1251 550 1305 apparitor
570 1280 581 1300 ‚
620 1245 866 1296 ἀκόλουθος,
922 1250 1010 1289 Vox
1038 1250 1275 1288 Germanica
1311 1257 1370 1288 est
1391 1251 1561 1303 jblglzer
1594 1258 1635 1289 et
1659 1253 1781 1306 folg-

341 1308 474 1354 heres,
515 1306 558 1344 id
611 1312 669 1344 est
684 1306 853 1358 folger‚
883 1306 1090 1358 fh!gerer‚
1133 1305 1390 1358 appellabant
1424 1305 1555 1345 medio
1584 1319 1685 1346 aevo
1713 1311 1783 1363 qui

341 1363 435 1401 aliis
460 1362 708 1407 deserviunt,
739 1368 785 1399 ut
811 1361 865 1399 ait
893 1362 1080 1399 Bracton.
1108 1361 1158 1399 L.
1197 1361 1268 1398 ΙΙΙ.
1295 1367 1411 1404 tract.
1441 1374 1480 1399 2.
1503 1375 1538 1400 c.
1575 1375 1633 1405 10.
1690 1361 1722 1400 A
1731 1378 1779 1416 p-

340 1431 490 1472 ponam
517 1418 602 1456 eius
630 1416 764 1455 locum
793 1430 816 1455 e
842 1417 910 1454 Du
940 1417 1074 1470 Cange
1099 1429 1142 1455 v.
1161 1417 1355 1468 Folgare:
1402 1430 1559 1462 οηιηεε,
1602 1419 1673 1471 qui
1699 1426 1782 1456 ter·-

340 1488 429 1513 ram
455 1481 583 1512 tenent
604 1480 642 1510 et
666 1472 842 1518 domum,
871 1473 943 1526 ques
963 1471 1146 1510 dicuntur
1165 1471 1403 1523 Istc-fasceae
1420 1470 1672 1525 [Haufifbstffi
1706 1487 1783 1512 an-

337 1526 551 1582 gesessene]
568 1536 606 1566 ct
619 1528 737 1566 etiam
761 1527 849 1574 alii,
882 1529 951 1582 qui
975 1528 1068 1566 aliis
1094 1527 1334 1574 deserviunt,
1373 1528 1443 1582 qui
1464 1527 1648 1566 dicuntur
1660 1529 1783 1581 filg-

339 1587 473 1632 loeres,
518 1583 558 1622 id
600 1590 659 1621 est
686 1583 929 1632 servientes,
969 1589 1201 1636 apparentes
1236 1583 1277 1620 in
1315 1581 1532 1635 obsequio,
1571 1590 1783 1635 sequentes

338 1639 484 1679 herum
502 1668 514 1687 ,
543 1652 624 1692 quo
656 1645 742 1685 eat,
775 1638 1036 1687 comitantes,
1078 1645 1117 1676 et
1144 1652 1167 1676 a
1194 1637 1316 1676 latere
1343 1637 1427 1676 eius
1465 1651 1546 1675 non
1587 1637 1782 1685 deceden-

339 1702 415 1735 tes.
472 1695 661 1747 Superest
696 1692 829 1731 adhuc
871 1707 917 1732 ea
959 1708 1035 1732 vox
1070 1694 1112 1731 in
1153 1706 1335 1732 sermone
1358 1691 1594 1745 Anglicano,
1607 1694 1778 1744 fillow.

342 1751 449 1790 Nam
461 1751 616 1802 ftllow
644 1756 682 1787 et
693 1749 893 1800 ftllower
917 1749 1024 1787 idem
1052 1755 1109 1787 est
1137 1755 1256 1801 atque
1266 1748 1404 1800 ιῘὲίἰος
1429 1754 1469 1786 et
1477 1748 1669 1800 filloger.
1730 1750 1779 1788 ln

339 1807 573 1845 universum
605 1805 766 1857 quidem
795 1818 933 1843 omnes
962 1804 1157 1857 Warangi
1185 1805 1225 1841 in
1251 1802 1392 1841 militia
1419 1801 1593 1855 palatina
1619 1817 1780 1842 meren-

339 1868 400 1901 tes
429 1868 542 1900 erant
579 1859 778 1911 folgheres
816 1874 886 1898 seu
919 1858 1123 1908 acoluthi3
1169 1872 1311 1898 verum
1338 1865 1383 1896 ut
1412 1857 1574 1896 solenne
1601 1866 1688 1897 erat
1722 1858 1779 1898 illi

340 1916 456 1956 aulae
500 1918 735 1970 magistrum
773 1922 813 1954 et
842 1922 962 1966 caput
990 1913 1174 1953 militaris
1206 1913 1373 1952 alicuius
1400 1914 1584 1966 tagmatis
1612 1927 1685 1966 per
1711 1928 1779 1952 ex-

341 1971 567 2011 cellentiam
594 1985 640 2010 eo
668 1972 830 2009 nomine
857 1969 1081 2023 appellare,
1129 1968 1237 2020 quod
1274 1967 1463 2020 singulari
1491 1970 1635 2021 cuique
1662 1968 1781 2008 militi

340 2027 622 2081 competebat:
667 2033 715 2064 ut
743 2040 778 2064 e.
810 2039 847 2064 c.
869 2025 1100 2063 hicanatum
1128 2038 1202 2076 pro
1232 2024 1429 2077 praefecto
1471 2023 1776 2075 hicanatorum,

341 2083 573 2121 excubitum
590 2111 601 2133 ,
631 2080 854 2134 ploimum‚
889 2081 1107 2133 periusium
1135 2086 1212 2117 etc.
1243 2092 1317 2131 pro
1349 2077 1549 2130 praefecto
1569 2076 1774 2125 excubito-

340 2151 457 2188 rum,
485 2136 728 2190 ploimorum
747 2166 757 2183 ,
789 2136 1008 2189 periusiae:
1042 2135 1096 2173 sie
1125 2134 1242 2172 etiam
1272 2133 1509 2172 acoluthum
1545 2147 1618 2187 per
1646 2131 1775 2180 excel-

341 2193 508 2232 lentiam
537 2191 791 2245 appellabant
817 2205 929 2240 eum,
956 2192 1026 2243 qui
1054 2189 1217 2242 tagmati
1247 2187 1526 2227 acoluthorum
1562 2194 1775 2241 praeesset.

341 2249 423 2301 Ipsi
444 2248 728 2300 enimBarangi
757 2260 798 2285 se
809 2247 980 2298 fi’llows
995 2275 1007 2296 ,
1020 2245 1251 2297 solglzerer,
1284 2245 1479 2283 acoluthos
1505 2235 1774 2297 appellabant.

342 2303 428 2342 Hos
468 2302 669 2355 Barangos
708 2300 973 2355 proculdubio
1029 2299 1211 2353 intelligit
1248 2298 1518 2341 Rhamnusius
1564 2297 1691 2340 L.,11.
1725 2297 1776 2336 de

340 2358 448 2397 bello
476 2358 639 2396 CPtano
667 2372 707 2410 p.
734 2356 803 2410 87.
830 2370 864 2395 1.
882 2386 892 2402 ‚
926 2356 1255 2409 Macheroplzoros
1274 2353 1440 2393 laudans
1455 2383 1466 2400 ,
1494 2352 1602 2408 quod
1627 2352 1779 2390 satelli-

338 2415 436 2452 tium
455 2442 466 2463 ,
489 2412 700 2466 grgfflmum
725 2413 842 2463 vulgo
861 2412 1023 2449 Graecis
1045 2411 1286 2449 nominatum
1309 2438 1320 2458 ,
1347 2424 1402 2448 ex
1411 2408 1555 2460 Anglis
1580 2415 1619 2445 et
1643 2406 1777 2456 Dani-s·

341 2470 501 2523 antiquo
545 2469 758 2506 Caesarum
793 2467 1034 2505 Graecorum
1072 2479 1179 2504 more
1207 2464 1462 2518 conscriptum
1484 2463 1526 2500 in
1551 2462 1775 2502 statz’w21·bus

337 2532 437 2561 erat.
492 2523 554 2561 De
573 2521 801 2575 grg'ffbnibus
838 2521 940 2560 nihil
969 2534 1139 2573 usquam
1169 2519 1358 2572 comperi.
1418 2516 1593 2557 Videtur
1637 2523 1772 2556 tamen

342 2585 545 2616 auctorem
565 2577 890 2616 Villharduinum
921 2576 1121 2615 habuisse.

421 2631 515 2671 256.
538 2633 591 2671 A.
621 2633 682 2670 13.
705 2631 822 2685 [442,
839 2630 899 2684 8.]
920 2628 1271 2683 προσυπαντᾶται.
1298 2627 1362 2666 Sic
1378 2626 1535 2680 reposui
1554 2640 1628 2680 pro
1646 2639 1774 2680 προσ-

345 2686 600 2725 υπαντοῦσιν
617 2717 628 2735 ,
658 2687 766 2739 quod
795 2686 1049 2724 membranae
1077 2684 1236 2725 dabant.

448 2741 494 2778 B.
517 2740 554 2780 5.
581 2741 702 2795 [442‚
742 2740 827 2794 15.]
865 2735 1170 2794 ἓταιρειάρχου.
1239 2737 1286 2776 ld
1314 2750 1472 2791 quoque
1500 2751 1524 2776 a
1553 2735 1774 2794 mesprofe-
