1832 3126
284 154 391 227 196
590 170 663 211 10.
706 167 811 212 mc.
851 169 1048 211 nmsxu
1085 168 1467 214 commi-Anu

276 288 359 315 non
388 272 509 312 fuerit
537 285 583 311 ex
612 270 746 310 altiori
787 271 914 324 gradu
943 271 995 310 ad
1023 269 1281 311 humiliorem
1309 271 1552 327 deprimere.
1609 271 1736 315 Forte

277 330 384 369 idem
414 328 514 378 suit,
560 328 629 380 qui
671 327 713 366 in
759 329 871 366 curia
901 328 1084 366 Romana
1122 328 1254 367 dictus
1283 327 1362 367 fuit
1389 329 1736 382 amminiculator,

278 392 318 424 et
358 385 462 422 inter
490 382 678 422 officiales
707 383 914 422 Pontificis
952 382 1041 421 loco
1071 384 1240 436 septimo
1267 392 1497 424 recensetur
1523 399 1615 438 pag.
1638 385 1736 440 572.

278 439 382 480 ord.
408 440 555 478 Rom.:
582 438 780 492 Septimus
812 439 1149 490 amminiculator,
1191 440 1432 479 intercedens
1465 454 1544 496 pro
1567 441 1738 496 papillis

276 503 314 534 et
336 495 467 534 vidais
480 524 492 543 ,
518 508 597 549 pro
624 493 781 545 afflictis
808 503 846 532 et
871 495 1057 549 captivis·

389 550 442 589 A.
464 549 505 601 4.
531 549 616 604 [90‚
635 547 695 601 6.]
728 545 984 602 φωτίσματα
1013 549 1069 596 ἓξ.
1111 549 1198 589 Sex
1228 552 1349 604 paeri
1373 564 1505 590 recens
1531 551 1735 606 baptizati.

279 604 461 659 Apparet
489 619 511 644 e
540 604 828 657 sequentibuS,
857 619 922 643 sex
952 603 1026 643 hos
1047 606 1208 670 priores
1236 620 1382 658 pueros
1410 620 1491 646 non
1525 606 1644 646 fuisse
1669 621 1739 646 or-

280 661 452 716 phanos.
513 659 639 700 Addit
670 661 778 698 enim
821 657 893 698 καί
931 658 976 698 ἐκ
1004 675 1090 700 των
1133 657 1336 713 ὀρφανῶν
1377 661 1634 715 φωτίσματα
1670 661 1740 714 ἓξ,

277 726 317 755 et
338 731 393 756 ex
430 717 618 770 orphanis
652 716 729 753 alii
764 729 837 753 sex
873 716 993 769 paeri
1035 717 1242 771 baptizati.
1300 716 1493 756 Solebant
1521 730 1667 770 nempe
1694 717 1737 757 in

279 775 408 812 veteri
436 771 600 811 ccclesia
629 784 776 823 pueros
804 784 886 808 non
918 773 1052 809 statim
1083 786 1106 810 a
1134 771 1369 820 nativitate,
1401 773 1471 811 sed
1499 772 1654 825 aliquot
1673 786 1742 811 an·

278 828 343 868 nis
371 834 460 882 post
479 856 490 877 ‚
520 826 739 865 adultiores
767 825 892 864 factos
910 855 921 875 ,
962 826 1083 866 simul
1114 826 1275 880 plures,
1315 826 1494 881 aequalis
1521 827 1646 867 ferme
1672 841 1740 868 ae-

279 884 374 922 tatis
403 896 541 922 omnes
571 896 615 920 ex
646 882 786 920 eadem
814 884 1097 921 communione
1134 897 1280 935 magno
1318 883 1486 922 sabbato
1523 882 1631 922 diem
1658 883 1739 922 Pa.-

282 939 429 979 schatis
457 937 721 991 praecedente
749 936 968 989 baptizare.
1029 937 1248 991 Appellant
1275 946 1411 978 autem
1432 939 1574 978 Graeci
1604 945 1739 978 actum

281 993 513 1047 baptizandi
550 987 768 1046 φωτισμὸν
797 999 837 1030 et
866 990 1066 1045 φωτίζειν
1079 1025 1091 1043 ,
1119 994 1446 1034 illuminationem
1472 1000 1511 1033 et
1538 994 1741 1033 illumina-

266 1064 351 1100 -re,
394 1050 488 1103 quia
525 1048 674 1087 scilicet
712 1055 809 1086 tunc
837 1048 912 1086 lux
941 1049 983 1086 in
1007 1049 1166 1088 domino
1194 1049 1323 1097 fiunt,
1350 1050 1437 1103 -qui
1466 1056 1584 1088 antea
1611 1051 1757 1089 mersi·

281 1105 459 1144 tenebris
488 1111 627 1154 erantz,
668 1103 909 1142 unde-nova
936 1104 1011 1143 lna·
1039 1105 1278 1159 baptismatis·
1306 1106 1348 1153 in
1377 1106 1515 1144 codice
1543 1104 1735 1144 Theodo-

286 1163 426 1200 siano:
456 1162 563 1213 ipsos
591 1173 687 1198 vero
717 1158 979 1212 baptizandos
1008 1158 1270 1212 φωτίσματα.
1329 1160 1425 1199 Vid.
1459 1160 1549 1199 DC.
1573 1159 1641 1199 Gl.
1663 1161 1736 1199 Gr.

285 1215 330 1256 h.
361 1230 403 1255 v.
426 1223 466 1254 et
490 1217 580 1254 Lat.
610 1229 651 1254 v.
681 1214 789 1254 Alba
819 1222 858 1253 et
886 1215 1126 1253 illuminare.
1186 1215 1342 1254 Corsini
1362 1215 1457 1255 diss.
1489 1216 1542 1254 ΙΙ.
1565 1216 1739 1269 append.

286 1272 339 1311 ad
367 1279 483 1310 notas
514 1271 776 1309 Graecorum.
834 1269 1050 1310 Mabillon.
1093 1284 1136 1322 p.
1167 1269 1294 1309 XCV.
1338 1271 1561 1310 lntroduct.
1596 1271 1647 1310 ad
1673 1285 1742 1310 or-

287 1327 376 1366 din.
411 1327 582 1366 Roman.
603 1356 614 1377 ‚
657 1326 729 1364 ubi
755 1326 839 1364 ait:
890 1325 948 1363 ad
972 1326 1151 1363 sabbathi
1176 1327 1313 1378 magni
1338 1327 1434 1365 ritus
1458 1328 1658 1380 pertinent
1684 1327 1742 1365 le—

286 1383 432 1422 ctiones
467 1396 521 1420 ex
548 1381 754 1436 Scriptura
788 1381 992 1419 duodecim
1023 1395 1110 1420 cam
1135 1395 1286 1432 graece,
1319 1390 1399 1420 tam
1427 1382 1548 1420 latine
1575 1382 1671 1421 olim
1698 1383 1742 1422 in

287 1439 449 1477 ecclesia
489 1438 669 1476 Romana
713 1438 875 1475 recitari
913 1436 1073 1485 solitae,
1123 1437 1266 1475 deinde
1304 1437 1515 1476 benedictio
1535 1438 1670 1489 sontis
1705 1446 1745 1477 et

288 1494 500 1548 baptismus
526 1506 683 1540 eorum,
715 1492 784 1547 qai
804 1505 882 1546 per
907 1492 1027 1530 varia
1050 1493 1238 1530 scrutinia
1266 1493 1308 1530 in
1338 1492 1741 1547 Qnadragesimafa-

286 1558 350 1587 cta
381 1549 439 1587 acl
474 1550 545 1588 hoc
574 1556 858 1586 sacramentnm.
889 1549 1111 1602 comparati
1124 1548 1309 1599 ficet-ant.
1369 1548 1493 1587 Pueri
1530 1547 1630 1587 tales
1656 1555 1742 1588 tota

288 1605 509 1657 septimana
537 1602 715 1656 paschali
739 1604 780 1641 in
812 1602 913 1642 albis
943 1604 1089 1642 tunicis
1113 1602 1376 1642 ambulabant
1398 1617 1492 1643 cum
1518 1604 1657 1643 cereis.
1686 1602 1743 1643 Et

287 1659 331 1699 hi
363 1656 412 1698 τὰ
444 1658 700 1713 φωτίσματα
736 1658 802 1697 hic
834 1658 912 1697 loci
947 1666 1058 1698 sunt.
1116 1658 1210 1698 Vita
1238 1659 1401 1697 Eusebii
1425 1659 1614 1712 Episcopi
1636 1659 1742 1698 Ver-

290 1715 498 1754 cellensis:
557 1714 667 1753 Dani
689 1715 730 1752 in
755 1729 883 1752 mense
901 1714 1052 1753 [Martio
1079 1715 1340 1753 celebraretur
1361 1715 1540 1763 Pascha,
1573 1715 1616 1753 in
1634 1715 1742 1754 cuius

289 1772 435 1824 vigilia
466 1771 586 1824 Papa
620 1779 852 1809 memoratus
879 1784 994 1808 sacra
1018 1779 1226 1824 perageret
1256 1778 1295 1808 et
1319 1771 1620 1808 sacratissimzmz
1649 1771 1744 1809 cele·

291 1826 424 1865 braret
447 1827 728 1880 baptisterium.
787 1825 996 1864 Conradus
1023 1826 1309 1879 Urspergensis
1340 1824 1394 1863 A.
1427 1839 1439 1863 1
1455 1823 1572 1876 124.:
1602 1825 1743 1878 Infan-

292 1891 346 1921 tes
376 1897 463 1921 snos
491 1882 532 1919 in
555 1880 716 1919 sabbato
739 1890 894 1919 sanctae
921 1882 1099 1919 Paschae
1122 1890 1160 1919 et
1186 1882 1428 1919 Pentecostes
1456 1895 1542 1919 cam
1569 1881 1745 1920 candelis

293 1946 331 1976 et
351 1951 482 1992 cappa
501 1967 511 1984 ‚
546 1951 648 1991 qaae
670 1936 816 1974 dicitnr
835 1938 952 1974 vestis
980 1936 1154 1974 candida
1167 1965 1180 1984 ,
1218 1945 1256 1974 et
1277 1937 1450 1991 patrinis
1476 1936 1745 1976 comitantibus

293 1992 353 2031 ad
383 1994 614 2047 baptismam
644 1991 824 2042 deferant
837 2020 849 2041 ‚
896 2006 1033 2046 eosque
1076 2000 1179 2029 veste
1217 1992 1460 2030 innocentiae
1491 1991 1645 2031 inclutos
1669 2005 1748 2046 per

294 2049 468 2100 singulos
494 2047 578 2085 dies
615 2061 731 2101 usqae
756 2048 798 2085 in
824 2055 1004 2086 octavum
1028 2046 1133 2084 diem
1160 2047 1329 2085 eiusdem
1355 2047 1508 2086 sabbati
1535 2046 1594 2085 ad
1621 2047 1743 2086 eccle—

295 2104 396 2142 siam
421 2103 625 2155 defi‘rant,
646 2142 648 2144 ,
674 2111 712 2144 et
739 2102 991 2140 celebrationi
1016 2102 1149 2140 divini
1185 2100 1308 2153 officii
1337 2103 1515 2141 interesse
1544 2110 1740 2156 satagant.

295 2158 518 2211 Praecipue
548 2157 758 2196 sabbatum
777 2186 788 2206 ‚
828 2157 936 2210 quod
969 2156 1076 2195 diem
1108 2157 1315 2196 Paschatis
1344 2157 1631 2210 praecedebat,
1670 2157 1744 2196 ba-

291 2215 478 2267 ptismale
502 2211 793 2266 appellabatur.
851 2212 997 2251 Petrus
1019 2212 1227 2252 Comestor
1252 2214 1293 2252 in
1332 2213 1437 2252 Hist.
1469 2208 1606 2252 Schol'.
1639 2212 1741 2266 Cap.

301 2282 371 2310 22.
405 2270 565 2308 Levit.:
602 2269 643 2306 in
673 2267 831 2306 sabbato
852 2268 1100 2322 baptismali,
1135 2269 1177 2306 in
1203 2270 1484 2307 consecratione
1501 2268 1681 2320 fhntiam
1706 2275 1747 2306 et

299 2325 342 2363 in
374 2325 563 2364 mersione
589 2324 967 2362 Catechumenornm.
1029 2323 1139 2362 Haec
1169 2324 1250 2363 duo
1276 2325 1542 2377 baptismata,
1572 2322 1757 2366 Pascha·'

299 2380 350 2418 tis
382 2387 427 2426 etl
452 2380 706 2420 Pentecostes
720 2407 731 2428 ‚
781 2378 1014 2433 baptismata
1046 2380 1250 2431 generalia
1288 2379 1549 2429 dicebantur3
1598 2377 1745 2418 licebat

300 2440 435 2475 tamen
466 2437 610 2489 cuique
634 2447 805 2488 puerum
833 2447 976 2484 suum,
1017 2448 1097 2486 quo
1127 2433 1250 2473 vellet
1281 2435 1346 2474 die
1372 2435 1496 2474 totius
1529 2434 1650 2485 anni,
1691 2432 1744 2472 ad

301 2487 544 2542 baptismum
571 2491 743 2529 mittere.
803 2489 884 2540 Qui
912 2496 1047 2528 autem
1073 2503 1154 2528 non
1176 2492 1310 2538 statim
1333 2504 1356 2528 a
1381 2490 1590 2529 nativitate
1617 2488 1744 2542 baptis

303 2546 385 2583 zari
408 2544 553 2585 liberos
583 2560 675 2585 suos
700 2551 913 2594 curarent,
958 2543 1018 2583 illi
1046 2559 1113 2583 eos
1148 2545 1343 2584 curabant
1381 2546 1423 2584 in
1449 2544 1583 2598 aliquo
1610 2543 1744 2597 bapti·—

301 2607 426 2638 smate
451 2600 623 2653 generali
649 2601 861 2654 baptizari.
919 2599 1071 2639 Concil.
1098 2599 1388 2654 Rotomagense
1415 2599 1469 2639 A.
1506 2614 1552 2638 10
1583 2613 1650 2638 (Μ
1680 2598 1744 2638 Ne

302 2656 484 2707 generale
514 2656 704 2710 baptisma
732 2657 811 2695 nisi
835 2655 993 2695 sabbato
1012 2656 1184 2710 paschae
1218 2664 1257 2694 et
1275 2664 1510 2710 pentecostes
1523 2613 1638 2711 fiat,-
1667 2654 1743 2693 boc

302 2710 458 2763 quidem
479 2720 658 2759 servato,
699 2710 807 2766 qnod
820 2711 1006 2766 parvalis
1030 2725 1254 2766 quocunque
1283 2720 1454 2765 tempore
1468 2739 1481 2759 ,
1517 2723 1744 2804 ᾳιιασιιιιῖὶυε

301 2763 368 2803 die
394 2767 602 2819 petierint,
650 2767 948 2819 regenerationis
980 2767 1184 2808 lavacrum
1211 2779 1290 2806 non
1317 2774 1488 2819 negetur.
1547 2764 1630 2806 vid
1713 2777 1745 2805 u
