1826 3126
826 46 862 88 0

272 151 337 186 10
390 187 393 191 ,
569 150 1035 192 >10.1AC.REISK11
1073 150 1452 196 COMMENTARII

264 259 324 291 est
353 266 391 305 p.
414 252 506 304 370.
538 252 590 293 D.
620 251 696 291 οὔκ
733 249 846 302 ἶστε,
886 246 977 302 ὅτι,
1015 266 1155 318 ωσπερ
1190 250 1355 320 ἡγεμών
1385 250 1460 294 καὶ
1485 252 1715 306 βασιλεῦς,

267 302 372 346 ὅταν
392 305 600 361 προέλθῃ,
630 304 723 347 τότε
752 306 996 360 σαφέστατα
1023 305 1200 361 ὁρᾶται,
1242 323 1313 348 και
1347 308 1418 348 δεῖ
1436 308 1568 375 μηδὲν
1595 309 1716 363 ἆγεν-

262 362 330 408 νὲς
362 361 470 426 μηδὲ
500 348 679 414 αισχρὸν
708 367 854 401 ποιεῖν
893 363 1197 430 παοαπλησίως
1224 361 1298 402 καί
1326 355 1484 416 δῆμος,
1525 358 1627 404 όταν
1653 364 1715 413 εἷς

262 413 394 457 ‘cadro
426 419 504 464 (ita
540 416 632 470 leg)
677 417 863 472 ποοέλθῃ
903 415 979 458 καί
1015 413 1185 472 (ἰθρόως
1217 417 1404 470 γένηται,
1434 420 1713 471 ignoratisne,

262 471 617 526 quemadmodum
648 472 742 513 dux
782 473 1053 526 (piaefectus‚
1083 481 1343 527 propraetor,
1382 475 1621 527 proconsul,
1627 476 1639 526 )
1674 482 1714 514 et

262 528 506 580 Imperator·
535 528 770 581 procedens
797 529 1032 568 clarissime
1068 530 1345 583 conspicitur,
1379 538 1419 570 et
1451 530 1714 579 observatur,

263 582 456 645 adeoque
489 590 587 622 tunc
618 584 816 637 temporis
853 583 974 624 debet
1004 585 1087 624 sibi
1119 586 1174 624 ab
1208 584 1409 624 indecoro
1439 593 1480 624 et
1509 585 1714 625 illiberali

261 638 378 678 omni
391 636 596 690 facinore
619 651 800 677 cavere.-
821 639 886 678 ita
903 652 1065 692 quoque
1080 639 1282 694 populum
1311 638 1508 692 (debere),
1538 639 1714 693 quando

257 692 470 745 procedat
501 702 541 732 et
569 692 794 746 confertim
817 695 941 733 coeat
965 702 1038 734 etc.
1096 696 1296 734 Monstrat
1324 694 1390 734 hic
1418 694 1530 734 locus
1558 702 1714 734 veteres

263 747 469 801 Augustos
505 748 651 788 Caesal
653 763 694 787 es
722 750 874 788 Romae
913 750 1186 802 plocessiones
1213 749 1458 800 celebrasse,
1499 757 1539 789 et
1568 750 1620 788 ab
1650 750 1714 789 his

262 805 567 857 processionum
596 805 909 858 Byzantinarum
936 806 1132 858 originem
1161 806 1294 858 potius
1315 804 1573 858 repetendam
1601 819 1713 856 esse,

263 874 386 912 quam
403 889 415 910 ,
444 859 554 913 quod
583 859 763 899 fecerunt
793 862 872 900 viri
901 860 1024 910 docti,
1057 875 1081 899 a
1107 868 1259 913 septem
1288 860 1368 899 illis
1399 859 1622 899 Consulum
1641 868 1714 900 sta-

262 916 316 953 tis
351 929 424 967 per
462 929 613 953 annum
657 915 901 955 solemnibus
929 916 971 954 in
1015 915 1178 955 Circum
1206 915 1542 969 processionibus.
1612 915 1716 954 Sunt

265 971 395 1019 enim,
434 972 476 1008 ni
512 969 656 1020 fallor,
696 971 773 1010 hae
817 978 969 1024 septem
1009 971 1231 1010 Consulum
1275 972 1547 1024 processiones
1586 970 1715 1011 multo

227 1018 231 1028 ¹
263 1027 504 1065 recentiores
533 1028 757 1079 primorum
790 1027 1007 1066 Caesarum
1035 1034 1179 1066 aetate.
1236 1027 1447 1080 Byzantini
1474 1034 1608 1065 autem
1639 1027 1714 1064 Im—

263 1089 485 1134 peratores,
504 1089 679 1121 nontam
698 1082 908 1133 Consules,
931 1097 1052 1135 quam
1068 1083 1334 1135 Imperatores
1346 1083 1549 1121 Romanos
1566 1083 1714 1120 imitari

263 1136 478 1176 studebant
492 1167 503 1187 ‚
542 1145 612 1176 aut
641 1138 773 1190 potius
801 1138 1013 1176 amborum
1041 1152 1252 1190 personam
1293 1145 1333 1177 et
1367 1139 1506 1190 munia
1543 1138 1714 1176 sustine-

263 1191 377 1230 bant.
464 1193 571 1243 Quia
609 1207 705 1233 vero
744 1195 786 1232 in
825 1193 972 1232 talibus
1013 1193 1334 1246 processionibus
1376 1193 1641 1245 Imperatores
1676 1199 1716 1231 et

263 1248 522 1301 Magistratus
552 1263 742 1301 magnum
779 1263 992 1288 numerum
1026 1250 1245 1299 comitum,
1284 1250 1549 1302 stipatorum,
1589 1261 1714 1300 appa-

263 1304 435 1341 ritorum
479 1317 615 1342 secum
654 1303 856 1343 habebant
875 1334 886 1355 ‚
925 1305 1018 1343 inde
1062 1305 1236 1355 factum,
1266 1310 1312 1342 ut
1338 1303 1539 1352 officium,
1579 1303 1622 1341 id
1656 1309 1716 1342 est

264 1359 524 1409 comitativa,
553 1366 639 1398 tota
672 1359 816 1399 cohois
857 1359 1023 1399 alicuius
1055 1361 1310 1412 magistratus
1335 1358 1586 1411 dispositioni
1617 1357 1714 1397 sub-

263 1414 377 1464 dita,
413 1413 684 1468 προέλευσις,
724 1413 922 1468 πρόοδος,
959 1416 1326 1468 ποοελευσιμαῖοι,
1355 1414 1599 1453 dicerentur.
1653 1412 1715 1451 Ita

264 1469 518 1534 Nicephorus
548 1469 786 1509 Patriarcha
820 1471 1008 1509 CPtanus
1039 1485 1081 1523 p.
1103 1470 1194 1511 236.
1225 1470 1439 1520 Breviarii,
1467 1468 1550 1508 τῶν
1587 1462 1716 1520 προό-

266 1523 351 1564 δων
383 1521 545 1575 οἴκους,
583 1521 657 1571 οὒς
681 1523 892 1576 ζΡωμαῖοι
924 1525 1094 1577 σεκρέτα
1127 1525 1330 1574 καλοῦσι,
1359 1530 1572 1563 memorat.
1627 1523 1714 1562 Ubi

264 1575 441 1633 nodedun
467 1580 570 1619 nihil
601 1579 712 1619 aliud
744 1588 838 1619 suut
867 1595 989 1634 quam
1014 1580 1262 1630 tribunalia,
1292 1593 1474 1619 camerae
1493 1577 1714 1628 iudiciales,

266 1636 535 1688 expeditiones
551 1666 563 1686 ‚
593 1634 724 1675 officia
740 1665 752 1689 ,
784 1636 943 1676 diversa
974 1636 1088 1676 diver
1089 1650 1227 1675 sorum
1251 1635 1547 1690 praefectorum
1576 1634 1714 1688 dispo-

266 1693 401 1730 sitioni
436 1691 642 1730 attributa.

375 1747 524 1785 Variae
555 1754 669 1786 erant
696 1754 879 1786 veterum
905 1749 1197 1802 Imperatorum
1227 1748 1343 1787 Rom.
1371 1746 1642 1801 processiones
1671 1745 1715 1783 in

268 1802 512 1854 Capitolium
532 1832 543 1853 ,
584 1803 635 1841 ad
674 1802 814 1842 limina
847 1803 954 1844 Iovis
987 1803 1202 1857 Capitolini
1225 1832 1236 1852 ‚
1274 1802 1436 1856 quando
1475 1807 1546 1839 aut
1575 1813 1715 1839 reeens

268 1857 426 1896 adirent
464 1859 705 1910 1Π1Ρο1111111,
735 1865 806 1897 aut
847 1860 1019 1898 victores
1051 1874 1072 1898 e
1103 1860 1243 1897 castris
1275 1858 1485 1896 redirent:
1526 1857 1623 1894 item
1663 1855 1715 1894 ad

267 1914 440 1952 aliorum
469 1914 637 1952 deorum
677 1913 794 1952 aedes
812 1942 823 1964 ,
873 1916 903 1954 si
939 1914 1048 1967 quod
1079 1922 1226 1953 statum
1260 1912 1436 1952 solemne
1478 1911 1716 1950 sacrificium

269 1969 433 2008 deberet
463 1969 682 2020 celebrari3
712 1983 834 2021 porro
863 1971 906 2008 in
928 1977 1058 2008 castra
1073 1999 1085 2022 ‚
1114 1969 1165 2008 ad
1194 1969 1340 2007 horrea
1359 1968 1536 2022 publica,
1565 1980 1714 2019 aquae—

270 2024 413 2063 ductus
428 2054 438 2074 ,
474 2024 631 2078 aliaque
657 2038 780 2077 opera
812 2025 1038 2078 spectanda.
1094 2025 1209 2075 Quae
1228 2025 1364 2063 omnia
1383 2023 1612 2076 Byzantinis
1632 2022 1714 2059 Im-

269 2080 523 2133 peratoiibus
553 2088 687 2120 exacte
715 2088 1040 2133 repraesentata,
1069 2087 1115 2119 ut
1141 2094 1213 2134 per
1236 2086 1367 2118 totum
1388 2092 1490 2131 opus
1517 2078 1716 2117 Constan-

270 2137 345 2174 tini
372 2143 561 2188 apparet,
591 2138 633 2175 in
667 2151 716 2189 p1
719 2149 856 2175 ocessu
886 2136 1033 2175 horum
1072 2144 1301 2175 nostrorum
1334 2135 1562 2174 Comment.
1595 2139 1714 2171 nota-

271 2191 420 2230 bimus.
478 2167 731 2245 *[O’1iginem
751 2193 1050 2244 plocessionum
1082 2191 1306 2230 solennium
1336 2204 1419 2228 non
1447 2189 1499 2228 ad
1532 2186 1715 2242 gentiles,

271 2246 341 2285 sed
373 2247 423 2285 ad
458 2246 705 2287 Christianos
733 2247 983 2286 referendam
1013 2261 1097 2286 esse
1129 2248 1185 2285 ait
1218 2246 1456 2299 Maragnoni
1483 2243 1592 2282 delle
1622 2256 1716 2282 cose

269 2302 520 2353 gentilesche
552 2303 703 2343 Romae
741 2300 1125 2366 ¹1746.Cap.31.]*
1192 2302 1282 2354 Ego
1309 2315 1406 2341 vero
1441 2314 1553 2339 secus
1584 2298 1717 2337 existi-

272 2371 395 2395 mem.
452 2358 669 2411 Dionysius
694 2352 899 2398 Halicarn.
923 2359 979 2396 ait
1007 2358 1183 2396 Numam
1214 2357 1313 2396 tales
1342 2356 1613 2417 piocessiones
1635 2354 1717 2392 iam

274 2413 502 2452 instituisse.
557 2412 786 2467 *[Museum
816 2411 1054 2453 Odescalchi
1078 2413 1130 2451 T.
1147 2413 1204 2451 II.
1246 2427 1286 2451 n.
1319 2411 1384 2453 86.
1420 2409 1715 2465 processionem

274 2467 458 2516 exhibet,
489 2467 559 2505 ubi
591 2483 694 2507 unus
722 2476 855 2522 portat
884 2468 1030 2508 Isidem
1065 2475 1141 2506 ete.
1143 2466 1184 2521 ]*
1251 2467 1308 2506 Et
1334 2467 1434 2506 tales
1469 2467 1715 2513 Isiacorum,

276 2496 510 2586 Galloruin,
553 2521 801 2587 Agy1tarum
845 2523 1095 2587 aliorumque
1137 2522 1389 2562 sacerdotum
1427 2523 1632 2560 Romanae
1677 2525 1718 2557 et

276 2579 510 2640 peregrinae
533 2591 652 2630 supe1
654 2581 823 2618 stitionis
842 2594 934 2618 cum
961 2580 1084 2618 tensis
1111 2579 1309 2628 Deorum,
1337 2575 1529 2631 cymbalis
1553 2581 1593 2613 et
1616 2580 1717 2636 tym-

277 2635 391 2684 panis
415 2662 427 2684 ‚
467 2636 737 2685 processiones
778 2635 961 2687 publicae
1000 2634 1052 2673 ad
1087 2632 1303 2672 Almonem
1339 2631 1500 2672 lavandi
1541 2629 1718 2668 numinis

277 2702 395 2726 causa
413 2717 425 2737 ,
455 2689 613 2740 alioque
631 2719 642 2739 ,
671 2696 753 2727 tam
776 2691 1001 2743 frequentes
1029 2696 1122 2728 sunt
1151 2691 1193 2727 in
1225 2696 1407 2727 veterum
1431 2684 1717 2732 monumentis,

277 2750 322 2782 ut
345 2745 615 2796 processiones
646 2744 880 2787 christianas
906 2761 928 2787 a
956 2745 1169 2800 gentilibus
1189 2758 1370 2785 manasse
1396 2741 1564 2783 nullum
1577 2740 1630 2780 sit
1649 2738 1719 2780 du
