1884 3132
251 137 326 181 An
364 136 660 182 CONSTANT.
702 137 898 179 Pomm.
943 139 1013 177 DE
1059 137 1240 179 CERJM.
1274 137 1371 177 Lm.
1412 138 1446 178 1.
1490 117 1597 193 357

171 240 362 295 puerulus
379 249 418 281 et
435 242 575 280 horrui
603 240 788 280 robustos
815 243 977 280 iuvenes
1001 240 1174 294 pelliceis
1199 240 1382 291 indutos,
1412 249 1601 281 cornutos

172 298 218 335 in
242 296 401 348 fronte,
427 296 562 336 vultus
589 295 752 349 fuligine
781 303 928 334 atratos
946 325 956 343 ‚
986 297 1092 335 intra
1116 297 1252 335 dentes
1276 295 1468 335 carbones
1487 298 1600 335 vivos

171 357 350 390 tenentes
363 381 374 399 ,
403 365 504 404 quos
522 352 767 403 reciprocato
786 351 926 403 spiritu
950 351 1180 389 animabant
1193 380 1204 402 ,
1232 358 1271 390 et
1288 350 1469 390 scintillis
1499 365 1599 404 qua-

171 419 413 459 quaversum
435 408 580 459 sparsis
601 407 732 458 ignem
756 405 868 457 quasi
890 405 1120 453 vomebant,
1152 419 1243 444 eum
1258 407 1379 444 saccis
1402 408 1599 444 cursitan-

170 467 230 499 tes
250 489 263 510 ‚
293 461 334 498 in
361 474 462 513 quos
499 459 644 499 abdere
667 459 856 512 puerulos
890 468 1143 499 occursantes
1177 461 1491 508 minitabantur,
1526 475 1597 514 ap-

168 515 300 568 pensis
329 514 521 568 cymbalis
549 522 587 554 et
606 516 744 553 insano
771 514 943 553 clamore
962 515 1186 554 frementes.
1216 515 1350 553 Medio
1379 529 1477 554 aevo
1490 516 1597 555 idem

171 569 413 621 obtinuisse,
443 576 552 622 patet
582 583 628 607 ex
650 569 715 607 Du
741 569 875 621 Gange
900 569 1030 608 Gloss.
1054 570 1144 608 Lat.
1167 583 1210 608 v.
1238 570 1407 608 cervula
1437 577 1476 609 et
1511 571 1594 623 [⁰⁸.-

100 624 105 626 “
169 625 239 663 tici
269 622 330 677 (id
357 631 416 664 est
438 625 526 663 ludi
554 623 724 674 Gothici)
752 630 791 662 et
812 624 1019 663 Kalendae
1048 631 1087 663 et
1119 624 1164 662 V
1159 625 1287 674 etula,·
1327 625 1434 663 unde
1461 624 1595 665 locum

166 679 330 718 unicum
356 693 379 719 e
398 679 492 717 Vita
511 678 553 717 S.
574 677 694 730 Eligii
711 677 934 717 adscribam
963 679 1013 717 L.
1038 679 1092 718 ll.
1111 693 1147 717 c.
1174 678 1235 718 15.
1252 694 1264 717 ε
1294 680 1420 718 nullus
1448 681 1490 718 in
1516 680 1594 719 Ca-

166 733 293 772 lendis
317 733 517 772 Ianuariis
547 733 719 785 nefanda
757 742 794 771 et
827 735 1038 773 ridiculosa
1054 764 1065 782 ,
1095 734 1245 774 vendas
1260 764 1270 780 ,
1292 742 1360 772 aut
1385 735 1559 773 cervulos
1576 765 1589 784 ,

165 797 235 826 aut
257 789 567 840 zbtabossaciat.
629 788 780 826 Mimici
813 788 870 827 illi
894 789 1104 828 daemones
1131 788 1262 827 medio
1297 802 1395 827 aevo
1412 790 1592 841 sugilla-

163 850 263 881 tores
292 842 611 896 appellabantur,
641 857 665 881 a
672 844 779 895 fitgo
794 873 804 890 ,
842 843 880 882 id
909 851 967 882 est
983 845 1085 896 cho
1100 874 1111 891 ‚
1146 857 1215 882 seu
1247 845 1350 895 igne.
1405 843 1588 896 Ugutio:

161 896 353 949 Rtgillus,
366 899 529 948 seman
544 928 555 948 ,
584 912 660 954 quo
678 899 901 937 extrahitur
925 900 1026 951 ignis
1050 899 1102 936 de
1120 907 1236 952 petra
1265 897 1477 952 [significat
1506 898 1589 938 sili-

163 950 283 1004 cem].
345 951 458 992 Unde
469 954 668 1006 fitgillare
682 982 693 1001 ,
715 954 843 1004 ignem
864 954 913 992 de
945 962 1060 1008 petra
1086 954 1240 1006 siegillo
1285 955 1513 1002 extrahere,
1553 963 1592 992 et

142 1006 376 1059 fiegillator.
434 1007 494 1046 Et
521 1010 611 1047 hine
631 1022 708 1062 per·
722 1008 907 1062 figuram
935 1009 1190 1060 fiegillatoms
1221 1007 1403 1046 dicuntw·
1429 1009 1588 1047 umbrae

160 1060 415 1109 daemonum,
447 1064 518 1115 qui
541 1064 668 1115 ignem
675 1063 836 1114 strunt.
891 1063 986 1102 Non
1007 1062 1105 1101 alios
1132 1062 1324 1115 designat,
1350 1076 1472 1115 quam
1498 1063 1587 1102 illos

159 1123 315 1155 nostros
334 1115 478 1155 milites
503 1117 709 1156 Robertos.
769 1117 926 1157 Debent
947 1119 1052 1157 enim
1077 1131 1122 1157 ex
1152 1119 1332 1155 instituto
1369 1124 1409 1156 et
1443 1117 1586 1157 volunt

159 1169 339 1210 diabolos
370 1172 594 1211 incarnatos
621 1179 915 1225 repraesentare
931 1202 943 1222 ,
986 1179 1024 1211 et
1052 1172 1216 1211 historia
1242 1172 1413 1224 Turpini
1443 1187 1481 1211 c.
1519 1173 1580 1212 18.

159 1238 228 1263 eos
253 1226 390 1264 lat-‘ms
414 1227 593 1266 barbatas
607 1257 619 1275 ,
644 1236 823 1266 eor-nutas
839 1257 852 1274 ,
881 1227 1128 1266 daemonibus
1153 1228 1367 1265 consimiles
1393 1226 1581 1280 appellat.

157 1279 361 1319 Putabant
388 1295 531 1334 nempe
565 1283 705 1320 Graeci
732 1282 942 1334 Latinique
979 1282 1110 1321 medio
1145 1295 1244 1320 aevo
1263 1310 1274 1332 ,
1304 1281 1464 1320 octiduo
1493 1290 1584 1335 post

158 1336 406 1373 nativitatem
426 1336 575 1375 Christi
613 1336 791 1374 diabolos
817 1351 887 1389 per
916 1337 1054 1375 orbem
1076 1344 1274 1375 terrarum
1296 1337 1583 1389 circumvagari

157 1395 197 1427 et
215 1403 240 1427 a
269 1389 444 1438 Christo,
472 1391 522 1428 ad
544 1391 824 1430 destruendum
838 1391 985 1429 diaboli
1010 1405 1176 1444 regnum
1196 1391 1442 1437 adveniente,
1470 1391 1583 1444 fuga-

157 1449 220 1481 tos
248 1443 477 1496 abitumque
501 1453 684 1497 parantes
702 1474 714 1495 ,
755 1446 823 1484 sed
853 1446 997 1483 invitos
1028 1453 1067 1484 et
1090 1447 1224 1484 anxios
1249 1460 1320 1497 per
1350 1445 1498 1497 plateas
1536 1447 1578 1484 iu

160 1504 248 1536 atra
281 1505 321 1536 et
338 1499 537 1551 ignivoma
562 1501 689 1551 specie
715 1500 1054 1538 circumcursitare
1091 1508 1128 1538 et
1161 1507 1410 1538 occurrentes
1437 1501 1580 1538 misere

159 1551 360 1602 mulcare,
378 1556 610 1606 praesertim
631 1584 641 1601 ,
672 1553 782 1592 rabie
806 1556 846 1592 in
870 1554 1059 1606 parvulos
1079 1555 1132 1592 ob
1149 1553 1360 1606 parvulum
1375 1553 1577 1592 Christum

156 1614 347 1660 concepta
363 1637 375 1658 ,
427 1608 500 1646 hos
546 1610 721 1661 arripere
761 1615 800 1647 et
845 1616 1047 1661 torquere.
1116 1609 1236 1646 Unde
1278 1615 1370 1646 nata
1412 1623 1576 1660 persua-

158 1662 243 1711 sio,
268 1662 438 1701 infantes
473 1664 576 1702 cirea
602 1664 642 1702 id
667 1664 854 1715 temporis
887 1678 968 1702 non
1002 1665 1109 1701 nasci
1136 1665 1211 1701 nisi
1249 1662 1474 1714 epilepticos
1508 1671 1577 1702 aut

154 1717 355 1756 maniacos
394 1724 433 1756 et
474 1718 525 1756 ad
575 1717 679 1756 male
711 1718 907 1770 agendum
943 1717 1119 1770 aliosque
1162 1717 1385 1756 vexandum
1424 1717 1574 1766 factos;

153 1771 238 1809 vid.
260 1772 326 1810 Du
342 1772 477 1825 Cange
494 1786 535 1810 v.
558 1769 938 1823 Καλλικαντζάρος.
970 1774 1081 1811 Anus
1105 1772 1278 1825 profecto
1298 1778 1455 1810 nostrae
1475 1772 1575 1810 duo·

155 1825 284 1864 decim
299 1856 312 1877 ,
339 1833 386 1865 ut
422 1827 542 1879 vulgo
574 1827 794 1879 appellant,
846 1828 1027 1866 noctibus
1067 1841 1181 1879 aegre
1224 1826 1421 1878 prodeunt
1466 1833 1575 1864 extra

155 1879 301 1931 limen,
328 1895 457 1933 neque
482 1884 616 1919 sinunt
658 1881 872 1934 quidquam
900 1881 1152 1934 supellectilis
1176 1881 1414 1926 domesticae
1426 1879 1571 1930 efferri,

150 1947 280 1987 neque
311 1935 398 1974 aliis
428 1936 680 1974 commodant
725 1943 763 1974 et
813 1937 990 1988 parvulis
1021 1937 1089 1974 illo
1122 1936 1290 1974 maxime
1312 1942 1489 1986 tempore
1510 1949 1573 1973 se-

153 1988 250 2028 dulo
270 1997 423 2028 cavent.
482 1992 665 2040 Quorum
693 1991 870 2028 omnium
898 1991 1169 2028 institutorum
1206 1988 1381 2041 exempla
1409 2003 1431 2027 e
1457 1996 1572 2027 vetu-

152 2044 341 2083 stioribus
365 2046 608 2097 temporibus
635 2047 756 2098 petita
784 2045 907 2083 habes
934 2045 1038 2098 apud
1066 2045 1132 2082 Du
1151 2045 1284 2096 Gange
1311 2043 1355 2082 ll.
1386 2057 1445 2082 cc.
1491 2044 1570 2082 Su-

150 2099 331 2150 perstitio
355 2101 489 2152 itaque
515 2099 695 2153 religioni
726 2101 958 2151 imputavit,
988 2099 1096 2153 quod
1123 2106 1288 2137 naturae
1305 2105 1404 2137 erat.
1459 2098 1567 2136 Hor-

149 2153 261 2191 ridae
287 2160 379 2191 sunt
407 2168 477 2206 per
502 2168 543 2192 se
570 2153 709 2207 longae
736 2162 843 2192 atrae
870 2162 1004 2193 noctes
1031 2154 1248 2202 hibernae,
1277 2167 1349 2205 per
1377 2166 1475 2204 quas
1498 2159 1568 2190 aut

147 2207 371 2259 petulantes
398 2209 560 2247 iuvenes
588 2217 846 2247 comessatum
867 2223 1025 2247 currere
1054 2223 1143 2246 cum
1170 2207 1309 2246 faculis
1338 2208 1505 2258 tempori
1527 2213 1567 2245 et

148 2264 320 2300 moerori
348 2262 519 2300 fallendo
547 2262 699 2311 solent,
750 2271 819 2302 aut
847 2263 954 2303 fures
981 2263 1126 2315 aliique
1153 2262 1318 2300 malefici
1355 2261 1566 2300 sceleribus

146 2317 418 2369 perpetrandis
458 2324 727 2370 opportunum
771 2325 927 2370 tempus
970 2318 1152 2357 tenebras
1189 2317 1293 2355 nacti
1339 2315 1560 2368 invigilant.

146 2369 299 2410 Verum
336 2385 417 2410 non
453 2385 477 2409 a
516 2371 746 2411 Christianis
775 2380 986 2411 manarunt
1011 2373 1055 2410 hi
1082 2385 1248 2410 errores.
1307 2371 1466 2409 Graecis
1493 2370 1562 2408 de-

144 2423 305 2475 bentur,
329 2440 498 2479 quorum
514 2428 827 2478 superstitiones,
858 2427 978 2477 idola,
1008 2427 1119 2464 mimi
1139 2434 1178 2465 et
1194 2439 1376 2478 perversa
1396 2425 1561 2478 dogma-

146 2485 212 2528 ta,
252 2482 440 2532 quoniam
482 2480 596 2519 evelli
638 2495 660 2518 e
698 2481 895 2519 mentibus
921 2481 1129 2519 hominum
1147 2495 1227 2518 non
1244 2486 1442 2532 poterant,
1462 2493 1561 2531 quos

148 2535 300 2587 antiqui
337 2535 520 2573 ecclesiae
555 2542 686 2587 patres
720 2549 793 2587 pro
831 2549 904 2574 suo
943 2542 1057 2574 coetu
1098 2542 1138 2574 et
1165 2535 1396 2573 Christianis
1422 2533 1560 2572 haberi

149 2588 358 2639 cupiebant
375 2618 387 2637 ‚
418 2597 614 2628 asservata
653 2589 837 2638 suerunt,
877 2590 1074 2642 hodieque
1100 2603 1283 2642 magnam
1307 2596 1459 2641 partem
1478 2603 1560 2627 no-

147 2647 248 2680 strae
275 2642 473 2696 religionis
513 2646 757 2682 constituunt
766 2674 778 2692 ‚
816 2644 922 2695 quod
951 2643 1172 2696 exemplum
1212 2658 1284 2696 pro
1325 2658 1368 2682 se
1394 2642 1561 2695 allegare

148 2702 327 2746 poterant
342 2727 353 2747 ⁷
384 2700 454 2751 qui
481 2712 624 2738 novam
652 2697 881 2750 religionem
908 2699 948 2736 in
978 2698 1107 2738 China
1134 2712 1156 2738 e
1182 2698 1403 2738 Chn'stiana
1423 2705 1462 2737 et
1478 2698 1559 2737 Ta-
