1884 3132
160 154 234 195 An
277 151 572 196 consum.
610 151 804 193 Pom’n.
843 153 916 192 DE
955 150 1135 192 cmm.
1178 151 1280 191 Lm.
1307 153 1360 191 11.
1404 132 1510 206 775

85 271 198 310 saepe
225 256 379 296 addunt
408 255 637 295 nominibus
663 254 849 304 urbium,
875 255 944 294 ubi
972 254 1103 294 lucem
1131 255 1302 307 primam
1326 254 1513 308 adspexe-

85 319 181 351 runt
198 341 210 362 ‚
243 318 313 350 aut
341 311 381 350 in
406 311 554 364 quibus
582 309 755 363 degunt,
791 317 860 348 aut
891 323 988 362 quas
1015 310 1094 348 alio
1124 311 1283 347 nomine
1312 323 1510 348 veneran-

84 385 152 416 tur
183 353 379 431 *mn-3&
412 352 612 426 ἒίΞῦ-ὄὲῖ,
645 365 839 431 §joa-2115,
885 389 1003 429 quam
1035 375 1128 413 deus
1155 374 1375 424 mstodiat,
1411 389 1511 428 pro-

82 451 204 495 tegat,
223 439 258 494 ,ἢ
286 436 595 494 &aquilam-⁰9,-
622 447 759 479 contra
784 431 944 490 'Ji-bam,
979 437 1004 490 ἦ
1024 432 1254 487 θεόλεστοζ,
1277 453 1397 493 quam
1416 440 1509 478 deus

78 497 238 551 pet-dat.
294 495 334 534 A
364 495 618 534 Cretensibus
655 502 788 533 autem
814 495 1020 533 Saracenis
1053 492 1156 532 male
1190 501 1349 532 vexatos
1390 494 1512 533 fuisse

85 551 258 590 Graecos
284 556 447 603 apparet
469 564 493 588 e
518 549 753 602 Luitprandi
786 550 957 596 Historia
983 564 1023 601 p.
1045 547 1141 598 426.
1165 547 1207 586 b.
1230 562 1266 587 c.
1282 548 1411 594 f.‚ubi
1438 549 1507 588 ait:

84 605 223 644 habent
250 604 469 655 Byzantina·
491 618 518 643 a
547 604 709 643 meridie
734 605 846 643 illam
882 605 1052 644 vicinam
1088 604 1279 657 nimisque
1305 604 1381 642 sibi
1405 605 1511 642 invi-

23 665 27 668 “
83 673 168 699 sam
198 659 368 698 c'oetam.

190 713 237 753 C.
258 712 302 753 6.
332 710 450 768 [651‚
477 709 557 765 15.]
590 709 777 766 Κρήτης.
829 712 890 751 De
919 713 996 752 hac
1033 711 1276 765 expeditione
1317 721 1511 752 memorat

84 769 169 808 Leo
195 768 454 808 Grammatic.
484 781 527 820 p.
547 765 642 818 484.
671 781 759 821 sqq.
790 766 935 820 Script.
962 774 1052 821 post
1080 765 1317 819 Theophan.
1346 782 1388 821 p.
1413 767 1509 807 226.

83 837 173 878 sqq.
205 823 274 862 Du
290 822 424 875 Gange
451 821 502 860 ad
532 822 680 860 Zonar.
712 837 753 875 p.
776 835 845 875 97.

191 877 244 916 D.
269 877 310 917 3.
338 876 457 931 [651‚
482 874 563 930 19.]
594 874 778 921 διπλοῦς.
838 876 947 915 Puto
973 889 1058 915 esse
1095 874 1277 915 homines
1313 876 1509 927 vicarios,

83 933 153 986 qui
180 933 359 985 exigente
384 932 616 970 necessitate
644 931 687 969 in
715 929 885 970 aliorum
911 930 1185 970 decedentium
1212 930 1345 970 locum
1372 945 1510 971 succe-

82 988 176 1028 dere
201 987 331 1040 possm‘
332 993 364 1025 t.
650 996 653 998 ·

93 1056 95 1059 ⁴
166 1042 263 1095 377.
291 1041 348 1080 D.
369 1038 407 1091 4.
427 1037 544 1094 [654,
576 1037 625 1092 1.]
646 1037 926 1090 Μαρδαϊτῶν.
978 1039 1080 1078 Sunt
1105 1039 1249 1092 gemini
1271 1037 1506 1087 mardaitae,

81 1094 292 1136 orientales
322 1102 363 1134 et
388 1093 663 1133 occidentales.
719 1093 782 1133 lili
814 1101 927 1133 erant
959 1101 1111 1133 veteres
1137 1094 1293 1133 Pisidae
1319 1101 1359 1132 et
1386 1093 1508 1132 Pam-

80 1149 223 1205 phyli,
267 1155 312 1190 et
359 1147 595 1189 habitabant
639 1149 746 1188 circa
793 1148 985 1188 Attaliam
1032 1150 1074 1188 in
1137 1149 1310 1187 themate
1362 1147 1507 1202 Cibyr-

80 1205 350 1246 rhaeotarum.
407 1203 506 1242 Inde
533 1203 715 1242 traducta
741 1217 835 1256 pars
863 1217 1002 1243 eorum
1029 1203 1304 1256 deponebatur
1324 1204 1366 1241 in
1385 1203 1508 1242 Thes-

81 1259 179 1298 salia
205 1266 246 1298 et
271 1256 507 1298 Macedonia
544 1265 584 1298 et
610 1271 683 1310 per
710 1257 856 1296 insulas
875 1258 1022 1311 Aegaei
1054 1259 1175 1297 maris
1205 1257 1506 1311 spargebantur.

82 1314 137 1353 Hi
163 1314 259 1352 dicti
288 1314 449 1352 fuerunt
475 1310 750 1352 occidentales.
810 1312 1017 1352 Heraclius
1047 1327 1113 1352 eos
1140 1327 1211 1351 sno
1247 1321 1426 1365 tempore
1464 1314 1508 1350 in

81 1374 260 1407 montem
286 1367 484 1406 Libanum
511 1374 551 1406 et
577 1365 843 1405 Palaestinam
869 1366 1078 1417 mittebat,
1119 1375 1164 1405 ut
1197 1367 1412 1406 Saracenos
1449 1365 1508 1404 ihi

79 1429 267 1462 vexarent
294 1428 334 1460 et
358 1423 632 1474 reprimerent.
686 1421 807 1471 Quod
835 1423 987 1475 egregie
1012 1422 1188 1460 iecerunt
1205 1450 1216 1468 ‚
1255 1428 1387 1460 totum
1422 1427 1507 1459 tra-

83 1483 194 1516 ctum
223 1491 248 1516 a
275 1475 395 1529 Nigro
421 1482 583 1523 monte,
613 1475 690 1514 hoc
720 1483 779 1513 est
808 1476 859 1514 ab
889 1475 1102 1514 Antiochia
1149 1476 1240 1514 inde
1289 1482 1327 1514 et
1362 1474 1507 1513 finibus

84 1531 270 1582 Ciliciae,
296 1543 422 1583 usque
452 1530 503 1568 ad
530 1530 684 1569 Urbem
712 1537 887 1568 sanctam
915 1530 1208 1569 excursionibus
1230 1536 1269 1567 et
1287 1529 1507 1582 depraeda-

83 1585 261 1626 tionibus
285 1584 526 1625 infestantes.
584 1585 621 1624 E
648 1585 794 1623 vicinia
820 1585 1107 1623 Saracenorum
1146 1583 1333 1622 videntur
1361 1597 1507 1622 nomen

83 1642 290 1694 accepisse.
342 1638 406 1679 Cl.
438 1639 709 1679 Assemannus
735 1645 840 1678 certe
867 1638 970 1678 Bibl.
1002 1639 1078 1678 Or.
1107 1639 1159 1676 T.
1191 1638 1225 1677 1.
1260 1653 1302 1691 p.
1339 1638 1432 1679 502.
1464 1637 1506 1676 id

85 1705 239 1747 derivat
266 1719 290 1745 a
316 1705 403 1759 05⁴⁶,
437 1704 616 1744 illut-ada
630 1734 642 1756 ,
671 1705 845 1753 rebellis,
872 1706 1002 1753 ferox,
1035 1705 1244 1744 indomiws
1256 1705 1359 1756 fict‘t.
1413 1702 1506 1741 Non

84 1770 358 1825 improbabilis
385 1784 432 1809 ea
460 1769 697 1824 etymologia
726 1777 797 1809 est.
853 1770 986 1810 Possit
1015 1784 1174 1823 quoque
1201 1768 1265 1809 vel
1292 1783 1315 1807 a
1343 1771 1409 1821 ὸ),
1439 1769 1504 1808 vel

84 1851 109 1876 a
142 1829 227 1892 Ol„
260 1836 446 1876 derivari.
499 1834 657 1874 Scilicet
680 1849 703 1874 a
730 1836 853 1888 priori
881 1842 940 1874 est
966 1837 1008 1874 in
1035 1836 1246 1888 participio
1263 1834 1382 1878 vlu.
1417 1849 1505 1874 con-

82 1902 294 1955 iugationis
334 1899 460 1955 ‘’³5⁴'’
491 1900 688 1940 Munadd
717 1908 756 1939 et
787 1891 940 1957 muys,
975 1900 1020 1938 al
1054 1900 1301 1939 Manaddah
1327 1907 1420 1938 sunt
1456 1914 1504 1938 a·

77 1965 254 2009 postulae
271 1985 284 2007 ,
310 1956 480 2010 relapsi,
512 1956 708 1994 haeretici.
760 1955 883 1994 Forte
921 1961 1014 1994 sunt
1049 1955 1092 1993 hi
1118 1954 1345 1993 Mardaitae
1383 1954 1504 1992 iidem

84 2024 177 2050 cum
205 2009 472 2057 PauIIcianis‚
500 2009 730 2056 haereticis,
758 2011 829 2062 qui
858 2024 901 2049 ex
920 2010 1111 2049 Armenia
1138 2016 1178 2048 et
1197 2009 1291 2047 Asia
1311 2010 1351 2046 in
1371 2007 1504 2046 Thra-

83 2066 185 2103 ciam
226 2079 250 2104 a
282 2065 536 2118 Copronymo
571 2064 741 2103 traducti
778 2071 818 2103 et
861 2079 965 2103 circa
999 2063 1298 2116 Philippopolin
1336 2062 1503 2115 depositi

81 2129 255 2169 suerunt.
321 2129 366 2168 Si
391 2143 487 2169 vero
515 2143 538 2168 a
569 2122 627 2184 Oi)
693 2137 872 2182 repetas,
927 2128 1159 2182 significabit
1210 2117 1390 2180 ΒὸΙ-ζ-δῖ,
1460 2129 1506 2166 αἱ

82 2184 313 2234 Min-cadula,
338 2183 530 2233 homines,
556 2186 626 2237 qui
652 2184 703 2223 ad
731 2184 1002 2237 quaerendum
1028 2183 1083 2233 id,
1111 2182 1218 2235 quod
1246 2189 1437 2234 appetunt
1465 2189 1504 2220 et

82 2251 164 2291 quo
192 2237 389 2290 indigent,
417 2245 559 2277 exeunt
588 2246 628 2277 et
654 2239 854 2277 oberrant.
912 2239 1039 2277 Erant
1066 2240 1171 2276 enim
1209 2237 1252 2275 hi
1279 2236 1502 2275 Murdaitae

80 2292 204 2345 magis
232 2292 373 2331 subitis
399 2293 440 2331 in
469 2306 582 2345 agros
610 2293 770 2332 hostiles
797 2292 1111 2342 incursionibus,
1141 2291 1302 2344 agendis
1329 2291 1498 2344 praedis,

80 2345 259 2386 locandis
284 2346 447 2396 insidiis,
479 2361 599 2399 quam
626 2361 778 2400 pugnae
805 2349 985 2386 statariae
1014 2347 1152 2396 utiles,
1181 2345 1337 2384 husai-is
1359 2347 1502 2384 nostris

83 2401 246 2440 similes.
304 2401 351 2439 In
379 2402 490 2439 omni
517 2408 624 2439 certe
650 2402 815 2440 historia
836 2409 880 2440 ut
899 2403 989 2447 feri,
1022 2400 1199 2440 crudeles
1226 2400 1406 2438 homines
1433 2400 1484 2438 de

85 2455 331 2494 scribuntur.
389 2454 593 2494 Cedrenus
612 2469 652 2507 p.
675 2455 767 2504 451.
786 2456 831 2495 C.
850 2456 888 2495 6.
917 2455 1052 2494 laudat
1070 2469 1206 2494 eorum
1233 2455 1503 2493 dexteritatem

82 2522 128 2548 ex
157 2510 308 2549 insidiis
334 2508 467 2548 hostes
494 2509 711 2548 obruendi:
743 2508 857 2562 δίκην
872 2509 1135 2562 Μαρδαϊταῖν
1164 2505 1434 2562 κρυπτόμενοι
1463 2504 1503 2546 οἷ

77 2570 273 2623 Ῥωμαῖοι
302 2572 497 2627 ἐξαίφνης
525 2569 686 2619 τούτοις
712 2572 1030 2626 ἑπιρρϊπτοιτες.
1069 2566 1166 2628 0¹3)
1223 2580 1335 2612 notat
1374 2572 1500 2625 pabu-

85 2625 209 2666 latum
236 2627 300 2667 vel
329 2635 519 2681 aquatum
547 2629 650 2667 exire
666 2657 677 2678 ‚
702 2628 764 2667 vel
797 2630 1044 2681 quaesitum,
1071 2629 1140 2667 ubi
1168 2642 1294 2681 aqua,
1330 2627 1397 2666 ubi
1429 2642 1498 2679 pa·

84 2679 254 2734 bulum,
278 2683 346 2722 ubi
377 2685 418 2722 in
447 2685 671 2722 universum
700 2685 822 2723 victui
850 2684 1066 2723 necessaria
1093 2685 1186 2732 sint,
1215 2696 1353 2736 eoque,
1371 2681 1499 2721 saltim
