1884 3132
288 133 395 188 272
557 131 630 173 10.
675 131 780 174 IAC.
821 134 1016 175 REISKII
1057 133 1435 178 COMMENTARII
1459 151 1462 154 ·
1488 152 1496 162 '

284 245 462 292 corrupte
500 237 706 288 rcfi’rentes
749 237 863 276 illum
899 249 1091 278 vocarunt
1126 240 1287 293 Bzgoch.
1350 239 1464 280 Unde
1505 240 1735 283 Nor-mama·

284 294 411 332 adlucc
431 292 594 344 Bigoclzi
612 300 817 331 vocantur.

375 348 462 396 140.
489 348 538 385 Α.
565 361 626 385 11.
649 346 771 401 [239,
793 346 849 401 4.]
893 344 1130 401 ἔιιπρατος,
1183 349 1248 389 vel
1293 345 1547 402 ἕμπραττος,
1598 366 1729 392 novae

287 403 478 441 Graeciae
506 416 617 440 more
645 417 717 456 pro
745 399 1009 455 ἐζιιπρακτοςς
1036 413 1081 444 ut
1099 413 1239 444 contra
1270 398 1479 456 ἅπραττος
1498 420 1570 459 pro
1596 400 1734 460 ἄπρα-

286 471 394 505 κτος.
423 450 680 510 ’Έμπρακτοι
699 488 710 510 ,
740 460 810 515 qui
835 469 923 497 sunt
952 461 993 498 itz
1026 463 1191 499 actione.
1229 455 1646 514 AppellabantLatini
1673 476 1736 502 se·-

287 515 446 567 quiores
474 515 664 552 accionem
680 544 690 561 ‚
720 513 828 568 quod
858 529 932 553 nos
943 517 1209 566 ιχ’ἱυισῑίοηεηι.
1243 517 1278 555 V
1283 514 1339 554 id.
1355 512 1580 571 Du‘Cange
1599 517 1732 557 Gloss.

287 570 336 608 L.
356 583 396 607 v.
429 570 529 608 accio
557 575 596 608 et
621 578 741 608 actus.
798 568 994 623 Dignitas‚
1023 586 1121 626 quae
1148 573 1231 626 ipso
1258 580 1364 624 gestu
1380 572 1626 626 praefidget,
1658 568 1735 623 2111.-

287 638 492 677 πραττος,
527 631 568 663 et
588 639 690 678 quae
713 626 927 664 honorat-ia
955 636 1010 665 esc
1033 657 1044 673 ‚
1070 621 1281 680 ἄπραττος
1298 657 1307 675 ,
1329 635 1616 680 opponuntur3
1645 627 1730 669 vid.

289 680 459 718 Guther.
490 679 572 719 Off.
610 681 664 718 D.
686 680 745 735 ΓΑ.
775 696 817 734 p.
848 679 913 732 54.
946 689 985 720 et
1013 681 1108 732 451.
1127 713 1138 731 ,
1168 682 1239 721 ubi
1268 682 1412 735 triplex
1442 682 1735 722 honoratorum

289 735 501 774 discrimen
532 738 694 775 statuit:
725 739 795 791 qui
819 738 861 774 in
888 746 975 776 acta
1004 746 1112 786 sunt,
1154 747 1364 786 vacantes,
1402 752 1472 776 seu
1504 739 1639 778 allecti
1668 737 1735 778 vel

289 790 442 844 szgsfi‘cti
457 821 466 839 ‚
491 798 530 830 et
550 793 766 830 honorarii.
821 792 949 830 Primi
990 799 1083 832 sunt
1123 788 1381 845 ἒζιιηρακτοι,
1415 794 1579 832 secundi
1606 789 1736 844 μεσό-

291 860 480 899 πρακτοι,
511 847 618 886 tertii
651 839 868 899 ἄπρακτοι.
929 847 1146 901 Capitolin.
1178 850 1219 886 in
1245 848 1466 887 Pertinace.
1491 849 1540 891 T.
1560 850 1593 887 1.
1627 848 1734 887 Hist.

290 903 399 954 Aug.
427 915 468 954 p.
504 902 599 953 545.
623 916 634 940 :
677 903 787 941 iuss-ic
809 917 872 941 eos
885 933 896 951 ,
940 905 1011 958 qui
1036 912 1247 958 praeturas
1282 918 1363 943 non
1384 905 1627 956 §ges-sissent,
1668 903 1741 942 sed

291 958 496 996 allectione
514 959 748 1011 accepissent
762 988 773 1009 ‚
793 967 884 1012 post
905 973 969 997 eos
989 973 1068 997 esse
1083 990 1093 1006 .,
1123 960 1193 1014 qui
1215 973 1307 997 vere
1331 968 1534 1014 praetores
1544 960 1735 1011 fuissent.

292 1013 447 1065 Vegetii
479 1012 589 1051 locus
622 1013 678 1051 ΙΙ.
710 1026 776 1052 21.
799 1042 811 1063 ‚
844 1028 964 1066 quem
994 1014 1198 1053 Gutherus
1227 1014 1323 1053 citat
1341 1043 1352 1064 ‚
1390 1013 1620 1067 praeclarus
1649 1020 1736 1053 est:

294 1067 374 1107 His
394 1069 497 1106 euim
519 1069 830 1123 multiplicantur
847 1084 1051 1116 annonae,
1095 1071 1166 1125 (sui
1192 1071 1233 1108 in
1259 1079 1347 1108 actu
1375 1078 1486 1118 Sunt5
1528 1084 1628 1125 quae
1658 1069 1741 1108 illis

292 1125 411 1162 etiam
429 1125 656 1162 vacantibus
682 1125 902 1162 tribuuntur
917 1155 927 1172 ‚
962 1139 1059 1180 quas
1077 1126 1282 1163 honorarii
1301 1125 1432 1163 nullas
1456 1125 1610 1164 habent.
1639 1123 1736 1163 Vid.

293 1179 363 1217 Du
391 1178 522 1232 Gange
552 1179 684 1218 Gloss.
718 1180 790 1217 Gr.
814 1179 856 1217 h.
887 1193 927 1218 v.
962 1187 1000 1218 et
1028 1179 1163 1218 Vales.
1193 1179 1243 1217 ad
1274 1179 1413 1218 Amin.
1443 1181 1570 1219 Marc.
1603 1194 1644 1233 p.
1670 1179 1738 1234 78.

295 1234 351 1273 A.
367 1265 379 1284 ‚
409 1234 479 1272 ubi
501 1242 540 1273 et
562 1235 782 1289 praecincti
806 1236 950 1273 honore
969 1236 1120 1288 cinguli
1138 1236 1253 1273 otiosi
1281 1230 1496 1285 dicuntur,
1523 1242 1562 1274 et
1581 1234 1743 1274 Selden.

296 1290 379 1328 Tit.
411 1290 566 1328 Honor.
598 1290 648 1329 P.
681 1290 736 1328 II.
766 1304 808 1343 p.
831 1290 897 1328 52.
930 1291 1025 1340 55.;
1059 1305 1139 1342 non
1171 1298 1306 1329 tamen
1335 1290 1606 1329 confundendi
1648 1303 1743 1328 cum

297 1345 553 1398 adscriptitiis
581 1345 647 1384 vel
662 1344 927 1395 vacantibus,
952 1346 1023 1399 qui
1052 1353 1165 1384 erant
1194 1345 1339 1384 milites
1370 1345 1709 1399 supernumerarii
1723 1363 1740 1395 ⁸,

296 1401 493 1454 stipendia
524 1401 784 1454 percipientes
813 1400 963 1453 absque
990 1400 1156 1440 militiae
1173 1401 1390 1439 functione.
1449 1401 1546 1440 Vid.
1571 1400 1746 1440 Casaub.

301 1456 406 1495 Hist.
439 1455 547 1509 Aug.
577 1457 630 1495 T.
662 1457 695 1495 I.
722 1472 761 1510 p.
785 1470 880 1510 902.
946 1457 1157 1495 Harduino
1189 1456 1239 1494 ad
1270 1456 1539 1495 Themistium
1578 1471 1621 1508 p.
1646 1454 1742 1510 475.

300 1513 343 1550 ἰη
367 1521 455 1551 actu
481 1513 677 1551 constimti
704 1519 798 1551 sunt
826 1511 961 1550 Praef.
994 1512 1210 1565 praetorio,
1242 1511 1474 1551 Praefectus
1501 1511 1608 1551 Urbi
1629 1540 1640 1561 ‚
1660 1525 1747 1549 ma-

301 1569 414 1621 gistri
443 1567 647 1607 militum:
687 1567 837 1607 diversi
870 1575 1004 1606 autem
1033 1568 1187 1620 generis
1215 1566 1407 1621 (adeoque
1423 1559 1644 1620 ἄπρακτοι)
1677 1580 1748 1605 co·-

302 1637 386 1662 mes
415 1638 620 1662 sacraru1n
650 1622 908 1677 largitionum
927 1653 938 1672 ,
981 1637 1113 1661 comes
1141 1623 1199 1661 rei
1230 1623 1433 1675 privatae,
1472 1622 1661 1676 magister
1687 1621 1748 1660 os·

301 1679 508 1727 ficiorum,
549 1686 750 1732 quaestor.
808 1679 886 1717 sed
922 1677 1004 1717 falli
1048 1693 1140 1717 eum
1178 1678 1312 1731 palam
1341 1684 1411 1717 est.
1470 1677 1575 1716 Nam
1603 1684 1644 1715 et
1672 1675 1715 1714 hi
1736 1705 1749 1727 ,

303 1735 335 1772 si
365 1736 434 1788 qui
465 1734 532 1773 alii
560 1749 767 1788 unquam,
798 1742 911 1773 erant
939 1730 1179 1785 {Junpcmwn
1241 1734 1391 1772 Verum
1419 1739 1507 1771 toto
1547 1731 1659 1771 coelo
1687 1731 1750 1770 di-

101 1798 166 1832 Ed.
179 1797 217 1833 L.
233 1797 279 1834 86
304 1804 417 1830 versa
445 1789 568 1829 tradit
595 1790 647 1829 ab
677 1790 739 1829 his
767 1797 907 1829 auctor
918 1788 1173 1842 Cletorologii
1201 1803 1242 1841 p.
1260 1788 1422 1837 461.C.
1454 1802 1507 1837 1.,
1536 1787 1607 1840 qui
1628 1787 1751 1840 primi

307 1847 461 1885 ordinis
504 1861 714 1899 proceres,
743 1853 789 1884 ut
816 1847 1001 1899 patricios
1030 1851 1247 1897 strategos,
1280 1843 1330 1881 ad
1362 1837 1462 1889 τούς
1489 1840 1753 1895 ἑμπράκτους

306 1902 454 1952 refert3
502 1902 622 1940 medii
663 1901 840 1951 ordinis,
884 1909 930 1940 ut
966 1901 1152 1952 patricios
1178 1897 1394 1948 officiales,
1434 1911 1504 1936 seu
1532 1899 1572 1936 in
1603 1897 1751 1936 muniis

307 1957 471 2004 aulicis,
509 1972 590 1996 non
620 1957 858 1995 militaribus
879 1988 889 2005 ‚
937 1955 1006 1994 sed
1035 1954 1243 2000 civilibus,
1290 1955 1548 2000 constitutos,
1581 1951 1751 2003 ἐμπολι-

305 2010 448 2059 τικούς
469 2043 479 2060 ,
525 2007 873 2064 μεσοπράκτους;
913 2010 1075 2050 tandem
1104 2006 1302 2048 inferioris
1331 2008 1508 2059 ordinis,
1539 2014 1584 2047 ut
1610 2013 1750 2061 proto—

308 2068 531 2121 spatharios
563 2075 659 2116 etc.‚
691 2061 926 2119 ἀπράκτους
953 2067 1135 2104 nominat
1154 2095 1164 2111 ‚
1210 2065 1393 2117 quamvis
1419 2063 1464 2104 hi
1504 2077 1589 2103 non
1616 2063 1751 2102 minus

307 2131 428 2177 atque
455 2123 512 2162 illi
543 2124 764 2176 superiores
791 2123 833 2160 in
862 2121 1067 2160 functione
1093 2127 1238 2158 essent.

398 2179 485 2228 140.
508 2178 554 2217 C.
577 2193 617 2232 9.
641 2178 766 2232 [239,
798 2176 888 2230 22.]
939 2171 959 2214 ὅ
988 2171 1285 2227 νουμεράριος.
1343 2172 1430 2212 Aut
1458 2170 1750 2226 νουμεράρης,

309 2241 356 2272 ut
374 2234 439 2274 hic
463 2242 501 2273 et
529 2234 714 2287 deinceps
743 2239 803 2271 est
830 2233 873 2270 in
890 2232 947 2270 M.
987 2231 1069 2280 Qui
1098 2230 1228 2283 qualis
1258 2229 1390 2279 fuerit,
1416 2243 1498 2268 non
1516 2228 1618 2267 bene
1636 2228 1749 2278 novi,

310 2290 413 2328 sitne
442 2290 569 2339 idem,
598 2290 667 2343 qui
701 2288 977 2336 numerarius,
1009 2285 1060 2324 de
1100 2299 1181 2339 quo
1220 2300 1262 2324 v.
1295 2284 1464 2323 Guther.
1500 2281 1584 2322 Off.
1613 2283 1667 2320 D.
1693 2281 1746 2322 A.

311 2357 352 2395 p.
371 2343 483 2398 589„
502 2344 638 2384 Vales.
672 2344 723 2383 ad
752 2342 890 2381 Amm.
921 2340 1103 2381 Marcell.
1134 2355 1174 2394 p.
1196 2341 1265 2395 93.
1291 2340 1339 2378 B.
1373 2346 1413 2379 et
1443 2338 1538 2379 553.
1572 2338 1650 2384 B..
1681 2337 1752 2377 Du

313 2399 447 2452 Gange
485 2399 614 2439 Gloss.
644 2401 735 2438 Lat.
773 2398 816 2436 h.
849 2413 891 2436 v.
929 2405 967 2436 et
997 2403 1178 2436 auctores
1220 2396 1272 2434 ab
1310 2408 1358 2433 eo
1385 2393 1588 2433 numerosi
1627 2392 1751 2436 citati,

311 2453 441 2492 Erant
468 2462 602 2494 autem
628 2455 690 2495 illi
718 2455 979 2507 computistae
1032 2451 1099 2491 vel
1143 2450 1426 2496 calculatores,
1466 2447 1653 2500 deinceps
1686 2453 1750 2486 ta-

313 2507 459 2546 bularii
487 2510 603 2558 dicti,
635 2512 704 2564 qui
731 2509 936 2563 publicum
966 2522 1179 2546 nummum
1206 2506 1358 2545 aerario
1386 2502 1610 2543 inferebant
1625 2532 1635 2550 ‚
1679 2516 1750 2557 seu

318 2565 388 2615 qui
429 2566 639 2615 pecuniam
677 2567 826 2618 regiam
867 2579 912 2603 ex
940 2563 1129 2613 tributis,
1180 2561 1366 2616 portoriis
1408 2565 1447 2597 et
1489 2556 1750 2610 vectigalibus

316 2625 471 2670 partam
502 2620 543 2656 in
583 2622 734 2659 aeraria
763 2619 1000 2659 inferebant.
1058 2618 1155 2657 Fuit
1192 2627 1349 2669 quoque
1376 2613 1619 2651 numerarius
1651 2612 1717 2651 ille
1736 2643 1748 2661 ‚

314 2673 383 2726 qui
413 2673 649 2725 gladiatores
677 2683 716 2714 et
744 2677 899 2728 aurigas
926 2679 1156 2712 numeraret
1185 2679 1224 2710 et
1254 2670 1295 2708 in
1323 2668 1495 2707 libellum
1531 2668 1754 2707 numerari-

317 2742 381 2767 um
409 2727 623 2781 referebat,
654 2730 704 2769 de
736 2745 817 2784 quo
845 2730 927 2770 vid.
960 2728 1126 2770 Salmas.
1160 2726 1211 2766 ad
1241 2725 1326 2764 Ser.
1361 2723 1466 2763 Hist.
1493 2722 1600 2778 Aug.
1627 2719 1752 2764 T.11.
