<?xml version="1.0" encoding="UTF-8"?>
<!DOCTYPE html PUBLIC "-//W3C//DTD XHTML 1.0 Transitional//EN"
    "http://www.w3.org/TR/xhtml1/DTD/xhtml1-transitional.dtd">
<html xmlns="http://www.w3.org/1999/xhtml" xml:lang="en" lang="en">
 <head>
  <title>
</title>
<meta http-equiv="Content-Type" content="text/html;charset=utf-8" />
  <meta name='ocr-system' content='tesseract 3.04.00' />
  <meta name='ocr-capabilities' content='ocr_page ocr_carea ocr_par ocr_line ocrx_word'/>
</head>
<body>
  <div class='ocr_page' id='page_1' title='image "./corpusscriptorum08niebuoft/corpusscriptorum08niebuoft_0644.png"; bbox 0 0 1884 3132; ppageno 0'>
   <div class='ocr_carea' id='block_1_1' title="bbox 346 116 1520 184">
    <p class='ocr_par' dir='ltr' id='par_1_1' title="bbox 346 116 1520 184">
     <span class='ocr_line' id='line_1_1' title="bbox 346 116 1520 184; baseline 0.006 -11"><span class='ocrx_word' id='word_1_1' title='bbox 346 116 459 173; x_wconf 83' lang='lat'><strong>636</strong></span> <span class='ocrx_word' id='word_1_2' title='bbox 636 135 709 177; x_wconf 74' lang='lat' dir='ltr'><strong>io.</strong></span> <span class='ocrx_word' id='word_1_3' title='bbox 750 134 856 178; x_wconf 74' lang='grc' dir='ltr'><strong>1Αο.</strong></span> <span class='ocrx_word' id='word_1_4' title='bbox 899 137 1092 178; x_wconf 72' lang='lat' dir='ltr'><strong>Rmsxn</strong></span> <span class='ocrx_word' id='word_1_5' title='bbox 1141 120 1520 184; x_wconf 62' lang='lat' dir='ltr'><strong>commemmi</strong></span> 
     </span>
    </p>
   </div>
   <div class='ocr_carea' id='block_1_2' title="bbox 345 239 1796 2761">
    <p class='ocr_par' dir='ltr' id='par_1_2' title="bbox 345 239 1788 1598">
     <span class='ocr_line' id='line_1_2' title="bbox 345 239 1779 295; baseline 0.003 -15"><span class='ocrx_word' id='word_1_6' title='bbox 345 250 484 287; x_wconf 46' lang='lat' dir='ltr'><strong>natus.</strong></span> <span class='ocrx_word' id='word_1_7' title='bbox 505 239 710 279; x_wconf 86' lang='lat' dir='ltr'><strong>Basilicor.</strong></span> <span class='ocrx_word' id='word_1_8' title='bbox 738 241 788 279; x_wconf 92' lang='lat' dir='ltr'><strong>L.</strong></span> <span class='ocrx_word' id='word_1_9' title='bbox 809 240 961 281; x_wconf 82' lang='lat' dir='ltr'><strong>XLIX.</strong></span> <span class='ocrx_word' id='word_1_10' title='bbox 984 242 1048 279; x_wconf 81' lang='lat' dir='ltr'><strong>tit.</strong></span> <span class='ocrx_word' id='word_1_11' title='bbox 1071 239 1111 291; x_wconf 92' lang='grc'><strong>4.</strong></span> <span class='ocrx_word' id='word_1_12' title='bbox 1143 256 1180 280; x_wconf 88' lang='lat' dir='ltr'><strong>c.</strong></span> <span class='ocrx_word' id='word_1_13' title='bbox 1208 241 1269 281; x_wconf 91' lang='lat'><strong>18.</strong></span> <span class='ocrx_word' id='word_1_14' title='bbox 1287 270 1300 291; x_wconf 88' lang='lat'>‚</span> <span class='ocrx_word' id='word_1_15' title='bbox 1331 242 1385 280; x_wconf 87' lang='lat' dir='ltr'><strong>ita</strong></span> <span class='ocrx_word' id='word_1_16' title='bbox 1411 240 1615 295; x_wconf 75' lang='grc' dir='ltr'><em>θεοφιλὴς</em></span> <span class='ocrx_word' id='word_1_17' title='bbox 1649 258 1677 283; x_wconf 87' lang='grc' dir='ltr'><em>α</em></span> <span class='ocrx_word' id='word_1_18' title='bbox 1706 244 1779 285; x_wconf 80' lang='lat' dir='ltr'><strong>deo</strong></span> 
     </span>
     <span class='ocr_line' id='line_1_3' title="bbox 346 295 1781 352; baseline 0.001 -18"><span class='ocrx_word' id='word_1_19' title='bbox 346 305 514 334; x_wconf 79' lang='lat' dir='ltr'><strong>amatus.</strong></span> <span class='ocrx_word' id='word_1_20' title='bbox 585 295 671 335; x_wconf 87' lang='lat' dir='ltr'><strong>Hoc</strong></span> <span class='ocrx_word' id='word_1_21' title='bbox 713 310 828 335; x_wconf 86' lang='lat' dir='ltr'><strong>sensu</strong></span> <span class='ocrx_word' id='word_1_22' title='bbox 869 296 1066 335; x_wconf 86' lang='lat' dir='ltr'>Aristides</span> <span class='ocrx_word' id='word_1_23' title='bbox 1102 297 1152 335; x_wconf 92' lang='lat' dir='ltr'><strong>T.</strong></span> <span class='ocrx_word' id='word_1_24' title='bbox 1189 297 1222 334; x_wconf 91' lang='lat'><strong>1.</strong></span> <span class='ocrx_word' id='word_1_25' title='bbox 1264 311 1305 349; x_wconf 91' lang='lat' dir='ltr'><strong>p.</strong></span> <span class='ocrx_word' id='word_1_26' title='bbox 1326 296 1409 347; x_wconf 88' lang='grc'><strong>48.</strong></span> <span class='ocrx_word' id='word_1_27' title='bbox 1431 311 1468 335; x_wconf 89' lang='lat' dir='ltr'><strong>c.</strong></span> <span class='ocrx_word' id='word_1_28' title='bbox 1524 297 1594 336; x_wconf 87' lang='lat' dir='ltr'><strong>fin.</strong></span> <span class='ocrx_word' id='word_1_29' title='bbox 1644 302 1781 352; x_wconf 84' lang='lat' dir='ltr'><strong>poetas</strong></span> 
     </span>
     <span class='ocr_line' id='line_1_4' title="bbox 346 346 1780 415; baseline 0.003 -26"><span class='ocrx_word' id='word_1_30' title='bbox 346 351 560 404; x_wconf 78' lang='grc' dir='ltr'><em>θεοφιλεῖς</em></span> <span class='ocrx_word' id='word_1_31' title='bbox 601 350 722 389; x_wconf 76' lang='lat' dir='ltr'><strong>dixit:</strong></span> <span class='ocrx_word' id='word_1_32' title='bbox 765 349 803 390; x_wconf 84' lang='grc' dir='ltr'><strong>οἱ</strong></span> <span class='ocrx_word' id='word_1_33' title='bbox 830 350 1004 414; x_wconf 79' lang='grc' dir='ltr'><em>ποιηταί</em></span> <span class='ocrx_word' id='word_1_34' title='bbox 1039 346 1157 400; x_wconf 82' lang='grc' dir='ltr'>μόνοι</span> <span class='ocrx_word' id='word_1_35' title='bbox 1188 352 1401 415; x_wconf 74' lang='grc' dir='ltr'><em>θεοφιλεῖς</em></span> <span class='ocrx_word' id='word_1_36' title='bbox 1443 350 1546 402; x_wconf 79' lang='grc' dir='ltr'><em>εἰσι,</em></span> <span class='ocrx_word' id='word_1_37' title='bbox 1577 354 1659 394; x_wconf 84' lang='lat' dir='ltr'><strong>soli</strong></span> <span class='ocrx_word' id='word_1_38' title='bbox 1692 364 1780 394; x_wconf 82' lang='lat' dir='ltr'><strong>sunt</strong></span> 
     </span>
     <span class='ocr_line' id='line_1_5' title="bbox 346 400 1779 460; baseline 0.002 -15"><span class='ocrx_word' id='word_1_39' title='bbox 346 406 421 445; x_wconf 81' lang='lat' dir='ltr'><strong>deo</strong></span> <span class='ocrx_word' id='word_1_40' title='bbox 450 405 515 444; x_wconf 88' lang='lat' dir='ltr'><strong>vel</strong></span> <span class='ocrx_word' id='word_1_41' title='bbox 544 405 621 443; x_wconf 69' lang='lat' dir='ltr'><strong>dcis</strong></span> <span class='ocrx_word' id='word_1_42' title='bbox 647 408 764 455; x_wconf 80' lang='lat' dir='ltr'><strong>cari,</strong></span> <span class='ocrx_word' id='word_1_43' title='bbox 796 406 868 444; x_wconf 78' lang='grc' dir='ltr'><strong>καί</strong></span> <span class='ocrx_word' id='word_1_44' title='bbox 896 420 1008 456; x_wconf 83' lang='grc' dir='ltr'><em>παρα</em></span> <span class='ocrx_word' id='word_1_45' title='bbox 1041 403 1196 445; x_wconf 81' lang='grc' dir='ltr'><em>τούτων</em></span> <span class='ocrx_word' id='word_1_46' title='bbox 1222 401 1260 444; x_wconf 81' lang='grc' dir='ltr'><strong>οἱ</strong></span> <span class='ocrx_word' id='word_1_47' title='bbox 1287 405 1382 444; x_wconf 70' lang='grc' dir='ltr'><strong>3εοί</strong></span> <span class='ocrx_word' id='word_1_48' title='bbox 1408 400 1556 456; x_wconf 79' lang='grc' dir='ltr'><em>ηδιστιι</em></span> <span class='ocrx_word' id='word_1_49' title='bbox 1586 406 1779 460; x_wconf 77' lang='grc' dir='ltr'><em>δέχονται</em></span> 
     </span>
     <span class='ocr_line' id='line_1_6' title="bbox 347 457 1780 513; baseline 0.001 -13"><span class='ocrx_word' id='word_1_50' title='bbox 347 457 398 500; x_wconf 79' lang='grc' dir='ltr'><em>’τά</em></span> <span class='ocrx_word' id='word_1_51' title='bbox 429 459 562 511; x_wconf 73' lang='grc' dir='ltr'><strong>δῶρα.</strong></span> <span class='ocrx_word' id='word_1_52' title='bbox 630 460 787 500; x_wconf 86' lang='lat' dir='ltr'><strong>Pariter</strong></span> <span class='ocrx_word' id='word_1_53' title='bbox 822 461 994 500; x_wconf 87' lang='lat' dir='ltr'><strong>eundem</strong></span> <span class='ocrx_word' id='word_1_54' title='bbox 1037 460 1176 499; x_wconf 88' lang='lat' dir='ltr'><strong>eodem</strong></span> <span class='ocrx_word' id='word_1_55' title='bbox 1217 460 1306 500; x_wconf 88' lang='lat' dir='ltr'><strong>loco</strong></span> <span class='ocrx_word' id='word_1_56' title='bbox 1334 460 1517 513; x_wconf 68' lang='grc' dir='ltr'><em>θεοφιλῆ</em></span> <span class='ocrx_word' id='word_1_57' title='bbox 1541 469 1580 501; x_wconf 86' lang='lat' dir='ltr'><strong>et</strong></span> <span class='ocrx_word' id='word_1_58' title='bbox 1603 463 1690 501; x_wconf 72' lang='grc' dir='ltr'><em>θεῶ</em></span> <span class='ocrx_word' id='word_1_59' title='bbox 1713 477 1780 502; x_wconf 81' lang='grc' dir='ltr'><em>κε-</em></span> 
     </span>
     <span class='ocr_line' id='line_1_7' title="bbox 347 502 1786 578; baseline 0.003 -25"><span class='ocrx_word' id='word_1_60' title='bbox 347 515 603 578; x_wconf 69' lang='grc' dir='ltr'><em>χαρισμένον</em></span> <span class='ocrx_word' id='word_1_61' title='bbox 651 515 824 568; x_wconf 82' lang='lat' dir='ltr'><strong>appellat</strong></span> <span class='ocrx_word' id='word_1_62' title='bbox 864 515 1089 554; x_wconf 83' lang='lat' dir='ltr'>Alexander</span> <span class='ocrx_word' id='word_1_63' title='bbox 1126 515 1352 555; x_wconf 79' lang='lat' dir='ltr'>Trallianus</span> <span class='ocrx_word' id='word_1_64' title='bbox 1388 516 1444 554; x_wconf 88' lang='lat' dir='ltr'><strong>V.</strong></span> <span class='ocrx_word' id='word_1_65' title='bbox 1479 514 1521 566; x_wconf 91' lang='grc'><strong>4.</strong></span> <span class='ocrx_word' id='word_1_66' title='bbox 1593 502 1786 558; x_wconf 80' lang='lat' dir='ltr'><strong>Iacobum</strong></span> 
     </span>
     <span class='ocr_line' id='line_1_8' title="bbox 349 570 1783 637; baseline 0.003 -28"><span class='ocrx_word' id='word_1_67' title='bbox 349 570 516 623; x_wconf 63' lang='lat' dir='ltr'><strong>I&#39;sychi</strong></span> <span class='ocrx_word' id='word_1_68' title='bbox 509 578 646 617; x_wconf 76' lang='lat' dir='ltr'><strong>istam</strong></span> <span class='ocrx_word' id='word_1_69' title='bbox 679 571 875 609; x_wconf 88' lang='lat' dir='ltr'><strong>medicum</strong></span> <span class='ocrx_word' id='word_1_70' title='bbox 914 573 967 609; x_wconf 83' lang='lat' dir='ltr'><strong>sic</strong></span> <span class='ocrx_word' id='word_1_71' title='bbox 1009 571 1184 621; x_wconf 85' lang='lat' dir='ltr'><strong>dictum,</strong></span> <span class='ocrx_word' id='word_1_72' title='bbox 1228 571 1335 623; x_wconf 87' lang='lat' dir='ltr'><strong>quod</strong></span> <span class='ocrx_word' id='word_1_73' title='bbox 1365 570 1499 609; x_wconf 85' lang='lat' dir='ltr'><strong>diaeta</strong></span> <span class='ocrx_word' id='word_1_74' title='bbox 1525 571 1783 637; x_wconf 80' lang='lat' dir='ltr'><strong>refrigerante</strong></span> 
     </span>
     <span class='ocr_line' id='line_1_9' title="bbox 349 621 1783 691; baseline 0.003 -28"><span class='ocrx_word' id='word_1_75' title='bbox 349 633 558 676; x_wconf 83' lang='lat' dir='ltr'><strong>uteretur,</strong></span> <span class='ocrx_word' id='word_1_76' title='bbox 593 621 775 691; x_wconf 76' lang='grc' dir='ltr'><em>μεγάλου</em></span> <span class='ocrx_word' id='word_1_77' title='bbox 815 622 988 676; x_wconf 72' lang='grc' dir='ltr'><em>ἀνδρὸς,</em></span> <span class='ocrx_word' id='word_1_78' title='bbox 1019 626 1100 675; x_wconf 83' lang='lat' dir='ltr'><strong>ait,</strong></span> <span class='ocrx_word' id='word_1_79' title='bbox 1127 623 1200 665; x_wconf 80' lang='grc' dir='ltr'>καί</span> <span class='ocrx_word' id='word_1_80' title='bbox 1237 623 1561 678; x_wconf 72' lang='grc' dir='ltr'><em>θεοφιλεστάτου</em></span> <span class='ocrx_word' id='word_1_81' title='bbox 1587 641 1679 680; x_wconf 88' lang='grc' dir='ltr'><em>περι</em></span> <span class='ocrx_word' id='word_1_82' title='bbox 1709 625 1783 680; x_wconf 75' lang='grc' dir='ltr'><strong>τὴν</strong></span> 
     </span>
     <span class='ocr_line' id='line_1_10' title="bbox 349 680 1783 751; baseline 0.001 -31"><span class='ocrx_word' id='word_1_83' title='bbox 349 681 496 733; x_wconf 83' lang='grc' dir='ltr'><em>τέχνην</em></span> <span class='ocrx_word' id='word_1_84' title='bbox 521 680 739 731; x_wconf 75' lang='grc' dir='ltr'><em>γενομένου</em></span> <span class='ocrx_word' id='word_1_85' title='bbox 761 712 774 731; x_wconf 90' lang='lat'><em>,</em></span> <span class='ocrx_word' id='word_1_86' title='bbox 812 682 876 719; x_wconf 71' lang='lat' dir='ltr'><strong>cz&#39;cz</strong></span> <span class='ocrx_word' id='word_1_87' title='bbox 897 681 989 719; x_wconf 78' lang='lat' dir='ltr'><strong>deus</strong></span> <span class='ocrx_word' id='word_1_88' title='bbox 1026 695 1081 719; x_wconf 68' lang='lat' dir='ltr'><strong>em</strong></span> <span class='ocrx_word' id='word_1_89' title='bbox 1124 682 1273 733; x_wconf 71' lang='lat' dir='ltr'><strong>lugenti</strong></span> <span class='ocrx_word' id='word_1_90' title='bbox 1299 694 1432 720; x_wconf 71' lang='lat' dir='ltr'><strong>amor-e</strong></span> <span class='ocrx_word' id='word_1_91' title='bbox 1459 682 1711 751; x_wconf 70' lang='lat' dir='ltr'><strong>praeclaram</strong></span> <span class='ocrx_word' id='word_1_92' title='bbox 1739 698 1783 722; x_wconf 84' lang='lat' dir='ltr'><strong>m</strong></span> 
     </span>
     <span class='ocr_line' id='line_1_11' title="bbox 349 730 1784 799; baseline 0.001 -25"><span class='ocrx_word' id='word_1_93' title='bbox 349 745 435 774; x_wconf 74' lang='lat' dir='ltr'><strong>arte</strong></span> <span class='ocrx_word' id='word_1_94' title='bbox 464 735 618 774; x_wconf 76' lang='lat' dir='ltr'><strong>medzca</strong></span> <span class='ocrx_word' id='word_1_95' title='bbox 628 737 845 799; x_wconf 81' lang='lat' dir='ltr'><strong>fortunam</strong></span> <span class='ocrx_word' id='word_1_96' title='bbox 870 744 908 774; x_wconf 78' lang='lat' dir='ltr'><strong>et</strong></span> <span class='ocrx_word' id='word_1_97' title='bbox 940 735 1212 775; x_wconf 67' lang='lat' dir='ltr'><strong>dexteritatem</strong></span> <span class='ocrx_word' id='word_1_98' title='bbox 1246 750 1384 774; x_wconf 82' lang='lat' dir='ltr'><strong>raram</strong></span> <span class='ocrx_word' id='word_1_99' title='bbox 1413 735 1598 798; x_wconf 73' lang='lat' dir='ltr'><strong>uululszt,</strong></span> <span class='ocrx_word' id='word_1_100' title='bbox 1625 730 1677 789; x_wconf 86' lang='grc' dir='ltr'><em>ην</em></span> <span class='ocrx_word' id='word_1_101' title='bbox 1702 734 1784 790; x_wconf 79' lang='grc' dir='ltr'><strong>γάρ</strong></span> 
     </span>
     <span class='ocr_line' id='line_1_12' title="bbox 350 785 1785 845; baseline 0.002 -17"><span class='ocrx_word' id='word_1_102' title='bbox 350 786 526 844; x_wconf 72' lang='grc' dir='ltr'><em>θεοφιλ</em></span> <span class='ocrx_word' id='word_1_103' title='bbox 492 804 554 840; x_wconf 88' lang='grc' dir='ltr'><strong>.ης</strong></span> <span class='ocrx_word' id='word_1_104' title='bbox 582 805 650 829; x_wconf 86' lang='grc' dir='ltr'><em>και</em></span> <span class='ocrx_word' id='word_1_105' title='bbox 678 786 870 842; x_wconf 70' lang='grc' dir='ltr'><em>ἶέπιεικῆς</em></span> <span class='ocrx_word' id='word_1_106' title='bbox 907 785 929 828; x_wconf 78' lang='grc' dir='ltr'>ὅ</span> <span class='ocrx_word' id='word_1_107' title='bbox 960 786 1065 842; x_wconf 77' lang='grc' dir='ltr'><strong>άνὴρ</strong></span> <span class='ocrx_word' id='word_1_108' title='bbox 1122 805 1190 829; x_wconf 88' lang='grc' dir='ltr'><em>και</em></span> <span class='ocrx_word' id='word_1_109' title='bbox 1226 789 1311 829; x_wconf 67' lang='grc' dir='ltr'><strong>3εῶ</strong></span> <span class='ocrx_word' id='word_1_110' title='bbox 1336 789 1394 845; x_wconf 74' lang='grc' dir='ltr'><strong>τῷ</strong></span> <span class='ocrx_word' id='word_1_111' title='bbox 1424 803 1510 829; x_wconf 90' lang='grc' dir='ltr'><em>οντι</em></span> <span class='ocrx_word' id='word_1_112' title='bbox 1535 791 1785 843; x_wconf 81' lang='grc' dir='ltr'><em>κεχαρισμέ-</em></span> 
     </span>
     <span class='ocr_line' id='line_1_13' title="bbox 350 829 1782 898; baseline 0.002 -14"><span class='ocrx_word' id='word_1_113' title='bbox 350 858 433 891; x_wconf 90' lang='grc' dir='ltr'><em>νος.</em></span> <span class='ocrx_word' id='word_1_114' title='bbox 493 845 554 884; x_wconf 90' lang='lat' dir='ltr'><strong>De</strong></span> <span class='ocrx_word' id='word_1_115' title='bbox 580 859 660 898; x_wconf 87' lang='lat' dir='ltr'><strong>quo</strong></span> <span class='ocrx_word' id='word_1_116' title='bbox 691 844 779 885; x_wconf 90' lang='lat' dir='ltr'><strong>loco</strong></span> <span class='ocrx_word' id='word_1_117' title='bbox 810 845 895 884; x_wconf 85' lang='lat' dir='ltr'><strong>vid.</strong></span> <span class='ocrx_word' id='word_1_118' title='bbox 925 844 1246 884; x_wconf 83' lang='lat' dir='ltr'><strong>Schuitzfleisch.</strong></span> <span class='ocrx_word' id='word_1_119' title='bbox 1277 834 1328 884; x_wconf 87' lang='lat' dir='ltr'><strong>ad</strong></span> <span class='ocrx_word' id='word_1_120' title='bbox 1357 829 1522 885; x_wconf 84' lang='lat' dir='ltr'><strong>Eusebii</strong></span> <span class='ocrx_word' id='word_1_121' title='bbox 1553 846 1782 887; x_wconf 89' lang='lat' dir='ltr'><strong>Chronicon</strong></span> 
     </span>
     <span class='ocr_line' id='line_1_14' title="bbox 350 899 1783 954; baseline 0.002 -16"><span class='ocrx_word' id='word_1_122' title='bbox 350 915 394 953; x_wconf 86' lang='lat' dir='ltr'><strong>p.</strong></span> <span class='ocrx_word' id='word_1_123' title='bbox 417 914 485 954; x_wconf 84' lang='lat'><strong>9¹.</strong></span> <span class='ocrx_word' id='word_1_124' title='bbox 555 900 668 939; x_wconf 90' lang='lat' dir='ltr'>Olim</span> <span class='ocrx_word' id='word_1_125' title='bbox 708 901 961 940; x_wconf 82' lang='lat' dir='ltr'><strong>tiibuehatur</strong></span> <span class='ocrx_word' id='word_1_126' title='bbox 1002 899 1068 938; x_wconf 88' lang='lat' dir='ltr'><strong>ille</strong></span> <span class='ocrx_word' id='word_1_127' title='bbox 1095 900 1236 939; x_wconf 86' lang='lat' dir='ltr'><strong>titulus</strong></span> <span class='ocrx_word' id='word_1_128' title='bbox 1281 901 1400 940; x_wconf 85' lang='lat' dir='ltr'><strong>etiam</strong></span> <span class='ocrx_word' id='word_1_129' title='bbox 1433 901 1781 953; x_wconf 84' lang='lat' dir='ltr'><strong>Imperatorihus</strong></span> <span class='ocrx_word' id='word_1_130' title='bbox 1769 932 1783 952; x_wconf 91' lang='lat'>,</span> 
     </span>
     <span class='ocr_line' id='line_1_15' title="bbox 351 954 1784 1008; baseline 0.001 -14"><span class='ocrx_word' id='word_1_131' title='bbox 351 955 496 994; x_wconf 76' lang='lat' dir='ltr'><strong>deinde</strong></span> <span class='ocrx_word' id='word_1_132' title='bbox 538 955 668 994; x_wconf 86' lang='lat' dir='ltr'><strong>clerus</strong></span> <span class='ocrx_word' id='word_1_133' title='bbox 711 970 802 994; x_wconf 89' lang='lat' dir='ltr'><strong>eum</strong></span> <span class='ocrx_word' id='word_1_134' title='bbox 829 957 870 994; x_wconf 87' lang='lat' dir='ltr'><strong>in</strong></span> <span class='ocrx_word' id='word_1_135' title='bbox 910 955 1110 1007; x_wconf 84' lang='lat' dir='ltr'><strong>peculium</strong></span> <span class='ocrx_word' id='word_1_136' title='bbox 1139 956 1309 1007; x_wconf 82' lang='lat' dir='ltr'><strong>accepit,</strong></span> <span class='ocrx_word' id='word_1_137' title='bbox 1338 954 1457 994; x_wconf 88' lang='lat' dir='ltr'><strong>titulo</strong></span> <span class='ocrx_word' id='word_1_138' title='bbox 1482 954 1564 994; x_wconf 74' lang='grc' dir='ltr'><em>τοῖν</em></span> <span class='ocrx_word' id='word_1_139' title='bbox 1589 957 1784 1008; x_wconf 73' lang='grc' dir='ltr'><em>φιλοχρί-</em></span> 
     </span>
     <span class='ocr_line' id='line_1_16' title="bbox 350 1009 1784 1075; baseline 0.001 -27"><span class='ocrx_word' id='word_1_140' title='bbox 350 1024 459 1048; x_wconf 88' lang='grc' dir='ltr'><em>στων</em></span> <span class='ocrx_word' id='word_1_141' title='bbox 498 1011 807 1063; x_wconf 76' lang='lat' dir='ltr'><strong>Impeiatoribus</strong></span> <span class='ocrx_word' id='word_1_142' title='bbox 842 1011 1048 1075; x_wconf 72' lang='lat' dir='ltr'><strong>peimisso.</strong></span> <span class='ocrx_word' id='word_1_143' title='bbox 1131 1010 1376 1050; x_wconf 83' lang='lat' dir='ltr'><strong>Athanasius</strong></span> <span class='ocrx_word' id='word_1_144' title='bbox 1412 1012 1454 1048; x_wconf 92' lang='lat' dir='ltr'><strong>in</strong></span> <span class='ocrx_word' id='word_1_145' title='bbox 1493 1009 1689 1072; x_wconf 86' lang='lat' dir='ltr'><strong>Apologia</strong></span> <span class='ocrx_word' id='word_1_146' title='bbox 1733 1012 1784 1050; x_wconf 88' lang='lat' dir='ltr'><strong>ad</strong></span> 
     </span>
     <span class='ocr_line' id='line_1_17' title="bbox 352 1057 1786 1128; baseline 0.001 -26"><span class='ocrx_word' id='word_1_147' title='bbox 352 1066 631 1103; x_wconf 89' lang='lat' dir='ltr'><strong>Constantium</strong></span> <span class='ocrx_word' id='word_1_148' title='bbox 673 1066 771 1118; x_wconf 86' lang='lat' dir='ltr'><strong>Imp.</strong></span> <span class='ocrx_word' id='word_1_149' title='bbox 791 1080 801 1104; x_wconf 70' lang='grc' dir='ltr'><em>ε</em></span> <span class='ocrx_word' id='word_1_150' title='bbox 844 1079 896 1104; x_wconf 91' lang='grc' dir='ltr'><strong>συ</strong></span> <span class='ocrx_word' id='word_1_151' title='bbox 943 1064 1011 1114; x_wconf 74' lang='grc' dir='ltr'><strong>δὲ,</strong></span> <span class='ocrx_word' id='word_1_152' title='bbox 1050 1079 1082 1103; x_wconf 89' lang='grc' dir='ltr'><em>ω</em></span> <span class='ocrx_word' id='word_1_153' title='bbox 1115 1064 1412 1128; x_wconf 76' lang='grc' dir='ltr'><em>θεοφιλεστατε</em></span> <span class='ocrx_word' id='word_1_154' title='bbox 1438 1057 1683 1115; x_wconf 82' lang='grc' dir='ltr'><em>Αυγουστε,</em></span> <span class='ocrx_word' id='word_1_155' title='bbox 1715 1065 1786 1118; x_wconf 73' lang='grc' dir='ltr'><strong>ζη’-</strong></span> 
     </span>
     <span class='ocr_line' id='line_1_18' title="bbox 350 1115 1786 1170; baseline 0 -12"><span class='ocrx_word' id='word_1_156' title='bbox 350 1133 448 1164; x_wconf 89' lang='grc' dir='ltr'><em>σαις</em></span> <span class='ocrx_word' id='word_1_157' title='bbox 495 1122 666 1165; x_wconf 77' lang='grc' dir='ltr'><em>πολλαῖς</em></span> <span class='ocrx_word' id='word_1_158' title='bbox 708 1119 813 1159; x_wconf 78' lang='grc' dir='ltr'><em>ὲτων</em></span> <span class='ocrx_word' id='word_1_159' title='bbox 852 1115 1061 1170; x_wconf 78' lang='grc' dir='ltr'><em>περιόδοις</em></span> <span class='ocrx_word' id='word_1_160' title='bbox 1095 1119 1168 1158; x_wconf 75' lang='grc' dir='ltr'><strong>καί</strong></span> <span class='ocrx_word' id='word_1_161' title='bbox 1202 1116 1252 1158; x_wconf 78' lang='grc' dir='ltr'><strong>τὰ</strong></span> <span class='ocrx_word' id='word_1_162' title='bbox 1293 1118 1477 1170; x_wconf 70' lang='grc' dir='ltr'><em>ἐγκαίνια</em></span> <span class='ocrx_word' id='word_1_163' title='bbox 1515 1119 1786 1167; x_wconf 81' lang='grc' dir='ltr'><em>ὲπιτελέσαις.</em></span> 
     </span>
     <span class='ocr_line' id='line_1_19' title="bbox 350 1173 1787 1238; baseline 0.003 -26"><span class='ocrx_word' id='word_1_164' title='bbox 350 1174 507 1213; x_wconf 85' lang='lat' dir='ltr'><strong>Deinde</strong></span> <span class='ocrx_word' id='word_1_165' title='bbox 544 1177 648 1213; x_wconf 84' lang='lat' dir='ltr'><strong>inter</strong></span> <span class='ocrx_word' id='word_1_166' title='bbox 685 1174 783 1213; x_wconf 86' lang='lat' dir='ltr'><strong>alios</strong></span> <span class='ocrx_word' id='word_1_167' title='bbox 821 1174 985 1222; x_wconf 86' lang='lat' dir='ltr'><strong>titulos,</strong></span> <span class='ocrx_word' id='word_1_168' title='bbox 1032 1174 1183 1238; x_wconf 86' lang='lat' dir='ltr'><strong>quibus</strong></span> <span class='ocrx_word' id='word_1_169' title='bbox 1220 1173 1532 1237; x_wconf 82' lang='lat' dir='ltr'><strong>compellabatur</strong></span> <span class='ocrx_word' id='word_1_170' title='bbox 1559 1176 1787 1226; x_wconf 82' lang='lat' dir='ltr'><strong>patriarcha</strong></span> 
     </span>
     <span class='ocr_line' id='line_1_20' title="bbox 351 1224 1786 1282; baseline 0.001 -14"><span class='ocrx_word' id='word_1_171' title='bbox 351 1243 488 1268; x_wconf 84' lang='lat' dir='ltr'><strong>coram</strong></span> <span class='ocrx_word' id='word_1_172' title='bbox 515 1237 554 1268; x_wconf 85' lang='lat' dir='ltr'><strong>et</strong></span> <span class='ocrx_word' id='word_1_173' title='bbox 582 1230 622 1268; x_wconf 89' lang='lat' dir='ltr'><strong>in</strong></span> <span class='ocrx_word' id='word_1_174' title='bbox 651 1231 826 1282; x_wconf 85' lang='lat' dir='ltr'><strong>scriptis,</strong></span> <span class='ocrx_word' id='word_1_175' title='bbox 859 1236 943 1268; x_wconf 80' lang='lat' dir='ltr'><strong>emt</strong></span> <span class='ocrx_word' id='word_1_176' title='bbox 971 1243 1130 1282; x_wconf 87' lang='lat' dir='ltr'><strong>quoque</strong></span> <span class='ocrx_word' id='word_1_177' title='bbox 1158 1224 1183 1280; x_wconf 82' lang='grc' dir='ltr'><em>ἦ</em></span> <span class='ocrx_word' id='word_1_178' title='bbox 1216 1225 1268 1280; x_wconf 82' lang='grc' dir='ltr'><em>σὴ</em></span> <span class='ocrx_word' id='word_1_179' title='bbox 1298 1229 1542 1281; x_wconf 16' lang='grc' dir='ltr'><em>θεοφιᾙλεια</em></span> <span class='ocrx_word' id='word_1_180' title='bbox 1571 1236 1616 1267; x_wconf 91' lang='lat' dir='ltr'><strong>ut</strong></span> <span class='ocrx_word' id='word_1_181' title='bbox 1643 1244 1665 1268; x_wconf 85' lang='lat' dir='ltr'><strong>e</strong></span> <span class='ocrx_word' id='word_1_182' title='bbox 1694 1231 1786 1270; x_wconf 86' lang='lat' dir='ltr'><strong>Iure</strong></span> 
     </span>
     <span class='ocr_line' id='line_1_21' title="bbox 352 1283 1787 1337; baseline 0.001 -15"><span class='ocrx_word' id='word_1_183' title='bbox 352 1287 537 1322; x_wconf 79' lang='lat' dir='ltr'><strong>Giaeco-</strong></span> <span class='ocrx_word' id='word_1_184' title='bbox 549 1285 731 1323; x_wconf 88' lang='lat' dir='ltr'><strong>Romano</strong></span> <span class='ocrx_word' id='word_1_185' title='bbox 762 1291 926 1323; x_wconf 80' lang='lat' dir='ltr'><strong>constat.</strong></span> <span class='ocrx_word' id='word_1_186' title='bbox 956 1285 1003 1322; x_wconf 92' lang='lat' dir='ltr'><strong>ln</strong></span> <span class='ocrx_word' id='word_1_187' title='bbox 1030 1291 1166 1322; x_wconf 85' lang='lat' dir='ltr'><strong>nostro</strong></span> <span class='ocrx_word' id='word_1_188' title='bbox 1195 1286 1389 1336; x_wconf 78' lang='lat' dir='ltr'><strong>plaesenti</strong></span> <span class='ocrx_word' id='word_1_189' title='bbox 1419 1283 1509 1323; x_wconf 87' lang='lat' dir='ltr'><strong>loco</strong></span> <span class='ocrx_word' id='word_1_190' title='bbox 1533 1284 1651 1322; x_wconf 86' lang='lat' dir='ltr'><strong>datur</strong></span> <span class='ocrx_word' id='word_1_191' title='bbox 1670 1299 1787 1337; x_wconf 79' lang='lat' dir='ltr'><strong>prae-</strong></span> 
     </span>
     <span class='ocr_line' id='line_1_22' title="bbox 350 1338 1786 1392; baseline 0.001 -15"><span class='ocrx_word' id='word_1_192' title='bbox 350 1339 527 1378; x_wconf 86' lang='lat' dir='ltr'><strong>dicatum</strong></span> <span class='ocrx_word' id='word_1_193' title='bbox 555 1339 873 1392; x_wconf 71' lang='grc' dir='ltr'><em>θεοφιλέστατοι</em></span> <span class='ocrx_word' id='word_1_194' title='bbox 901 1338 1282 1391; x_wconf 80' lang='lat' dir='ltr'><strong>metiopolitis.1n</strong></span> <span class='ocrx_word' id='word_1_195' title='bbox 1312 1338 1480 1378; x_wconf 84' lang='lat' dir='ltr'><strong>formula</strong></span> <span class='ocrx_word' id='word_1_196' title='bbox 1513 1353 1608 1378; x_wconf 90' lang='lat' dir='ltr'><strong>vero</strong></span> <span class='ocrx_word' id='word_1_197' title='bbox 1636 1353 1786 1378; x_wconf 87' lang='lat' dir='ltr'><strong>renun-</strong></span> 
     </span>
     <span class='ocr_line' id='line_1_23' title="bbox 353 1393 1787 1458; baseline 0.001 -27"><span class='ocrx_word' id='word_1_198' title='bbox 353 1394 482 1432; x_wconf 84' lang='lat' dir='ltr'><strong>tiandi</strong></span> <span class='ocrx_word' id='word_1_199' title='bbox 510 1393 806 1447; x_wconf 78' lang='lat' dir='ltr'><strong>patriarcham,</strong></span> <span class='ocrx_word' id='word_1_200' title='bbox 848 1408 969 1446; x_wconf 87' lang='lat' dir='ltr'><strong>quam</strong></span> <span class='ocrx_word' id='word_1_201' title='bbox 997 1395 1064 1432; x_wconf 90' lang='lat' dir='ltr'><strong>Du</strong></span> <span class='ocrx_word' id='word_1_202' title='bbox 1093 1394 1226 1445; x_wconf 81' lang='lat' dir='ltr'><strong>Gange</strong></span> <span class='ocrx_word' id='word_1_203' title='bbox 1255 1393 1322 1432; x_wconf 92' lang='lat' dir='ltr'><strong>Gl.</strong></span> <span class='ocrx_word' id='word_1_204' title='bbox 1353 1395 1424 1432; x_wconf 90' lang='lat' dir='ltr'><strong>Gr.</strong></span> <span class='ocrx_word' id='word_1_205' title='bbox 1446 1408 1496 1458; x_wconf 91' lang='lat' dir='ltr'><strong>p.</strong></span> <span class='ocrx_word' id='word_1_206' title='bbox 1515 1408 1610 1448; x_wconf 85' lang='lat'><strong>927.</strong></span> <span class='ocrx_word' id='word_1_207' title='bbox 1641 1407 1664 1432; x_wconf 86' lang='lat' dir='ltr'><strong>e</strong></span> <span class='ocrx_word' id='word_1_208' title='bbox 1697 1397 1787 1433; x_wconf 74' lang='lat' dir='ltr'><strong>Ma-</strong></span> 
     </span>
     <span class='ocr_line' id='line_1_24' title="bbox 354 1446 1788 1502; baseline 0.001 -15"><span class='ocrx_word' id='word_1_209' title='bbox 354 1448 445 1487; x_wconf 87' lang='lat' dir='ltr'><strong>laxo</strong></span> <span class='ocrx_word' id='word_1_210' title='bbox 473 1450 621 1499; x_wconf 80' lang='lat' dir='ltr'><strong>refert,</strong></span> <span class='ocrx_word' id='word_1_211' title='bbox 653 1450 771 1488; x_wconf 83' lang='lat' dir='ltr'><strong>datm</strong></span> <span class='ocrx_word' id='word_1_212' title='bbox 798 1450 937 1488; x_wconf 88' lang='lat' dir='ltr'><strong>iisdem</strong></span> <span class='ocrx_word' id='word_1_213' title='bbox 965 1449 1235 1502; x_wconf 84' lang='lat' dir='ltr'><strong>praedicatum</strong></span> <span class='ocrx_word' id='word_1_214' title='bbox 1270 1446 1593 1502; x_wconf 80' lang='grc' dir='ltr'><em>πανιεριότατοι,</em></span> <span class='ocrx_word' id='word_1_215' title='bbox 1637 1451 1788 1502; x_wconf 79' lang='lat' dir='ltr'><strong>episco-</strong></span> 
     </span>
     <span class='ocr_line' id='line_1_25' title="bbox 354 1501 1786 1557; baseline 0 -14"><span class='ocrx_word' id='word_1_216' title='bbox 354 1505 417 1556; x_wconf 87' lang='lat' dir='ltr'><strong>pis</strong></span> <span class='ocrx_word' id='word_1_217' title='bbox 458 1511 592 1543; x_wconf 85' lang='lat' dir='ltr'><strong>autem</strong></span> <span class='ocrx_word' id='word_1_218' title='bbox 630 1502 968 1557; x_wconf 68' lang='grc' dir='ltr'><em>θεοφιλέστατοις</em></span> <span class='ocrx_word' id='word_1_219' title='bbox 1017 1503 1101 1543; x_wconf 87' lang='lat' dir='ltr'><strong>vid.</strong></span> <span class='ocrx_word' id='word_1_220' title='bbox 1138 1501 1259 1557; x_wconf 87' lang='lat' dir='ltr'><strong>paulo</strong></span> <span class='ocrx_word' id='word_1_221' title='bbox 1297 1510 1387 1556; x_wconf 90' lang='lat' dir='ltr'><strong>post</strong></span> <span class='ocrx_word' id='word_1_222' title='bbox 1431 1504 1482 1542; x_wconf 86' lang='lat' dir='ltr'><strong>ad</strong></span> <span class='ocrx_word' id='word_1_223' title='bbox 1512 1503 1786 1544; x_wconf 80' lang='lat'><strong>526.10.</strong></span> 
     </span>
     <span class='ocr_line' id='line_1_26' title="bbox 353 1559 536 1599; baseline 0 -1"><span class='ocrx_word' id='word_1_224' title='bbox 353 1559 536 1599; x_wconf 85' lang='lat' dir='ltr'><strong>dicenda.</strong></span> 
     </span>
    </p>

    <p class='ocr_par' dir='ltr' id='par_1_3' title="bbox 354 1607 1791 1722">
     <span class='ocr_line' id='line_1_27' title="bbox 438 1607 1791 1668; baseline -0.001 -15"><span class='ocrx_word' id='word_1_225' title='bbox 438 1615 531 1654; x_wconf 77' lang='lat'><strong>326.</strong></span> <span class='ocrx_word' id='word_1_226' title='bbox 552 1613 606 1653; x_wconf 90' lang='lat' dir='ltr'><strong>A.</strong></span> <span class='ocrx_word' id='word_1_227' title='bbox 633 1628 670 1653; x_wconf 86' lang='lat'><strong>1.</strong></span> <span class='ocrx_word' id='word_1_228' title='bbox 717 1612 836 1668; x_wconf 73' lang='lat'><strong>[564‚</strong></span> <span class='ocrx_word' id='word_1_229' title='bbox 868 1612 926 1665; x_wconf 90' lang='lat'><strong>5.]</strong></span> <span class='ocrx_word' id='word_1_230' title='bbox 970 1612 1013 1653; x_wconf 92' lang='grc' dir='ltr'><em>οι</em></span> <span class='ocrx_word' id='word_1_231' title='bbox 1035 1609 1108 1652; x_wconf 81' lang='grc' dir='ltr'><em>καί</em></span> <span class='ocrx_word' id='word_1_232' title='bbox 1131 1610 1285 1661; x_wconf 82' lang='grc' dir='ltr'><em>αυτοῖς.</em></span> <span class='ocrx_word' id='word_1_233' title='bbox 1351 1612 1412 1652; x_wconf 85' lang='lat' dir='ltr'><strong>Ita</strong></span> <span class='ocrx_word' id='word_1_234' title='bbox 1437 1614 1597 1666; x_wconf 87' lang='lat' dir='ltr'><strong>reposui</strong></span> <span class='ocrx_word' id='word_1_235' title='bbox 1627 1627 1701 1667; x_wconf 85' lang='lat' dir='ltr'><strong>pro</strong></span> <span class='ocrx_word' id='word_1_236' title='bbox 1729 1607 1791 1661; x_wconf 84' lang='grc' dir='ltr'><em>οἷς</em></span> 
     </span>
     <span class='ocr_line' id='line_1_28' title="bbox 354 1665 1781 1735; baseline -0.001 -27"><span class='ocrx_word' id='word_1_237' title='bbox 354 1665 508 1716; x_wconf 73' lang='grc' dir='ltr'><em>αὐτούς</em></span> <span class='ocrx_word' id='word_1_238' title='bbox 529 1699 560 1735; x_wconf 45' lang='grc' dir='ltr'><strong>,Ρ</strong></span> <span class='ocrx_word' id='word_1_239' title='bbox 570 1669 676 1722; x_wconf 86' lang='lat' dir='ltr'><strong>quod</strong></span> <span class='ocrx_word' id='word_1_240' title='bbox 707 1670 747 1708; x_wconf 92' lang='lat' dir='ltr'><strong>in</strong></span> <span class='ocrx_word' id='word_1_241' title='bbox 784 1669 1026 1708; x_wconf 89' lang='lat' dir='ltr'><strong>membranis</strong></span> <span class='ocrx_word' id='word_1_242' title='bbox 1054 1676 1128 1708; x_wconf 89' lang='lat' dir='ltr'><strong>est</strong></span> <span class='ocrx_word' id='word_1_243' title='bbox 1778 1701 1781 1706; x_wconf 77' lang='grc'>,</span> 
     </span>
    </p>

    <p class='ocr_par' dir='ltr' id='par_1_4' title="bbox 353 1719 1793 2542">
     <span class='ocr_line' id='line_1_29' title="bbox 464 1719 1792 1778; baseline 0 -15"><span class='ocrx_word' id='word_1_244' title='bbox 464 1724 518 1763; x_wconf 92' lang='lat' dir='ltr'><strong>A.</strong></span> <span class='ocrx_word' id='word_1_245' title='bbox 539 1725 578 1764; x_wconf 81' lang='lat'><strong>3.</strong></span> <span class='ocrx_word' id='word_1_246' title='bbox 611 1723 728 1778; x_wconf 83' lang='grc'><strong>[564,</strong></span> <span class='ocrx_word' id='word_1_247' title='bbox 751 1723 811 1778; x_wconf 86' lang='grc'><strong>7.]</strong></span> <span class='ocrx_word' id='word_1_248' title='bbox 839 1738 910 1774; x_wconf 89' lang='grc' dir='ltr'><strong>της</strong></span> <span class='ocrx_word' id='word_1_249' title='bbox 937 1719 1119 1776; x_wconf 80' lang='grc' dir='ltr'><em>μεγάλης</em></span> <span class='ocrx_word' id='word_1_250' title='bbox 1145 1721 1376 1774; x_wconf 75' lang='grc' dir='ltr'><strong>ἐκκλησίας.</strong></span> <span class='ocrx_word' id='word_1_251' title='bbox 1451 1722 1603 1775; x_wconf 82' lang='lat' dir='ltr'><strong>Magna</strong></span> <span class='ocrx_word' id='word_1_252' title='bbox 1633 1723 1792 1763; x_wconf 75' lang='lat' dir='ltr'><strong>eeclesia</strong></span> 
     </span>
     <span class='ocr_line' id='line_1_30' title="bbox 355 1777 1793 1833; baseline 0 -16"><span class='ocrx_word' id='word_1_253' title='bbox 355 1785 415 1817; x_wconf 80' lang='lat' dir='ltr'><strong>est</strong></span> <span class='ocrx_word' id='word_1_254' title='bbox 442 1779 580 1818; x_wconf 85' lang='lat' dir='ltr'><strong>eadem</strong></span> <span class='ocrx_word' id='word_1_255' title='bbox 608 1787 727 1833; x_wconf 82' lang='lat' dir='ltr'><strong>atque</strong></span> <span class='ocrx_word' id='word_1_256' title='bbox 754 1780 796 1819; x_wconf 88' lang='lat' dir='ltr'><strong>S.</strong></span> <span class='ocrx_word' id='word_1_257' title='bbox 824 1778 1003 1831; x_wconf 82' lang='lat' dir='ltr'><strong>Sophia,</strong></span> <span class='ocrx_word' id='word_1_258' title='bbox 1037 1786 1076 1817; x_wconf 86' lang='lat' dir='ltr'><strong>et</strong></span> <span class='ocrx_word' id='word_1_259' title='bbox 1103 1780 1197 1831; x_wconf 89' lang='lat' dir='ltr'><strong>quia</strong></span> <span class='ocrx_word' id='word_1_260' title='bbox 1232 1777 1328 1816; x_wconf 90' lang='lat' dir='ltr'><strong>olim</strong></span> <span class='ocrx_word' id='word_1_261' title='bbox 1367 1777 1476 1817; x_wconf 87' lang='lat' dir='ltr'><strong>sedes</strong></span> <span class='ocrx_word' id='word_1_262' title='bbox 1503 1778 1793 1830; x_wconf 82' lang='lat' dir='ltr'><strong>patriarchatus</strong></span> 
     </span>
     <span class='ocr_line' id='line_1_31' title="bbox 355 1809 1791 1887; baseline 0 -16"><span class='ocrx_word' id='word_1_263' title='bbox 355 1834 508 1872; x_wconf 88' lang='lat' dir='ltr'><strong>CPtani</strong></span> <span class='ocrx_word' id='word_1_264' title='bbox 536 1848 654 1887; x_wconf 86' lang='lat' dir='ltr'><strong>penes</strong></span> <span class='ocrx_word' id='word_1_265' title='bbox 683 1848 770 1873; x_wconf 89' lang='lat' dir='ltr'><strong>eam</strong></span> <span class='ocrx_word' id='word_1_266' title='bbox 807 1841 918 1883; x_wconf 84' lang='lat' dir='ltr'><strong>erat,</strong></span> <span class='ocrx_word' id='word_1_267' title='bbox 963 1809 1198 1872; x_wconf 88' lang='lat' dir='ltr'><strong>dicebantur</strong></span> <span class='ocrx_word' id='word_1_268' title='bbox 1225 1835 1295 1886; x_wconf 86' lang='lat' dir='ltr'><strong>qui</strong></span> <span class='ocrx_word' id='word_1_269' title='bbox 1323 1833 1373 1872; x_wconf 85' lang='lat' dir='ltr'><strong>ad</strong></span> <span class='ocrx_word' id='word_1_270' title='bbox 1401 1832 1712 1885; x_wconf 86' lang='lat' dir='ltr'><strong>patriarchatum</strong></span> <span class='ocrx_word' id='word_1_271' title='bbox 1741 1832 1791 1871; x_wconf 81' lang='lat' dir='ltr'><strong>il·-</strong></span> 
     </span>
     <span class='ocr_line' id='line_1_32' title="bbox 355 1888 1790 1941; baseline 0 -15"><span class='ocrx_word' id='word_1_272' title='bbox 355 1888 442 1927; x_wconf 89' lang='lat' dir='ltr'><strong>lum</strong></span> <span class='ocrx_word' id='word_1_273' title='bbox 469 1897 802 1941; x_wconf 86' lang='lat' dir='ltr'><strong>promoverentur</strong></span> <span class='ocrx_word' id='word_1_274' title='bbox 842 1888 899 1927; x_wconf 83' lang='lat' dir='ltr'><strong>ad</strong></span> <span class='ocrx_word' id='word_1_275' title='bbox 935 1890 1239 1927; x_wconf 72' lang='lat' dir='ltr'><strong>excelsissimum</strong></span> <span class='ocrx_word' id='word_1_276' title='bbox 1272 1897 1309 1927; x_wconf 86' lang='lat' dir='ltr'><strong>et</strong></span> <span class='ocrx_word' id='word_1_277' title='bbox 1326 1902 1507 1940; x_wconf 79' lang='lat' dir='ltr'><strong>magnum</strong></span> <span class='ocrx_word' id='word_1_278' title='bbox 1541 1889 1790 1941; x_wconf 66' lang='lat' dir='ltr'><strong>palmas-chae-</strong></span> 
     </span>
     <span class='ocr_line' id='line_1_33' title="bbox 354 1942 1791 1997; baseline -0.001 -16"><span class='ocrx_word' id='word_1_279' title='bbox 354 1944 431 1982; x_wconf 84' lang='lat' dir='ltr'><strong>lem</strong></span> <span class='ocrx_word' id='word_1_280' title='bbox 461 1946 639 1983; x_wconf 79' lang='lat' dir='ltr'><strong>thronum</strong></span> <span class='ocrx_word' id='word_1_281' title='bbox 674 1959 840 1996; x_wconf 81' lang='lat' dir='ltr'><strong>magnae</strong></span> <span class='ocrx_word' id='word_1_282' title='bbox 878 1943 1022 1982; x_wconf 76' lang='lat' dir='ltr'><strong>Christi</strong></span> <span class='ocrx_word' id='word_1_283' title='bbox 1042 1945 1222 1982; x_wconf 79' lang='lat' dir='ltr'><strong>ecclesiae</strong></span> <span class='ocrx_word' id='word_1_284' title='bbox 1245 1945 1487 1997; x_wconf 78' lang='lat' dir='ltr'><strong>promoveri.</strong></span> <span class='ocrx_word' id='word_1_285' title='bbox 1541 1943 1606 1981; x_wconf 84' lang='lat' dir='ltr'><strong>Sic</strong></span> <span class='ocrx_word' id='word_1_286' title='bbox 1633 1944 1674 1981; x_wconf 89' lang='lat' dir='ltr'><strong>in</strong></span> <span class='ocrx_word' id='word_1_287' title='bbox 1701 1942 1791 1980; x_wconf 85' lang='lat' dir='ltr'><strong>lau-</strong></span> 
     </span>
     <span class='ocr_line' id='line_1_34' title="bbox 354 1998 1790 2051; baseline -0.001 -15"><span class='ocrx_word' id='word_1_288' title='bbox 354 1998 447 2037; x_wconf 78' lang='lat' dir='ltr'><strong>data</strong></span> <span class='ocrx_word' id='word_1_289' title='bbox 476 2000 595 2038; x_wconf 89' lang='lat' dir='ltr'><strong>modo</strong></span> <span class='ocrx_word' id='word_1_290' title='bbox 621 1999 794 2039; x_wconf 85' lang='lat' dir='ltr'><strong>formula</strong></span> <span class='ocrx_word' id='word_1_291' title='bbox 826 1998 932 2051; x_wconf 82' lang='lat' dir='ltr'><strong>apud</strong></span> <span class='ocrx_word' id='word_1_292' title='bbox 967 1999 1034 2036; x_wconf 90' lang='lat' dir='ltr'><strong>Du</strong></span> <span class='ocrx_word' id='word_1_293' title='bbox 1062 1999 1257 2051; x_wconf 82' lang='lat' dir='ltr'><strong>Cangium</strong></span> <span class='ocrx_word' id='word_1_294' title='bbox 1290 1998 1509 2036; x_wconf 85' lang='lat' dir='ltr'><strong>Hieremias</strong></span> <span class='ocrx_word' id='word_1_295' title='bbox 1537 2012 1560 2036; x_wconf 90' lang='lat' dir='ltr'><strong>e</strong></span> <span class='ocrx_word' id='word_1_296' title='bbox 1587 2005 1790 2049; x_wconf 79' lang='lat' dir='ltr'><strong>metropa-</strong></span> 
     </span>
     <span class='ocr_line' id='line_1_35' title="bbox 353 2051 1790 2106; baseline -0.001 -15"><span class='ocrx_word' id='word_1_297' title='bbox 353 2052 426 2091; x_wconf 81' lang='lat' dir='ltr'><strong>lita</strong></span> <span class='ocrx_word' id='word_1_298' title='bbox 453 2055 633 2093; x_wconf 78' lang='lat' dir='ltr'><strong>Larissae</strong></span> <span class='ocrx_word' id='word_1_299' title='bbox 669 2055 708 2093; x_wconf 91' lang='lat' dir='ltr'><strong>in</strong></span> <span class='ocrx_word' id='word_1_300' title='bbox 734 2053 1000 2106; x_wconf 80' lang='lat' dir='ltr'><strong>patriarcham</strong></span> <span class='ocrx_word' id='word_1_301' title='bbox 1030 2053 1239 2092; x_wconf 89' lang='lat' dir='ltr'><strong>CPtanum</strong></span> <span class='ocrx_word' id='word_1_302' title='bbox 1276 2051 1514 2093; x_wconf 84' lang='lat' dir='ltr'><strong>sublimatur</strong></span> <span class='ocrx_word' id='word_1_303' title='bbox 1540 2052 1603 2091; x_wconf 88' lang='lat' dir='ltr'><strong>his</strong></span> <span class='ocrx_word' id='word_1_304' title='bbox 1629 2052 1790 2100; x_wconf 85' lang='lat' dir='ltr'><strong>verbis,</strong></span> 
     </span>
     <span class='ocr_line' id='line_1_36' title="bbox 355 2107 1788 2170; baseline -0.001 -25"><span class='ocrx_word' id='word_1_305' title='bbox 355 2123 459 2160; x_wconf 87' lang='lat' dir='ltr'><strong>quae</strong></span> <span class='ocrx_word' id='word_1_306' title='bbox 499 2109 647 2148; x_wconf 87' lang='lat' dir='ltr'><strong>referre</strong></span> <span class='ocrx_word' id='word_1_307' title='bbox 687 2109 797 2147; x_wconf 88' lang='lat' dir='ltr'><strong>haud</strong></span> <span class='ocrx_word' id='word_1_308' title='bbox 826 2110 943 2170; x_wconf 84' lang='lat' dir='ltr'><strong>piget</strong></span> <span class='ocrx_word' id='word_1_309' title='bbox 978 2122 1108 2160; x_wconf 86' lang='lat' dir='ltr'><strong>neque</strong></span> <span class='ocrx_word' id='word_1_310' title='bbox 1150 2122 1173 2148; x_wconf 93' lang='lat' dir='ltr'><strong>a</strong></span> <span class='ocrx_word' id='word_1_311' title='bbox 1214 2121 1259 2147; x_wconf 86' lang='lat' dir='ltr'><strong>re</strong></span> <span class='ocrx_word' id='word_1_312' title='bbox 1287 2109 1482 2170; x_wconf 82' lang='lat' dir='ltr'><strong>praesenti</strong></span> <span class='ocrx_word' id='word_1_313' title='bbox 1514 2107 1687 2147; x_wconf 85' lang='lat' dir='ltr'><strong>alienum</strong></span> <span class='ocrx_word' id='word_1_314' title='bbox 1717 2113 1788 2145; x_wconf 85' lang='lat' dir='ltr'><strong>est.</strong></span> 
     </span>
     <span class='ocr_line' id='line_1_37' title="bbox 349 2157 1791 2226; baseline -0.003 -23.98"><span class='ocrx_word' id='word_1_315' title='bbox 349 2161 408 2202; x_wconf 86' lang='grc' dir='ltr'><strong><em>Ἡ</em></strong></span> <span class='ocrx_word' id='word_1_316' title='bbox 434 2161 532 2202; x_wconf 71' lang='grc' dir='ltr'><em>θεία</em></span> <span class='ocrx_word' id='word_1_317' title='bbox 550 2160 632 2202; x_wconf 87' lang='grc' dir='ltr'><em>καί</em></span> <span class='ocrx_word' id='word_1_318' title='bbox 659 2159 751 2215; x_wconf 79' lang='grc' dir='ltr'><em>ἱερά</em></span> <span class='ocrx_word' id='word_1_319' title='bbox 782 2158 955 2208; x_wconf 72' lang='grc' dir='ltr'><em>συνοδος</em></span> <span class='ocrx_word' id='word_1_320' title='bbox 979 2163 1060 2202; x_wconf 79' lang='grc' dir='ltr'><strong>τῶν</strong></span> <span class='ocrx_word' id='word_1_321' title='bbox 1090 2157 1408 2213; x_wconf 85' lang='grc' dir='ltr'><em>πανιερωτάτων</em></span> <span class='ocrx_word' id='word_1_322' title='bbox 1428 2160 1791 2226; x_wconf 77' lang='grc' dir='ltr'><em>μητροπολιτῶν,</em></span> 
     </span>
     <span class='ocr_line' id='line_1_38' title="bbox 354 2200 1791 2281; baseline -0.002 -25"><span class='ocrx_word' id='word_1_323' title='bbox 354 2217 439 2256; x_wconf 72' lang='grc' dir='ltr'><strong>τῶν</strong></span> <span class='ocrx_word' id='word_1_324' title='bbox 473 2200 809 2281; x_wconf 73' lang='grc' dir='ltr'><em>θεοφιλεστάτων</em></span> <span class='ocrx_word' id='word_1_325' title='bbox 853 2212 1114 2279; x_wconf 78' lang='grc' dir='ltr'><em>ἐπισκόπων,</em></span> <span class='ocrx_word' id='word_1_326' title='bbox 1157 2217 1241 2257; x_wconf 75' lang='grc' dir='ltr'><strong>τῶν</strong></span> <span class='ocrx_word' id='word_1_327' title='bbox 1267 2214 1519 2265; x_wconf 80' lang='grc' dir='ltr'><em>τιμιωτάτων</em></span> <span class='ocrx_word' id='word_1_328' title='bbox 1563 2214 1791 2277; x_wconf 74' lang='grc' dir='ltr'><em>κληρικῶν,</em></span> 
     </span>
     <span class='ocr_line' id='line_1_39' title="bbox 357 2265 1790 2338; baseline -0.003 -28"><span class='ocrx_word' id='word_1_329' title='bbox 357 2285 441 2310; x_wconf 79' lang='grc' dir='ltr'><strong>των</strong></span> <span class='ocrx_word' id='word_1_330' title='bbox 478 2268 782 2324; x_wconf 64' lang='grc' dir='ltr'><em>εὐγενεστάτων</em></span> <span class='ocrx_word' id='word_1_331' title='bbox 828 2266 1040 2338; x_wconf 67' lang='grc' dir='ltr'><em>ἀρχόντων</em></span> <span class='ocrx_word' id='word_1_332' title='bbox 1081 2270 1154 2310; x_wconf 82' lang='grc' dir='ltr'><em>καί</em></span> <span class='ocrx_word' id='word_1_333' title='bbox 1190 2269 1342 2317; x_wconf 83' lang='grc' dir='ltr'><em>παντὸς</em></span> <span class='ocrx_word' id='word_1_334' title='bbox 1388 2284 1462 2310; x_wconf 85' lang='grc' dir='ltr'><strong>του</strong></span> <span class='ocrx_word' id='word_1_335' title='bbox 1497 2265 1790 2334; x_wconf 79' lang='grc' dir='ltr'><em>χριστωνύμου</em></span> 
     </span>
     <span class='ocr_line' id='line_1_40' title="bbox 354 2318 1791 2393; baseline -0.002 -28"><span class='ocrx_word' id='word_1_336' title='bbox 354 2325 463 2365; x_wconf 81' lang='grc' dir='ltr'><em>λαοῦ</em></span> <span class='ocrx_word' id='word_1_337' title='bbox 478 2326 833 2392; x_wconf 84' lang='grc' dir='ltr'><em>προσκαλοῦνται</em></span> <span class='ocrx_word' id='word_1_338' title='bbox 868 2322 941 2377; x_wconf 70' lang='grc' dir='ltr'><strong>τὴν</strong></span> <span class='ocrx_word' id='word_1_339' title='bbox 978 2324 1282 2393; x_wconf 77' lang='grc' dir='ltr'><em>ἆρχιεροσυνην</em></span> <span class='ocrx_word' id='word_1_340' title='bbox 1325 2338 1401 2365; x_wconf 83' lang='grc' dir='ltr'><strong>σου</strong></span> <span class='ocrx_word' id='word_1_341' title='bbox 1431 2323 1512 2364; x_wconf 82' lang='grc' dir='ltr'><strong>α’πὸ</strong></span> <span class='ocrx_word' id='word_1_342' title='bbox 1541 2321 1611 2364; x_wconf 77' lang='grc' dir='ltr'><strong>τόν</strong></span> <span class='ocrx_word' id='word_1_343' title='bbox 1639 2318 1791 2385; x_wconf 75' lang='grc' dir='ltr'><em>θρόνον</em></span> 
     </span>
     <span class='ocr_line' id='line_1_41' title="bbox 354 2373 1790 2447; baseline -0.001 -28"><span class='ocrx_word' id='word_1_344' title='bbox 354 2379 431 2447; x_wconf 80' lang='grc' dir='ltr'><strong>τῆς</strong></span> <span class='ocrx_word' id='word_1_345' title='bbox 465 2378 697 2447; x_wconf 78' lang='grc' dir='ltr'><em>ἁγιωτάτης</em></span> <span class='ocrx_word' id='word_1_346' title='bbox 724 2378 1019 2447; x_wconf 80' lang='grc' dir='ltr'><em>μητροπόλεως</em></span> <span class='ocrx_word' id='word_1_347' title='bbox 1058 2379 1281 2443; x_wconf 80' lang='grc' dir='ltr'><em>Λαρίσσης</em></span> <span class='ocrx_word' id='word_1_348' title='bbox 1316 2394 1375 2427; x_wconf 83' lang='grc' dir='ltr'><strong>εις</strong></span> <span class='ocrx_word' id='word_1_349' title='bbox 1411 2375 1483 2420; x_wconf 83' lang='grc' dir='ltr'><strong>τὸν</strong></span> <span class='ocrx_word' id='word_1_350' title='bbox 1525 2373 1790 2428; x_wconf 72' lang='grc' dir='ltr'><em>ὑψηλότατον</em></span> 
     </span>
     <span class='ocr_line' id='line_1_42' title="bbox 355 2429 1792 2489; baseline -0.002 -16"><span class='ocrx_word' id='word_1_351' title='bbox 355 2449 427 2474; x_wconf 83' lang='grc' dir='ltr'><em>και</em></span> <span class='ocrx_word' id='word_1_352' title='bbox 453 2435 561 2487; x_wconf 81' lang='grc' dir='ltr'><em>μέγα</em></span> <span class='ocrx_word' id='word_1_353' title='bbox 596 2433 748 2488; x_wconf 72' lang='grc' dir='ltr'><em>θρόνον</em></span> <span class='ocrx_word' id='word_1_354' title='bbox 786 2433 858 2475; x_wconf 79' lang='grc' dir='ltr'><strong>τὸν</strong></span> <span class='ocrx_word' id='word_1_355' title='bbox 896 2432 1194 2489; x_wconf 80' lang='grc' dir='ltr'><em>πατριαρχικόν</em></span> <span class='ocrx_word' id='word_1_356' title='bbox 1226 2436 1296 2488; x_wconf 79' lang='grc' dir='ltr'><strong>τῆς</strong></span> <span class='ocrx_word' id='word_1_357' title='bbox 1324 2429 1552 2486; x_wconf 76' lang='grc' dir='ltr'><em>ἁγιωτάτης</em></span> <span class='ocrx_word' id='word_1_358' title='bbox 1577 2444 1648 2470; x_wconf 80' lang='grc' dir='ltr'><strong>του</strong></span> <span class='ocrx_word' id='word_1_359' title='bbox 1679 2432 1792 2484; x_wconf 81' lang='grc' dir='ltr'><em>Χρι-</em></span> 
     </span>
     <span class='ocr_line' id='line_1_43' title="bbox 357 2473 923 2555; baseline 0 -26"><span class='ocrx_word' id='word_1_360' title='bbox 357 2489 461 2530; x_wconf 81' lang='grc' dir='ltr'><em>στοῧ</em></span> <span class='ocrx_word' id='word_1_361' title='bbox 485 2473 668 2542; x_wconf 84' lang='grc' dir='ltr'><em>μεγάλνς</em></span> <span class='ocrx_word' id='word_1_362' title='bbox 694 2489 923 2555; x_wconf 70' lang='grc' dir='ltr'><em>ἐκκλησύκς.</em></span> 
     </span>
    </p>

    <p class='ocr_par' dir='ltr' id='par_1_5' title="bbox 357 2536 1796 2761">
     <span class='ocr_line' id='line_1_44' title="bbox 511 2536 1794 2603; baseline -0.003 -18.891"><span class='ocrx_word' id='word_1_363' title='bbox 511 2543 585 2584; x_wconf 88' lang='lat'><strong>..5</strong></span> <span class='ocrx_word' id='word_1_364' title='bbox 617 2544 732 2598; x_wconf 75' lang='grc'><strong>[564,</strong></span> <span class='ocrx_word' id='word_1_365' title='bbox 751 2544 813 2598; x_wconf 83' lang='grc'><strong>9.]</strong></span> <span class='ocrx_word' id='word_1_366' title='bbox 842 2540 1027 2592; x_wconf 80' lang='grc' dir='ltr'><em>τούτους.</em></span> <span class='ocrx_word' id='word_1_367' title='bbox 1095 2544 1183 2583; x_wconf 90' lang='lat' dir='ltr'><strong>Hoc</strong></span> <span class='ocrx_word' id='word_1_368' title='bbox 1219 2545 1393 2597; x_wconf 89' lang='lat' dir='ltr'><strong>primum</strong></span> <span class='ocrx_word' id='word_1_369' title='bbox 1426 2536 1592 2603; x_wconf 78' lang='grc' dir='ltr'><em>τούτους</em></span> <span class='ocrx_word' id='word_1_370' title='bbox 1619 2542 1794 2594; x_wconf 85' lang='lat' dir='ltr'><strong>pertinet</strong></span> 
     </span>
     <span class='ocr_line' id='line_1_45' title="bbox 359 2545 1792 2651; baseline 0 -16"><span class='ocrx_word' id='word_1_371' title='bbox 359 2597 410 2635; x_wconf 89' lang='lat' dir='ltr'><strong>ad</strong></span> <span class='ocrx_word' id='word_1_372' title='bbox 453 2545 590 2638; x_wconf 77' lang='lat' dir='ltr'><strong>elAectos</strong></span> <span class='ocrx_word' id='word_1_373' title='bbox 609 2630 620 2649; x_wconf 91' lang='lat'>‚</span> <span class='ocrx_word' id='word_1_374' title='bbox 668 2600 965 2648; x_wconf 81' lang='lat' dir='ltr'><strong>denominatos,</strong></span> <span class='ocrx_word' id='word_1_375' title='bbox 1011 2599 1230 2639; x_wconf 89' lang='lat' dir='ltr'><strong>secundum</strong></span> <span class='ocrx_word' id='word_1_376' title='bbox 1270 2612 1364 2637; x_wconf 87' lang='lat' dir='ltr'><strong>vero</strong></span> <span class='ocrx_word' id='word_1_377' title='bbox 1404 2596 1580 2648; x_wconf 82' lang='lat' dir='ltr'><strong>proxime</strong></span> <span class='ocrx_word' id='word_1_378' title='bbox 1623 2611 1792 2651; x_wconf 84' lang='lat' dir='ltr'><strong>sequens</strong></span> 
     </span>
     <span class='ocr_line' id='line_1_46' title="bbox 357 2650 1793 2703; baseline 0.001 -15"><span class='ocrx_word' id='word_1_379' title='bbox 357 2663 530 2700; x_wconf 83' lang='grc' dir='ltr'><em>τουτους</em></span> <span class='ocrx_word' id='word_1_380' title='bbox 567 2655 618 2693; x_wconf 91' lang='lat' dir='ltr'><strong>ad</strong></span> <span class='ocrx_word' id='word_1_381' title='bbox 658 2656 861 2699; x_wconf 49' lang='lat' dir='ltr'><strong>elec-tows</strong></span> <span class='ocrx_word' id='word_1_382' title='bbox 902 2655 1230 2694; x_wconf 85' lang='lat' dir='ltr'><strong>denominatores.</strong></span> <span class='ocrx_word' id='word_1_383' title='bbox 1296 2650 1525 2690; x_wconf 85' lang='lat' dir='ltr'><strong>Maluissem</strong></span> <span class='ocrx_word' id='word_1_384' title='bbox 1550 2657 1683 2690; x_wconf 82' lang='lat' dir='ltr'><strong>tamen</strong></span> <span class='ocrx_word' id='word_1_385' title='bbox 1715 2661 1793 2703; x_wconf 57' lang='lat' dir='ltr'><strong>pio*</strong></span> 
     </span>
     <span class='ocr_line' id='line_1_47' title="bbox 359 2701 1796 2761; baseline 0.004 -18"><span class='ocrx_word' id='word_1_386' title='bbox 359 2705 489 2761; x_wconf 84' lang='lat' dir='ltr'><strong>primo</strong></span> <span class='ocrx_word' id='word_1_387' title='bbox 533 2722 704 2756; x_wconf 85' lang='grc' dir='ltr'><em>τουτους</em></span> <span class='ocrx_word' id='word_1_388' title='bbox 748 2718 815 2749; x_wconf 83' lang='lat' dir='ltr'><strong>aut</strong></span> <span class='ocrx_word' id='word_1_389' title='bbox 858 2708 978 2750; x_wconf 74' lang='grc' dir='ltr'><em>τοῦτο</em></span> <span class='ocrx_word' id='word_1_390' title='bbox 1018 2716 1087 2750; x_wconf 84' lang='lat' dir='ltr'><strong>aut</strong></span> <span class='ocrx_word' id='word_1_391' title='bbox 1126 2720 1219 2761; x_wconf 76' lang='grc' dir='ltr'><em>περι</em></span> <span class='ocrx_word' id='word_1_392' title='bbox 1247 2701 1427 2749; x_wconf 72' lang='grc' dir='ltr'><em>τούτου·</em></span> <span class='ocrx_word' id='word_1_393' title='bbox 1416 2735 1428 2758; x_wconf 83' lang='grc'>,</span> <span class='ocrx_word' id='word_1_394' title='bbox 1473 2707 1695 2749; x_wconf 65' lang='lat' dir='ltr'><strong>rema-mant</strong></span> <span class='ocrx_word' id='word_1_395' title='bbox 1735 2701 1796 2748; x_wconf 70' lang='lat' dir='ltr'><strong>ad</strong></span> 
     </span>
    </p>
   </div>
  </div>
 </body>
</html>
