1884 3132
306 95 417 151 618
615 114 687 154 10.
727 114 832 156 1Ac.
876 116 1071 156 Rsslsxn
1108 115 1484 160 COMMENTAnn

306 218 555 272 praeeipuam
579 219 691 259 istius
717 218 979 260 hebdomadis
1012 228 1185 273 partem,
1219 222 1460 262 dominicam
1485 224 1570 264 eius
1612 225 1741 274 diem,v

306 272 527 326 intelligas,
558 288 724 329 eamque
745 276 905 314 nomine
931 277 1054 315 totius
1073 276 1312 330 appellatam
1337 280 1530 318 existimes
1545 308 1557 330 ‚
1585 287 1632 319 ut
1646 294 1740 333 par·-

307 335 389 366 tem
415 329 637 381 capitalem.
1235 345 1238 352 ¹

416 384 468 422 A.
493 399 553 424 11.
580 384 691 436 535,
722 383 803 438 11.]
837 383 1168 438 ὃηριγευόμενος.
1227 389 1288 427 Ita
1323 395 1382 427 est
1420 389 1463 426 iu
1500 388 1743 428 membranis

306 453 379 491 pro
417 435 758 492 δηριγευόμενοι,
807 441 918 494 quod
956 442 1229 494 praecedentia
1261 451 1300 482 et
1331 443 1535 497 sequentia
1571 442 1743 498 pluralia

306 492 498 548 flagitant.

418 549 463 587 C.
489 565 529 589 2.
554 550 668 604 [536,
689 550 742 603 6.]
777 545 1051 591 'Anomdtam
1106 552 1166 590 Ita
1205 554 1472 593 membranae.
1530 554 1745 593 Contextus

307 611 442 643 tamen
473 613 685 657 monstrat,
719 605 931 659 legendum
955 621 1039 645 esse
1068 603 1280 659 ἁηάιτων,
1319 616 1366 647 ut
1392 611 1432 647 in
1457 610 1608 648 Latinis
1635 608 1746 653 dedi.

307 660 413 698 Nam
441 661 662 713 Imperator
684 676 729 700 ex
762 662 858 700 aede
890 662 960 699 SS.
991 665 1171 700 omnium
1199 665 1239 701 in
1267 663 1404 702 aedem
1433 665 1502 703 SS.
1529 663 1747 717 Apostolo-.

305 729 398 753 rum
426 716 666 768 procedebat
686 746 697 766 ‚
727 717 955 769 patriarcha
977 731 1071 756 vero
1092 731 1113 756 e
1141 718 1390 771 patriarelieo
1427 719 1490 758 vel
1530 719 1570 762 S.
1597 718 1747 772 Sophia

306 772 488 823 protinus
511 772 562 810 ad
587 773 657 810 SS.
686 771 916 824 Apostolos.

390 836 483 876 310.
507 837 548 875 C.
569 835 611 888 4.
636 836 755 891 [537⁹
783 837 869 892 19.]
899 835 1075 879 ἵσταται.
1131 838 1292 877 Stetisse
1314 839 1362 878 ad
1396 838 1587 892 evangelii
1606 837 1745 878 lectio—

307 905 400 931 nem
419 893 698 945 Imperatores,
726 907 748 931 e
764 895 883 932 variis
896 894 1032 931 Nostri
1058 893 1153 933 locis
1171 900 1306 946 patet3
1337 894 1473 946 vid.p.
1507 895 1598 934 308.
1621 895 1674 935 D.
1705 908 1744 934 c.

306 947 379 986 fin.
436 947 593 986 Fideles
625 962 784 1001 qnoque
819 948 924 986 idem
958 948 1119 995 fecisse,
1159 948 1444 987 demonstravit
1481 947 1662 987 Valesius
1692 949 1744 988 ad

307 1001 551 1056 Philostorg.
572 1004 647 1040 ΙΙΙ.
671 1003 713 1042 6.
772 1003 891 1041 conf.
914 1004 997 1041 Leo
1019 1003 1191 1043 Allatius
1219 1003 1268 1042 de
1297 1003 1406 1043 libris
1432 1002 1747 1042 G1·aec.Eccles.

307 1057 411 1096 Bibl.
444 1059 513 1097 Gr.
540 1058 574 1095 F
578 1057 701 1096 abric.
731 1057 779 1098 T.
799 1058 854 1096 V.
874 1072 915 1111 p.
941 1057 1008 1108 24.

390 1124 486 1162 511.
505 1122 558 1161 A.
578 1137 614 1177 7.
637 1122 749 1177 [538,
780 1125 862 1177 ιφ]
913 1122 1159 1175 ἐξέρχεσθαι
1202 1120 1281 1162 α’πό
1312 1124 1391 1162 τοῦ
1413 1122 1749 1176 σκευοφυλακίου

305 1176 382 1218 τοῦ
407 1173 589 1229 μεγάλου
619 1178 836 1217 παλατιόυ.
891 1178 1085 1231 Magnum
1115 1178 1310 1231 palatium
1335 1185 1392 1217 est
1419 1178 1622 1220 ordinaria
1648 1179 1744 1216 resi-

308 1234 443 1272 dentia
468 1234 758 1285 imperatorum
790 1240 830 1271 et
857 1235 1075 1287 opponitur
1097 1234 1185 1272 aliis
1223 1233 1386 1272 urbanis
1420 1241 1459 1272 et
1493 1233 1747 1272 suburbanis.

310 1288 420 1339 Quia
451 1302 548 1327 vero
580 1287 934 1342 sceuophylacium
963 1296 1021 1327 est
1051 1288 1332 1328 tantummodo
1347 1288 1504 1327 aedium
1526 1301 1750 1337 sacrarum,

308 1343 427 1382 debet
458 1342 524 1381 hic
546 1357 706 1396 quoque
737 1343 902 1382 ecelesia
920 1343 1097 1396 palatina
1129 1343 1309 1396 intelligi,
1340 1351 1378 1382 et
1395 1343 1555 1396 quidem
1574 1342 1749 1395 Deipara

305 1397 458 1448 Phari,
488 1404 534 1435 ut
569 1413 591 1436 e
625 1413 666 1451 p.
692 1399 790 1437 512.
833 1399 885 1437 A.
917 1413 958 1452 9.
988 1406 1114 1452 patet.
1172 1399 1424 1451 Quapropter
1462 1398 1586 1436 verba
1616 1405 1686 1436 auc
1710 1405 1749 1436 ec

308 1453 397 1492 Nea
418 1455 457 1492 in
479 1454 628 1492 Latinis
658 1453 780 1492 huius
808 1455 976 1507 paginae
1001 1455 1094 1493 511.
1115 1455 1160 1494 Β.
1191 1455 1230 1492 3.
1253 1453 1374 1492 deleri
1404 1452 1540 1492 velim.

419 1521 466 1559 B.
496 1533 526 1558 1.
551 1518 778 1575 [538‚21.]
806 1515 1180 1571 βαλσαμιζόμενος.
1234 1521 1420 1572 Magnam
1462 1532 1600 1558 curam
1631 1518 1751 1557 adhi-

306 1575 376 1615 bet
395 1577 546 1615 Graeca
579 1574 744 1614 ecclesia
771 1575 811 1612 in
844 1574 1047 1613 idolorum
1082 1589 1244 1614 suorum
1276 1574 1409 1624 cultu,
1449 1588 1578 1626 neque
1616 1574 1748 1612 minus

309 1631 469 1670 Latina.
527 1630 782 1683 Tergebant,
806 1630 1009 1683 ungebant
1033 1644 1079 1669 ea
1107 1629 1268 1682 singulis
1294 1628 1405 1667 annis
1424 1657 1435 1677 ,
1468 1642 1613 1667 novam
1644 1642 1748 1680 quo-

306 1701 386 1739 que
419 1685 561 1725 stolam
595 1685 804 1723 annuatim
833 1684 1029 1734 induunt,
1081 1684 1297 1723 concedere
1338 1682 1550 1736 gentilibus
1581 1684 1748 1736 impium

305 1742 510 1781 ducentes.
567 1740 681 1779 Ordo
703 1741 873 1778 Roman.
900 1754 941 1791 p.
977 1739 1073 1794 572.
1091 1753 1104 1777 :
1144 1753 1247 1778 crux
1297 1747 1353 1776 est
1385 1738 1549 1792 desuper
1591 1739 1749 1776 inuncta

305 1796 481 1836 balsamo
505 1804 543 1835 et
559 1796 720 1848 singulis
742 1795 855 1832 annis
875 1794 1016 1832 eadem
1047 1795 1175 1832 unctio
1216 1801 1448 1840 renovatur,
1481 1790 1641 1848 quando
1670 1791 1746 1831 do-'

307 1853 436 1890 minus
469 1851 587 1906 Papa
603 1863 690 1888 cum
717 1849 986 1887 cardinalibus
999 1850 1115 1899 facit
1136 1849 1419 1903 processionem
1451 1849 1492 1885 in
1509 1847 1749 1886 exaltatione

303 1905 350 1944 S.
381 1907 526 1945 Cnaeis.
582 1906 645 1944 Sic
667 1917 828 1957 quoque
853 1906 1021 1956 pagani,
1054 1903 1138 1955 qui,
1167 1910 1266 1941 teste
1293 1902 1549 1940 Artemidoro
1584 1915 1626 1954 p.
1657 1914 1746 1943 122.

306 1974 345 2000 c.
379 1961 460 2013 34,
491 1958 599 1999 idola
627 1973 698 1998 sua
723 1958 903 1998 solebant
940 1955 1190 2008 ἐκμάσσειν,
1215 1958 1326 1996 siccis
1352 1958 1492 2010 pannis
1518 1955 1642 1995 laneis
1678 1963 1748 1994 aut

306 2016 440 2056 linteis
473 2022 675 2067 extergere
697 2044 708 2062 ‚
751 2011 998 2063 καθαίρειν,
1039 2026 1172 2064 aqua,
1212 2026 1382 2064 sapone,
1412 2010 1617 2063 scalptris,
1656 2011 1750 2049 setis

306 2068 481 2124 porcinis
519 2070 653 2110 sordes
692 2067 854 2107 abluere
886 2074 925 2106 et
958 2066 1164 2114 revellere,
1197 2059 1383 2119 ἀλείφειν
1400 2095 1411 2116 ,
1439 2079 1608 2119 ungere,
1639 2064 1747 2118 quod

307 2126 456 2165 Noster
489 2120 763 2176 βαλσαμίζειν
802 2121 997 2175 appellat,
1038 2119 1196 2170 σαροῧν
1233 2116 1287 2159 τὰ
1331 2117 1410 2173 πρὸ
1439 2120 1521 2171 τῶν
1546 2119 1649 2159 νεῶν
1676 2117 1750 2158 καί

307 2177 360 2219 τὰ
389 2177 469 2233 πρὸ
499 2178 582 2218 τῶν
611 2174 872 2229 ἀγαλμάτων,
929 2176 1186 2226 Quibusdam
1219 2174 1375 2228 gentilis
1417 2188 1463 2213 ea
1494 2182 1579 2214 erat
1617 2173 1746 2227 digni-

307 2242 369 2274 tas
414 2242 454 2274 et
494 2248 589 2273 cura
625 2232 801 2285 ungendi
837 2238 876 2270 et
909 2230 1070 2269 lavandi
1116 2230 1238 2269 idola.
1296 2230 1360 2268 Sic
1389 2229 1555 2268 Phidiae
1591 2224 1747 2278 ἔκγονοι

307 2297 424 2329 erant
465 2285 722 2342 φαιδρυνταί
761 2287 866 2325 Iovis
905 2285 1115 2340 Olympii,
1147 2292 1246 2324 teste
1299 2285 1497 2323 Pausania
1537 2285 1576 2322 in
1612 2281 1747 2331 Eleis,

309 2359 484 2397 quorum
517 2350 601 2382 erat
635 2349 805 2380 statuam
837 2340 949 2379 illam
983 2340 1283 2380 celeberrimam
1324 2338 1447 2378 semel
1480 2351 1552 2392 per
1589 2349 1744 2375 annum

309 2399 538 2453 abstergere
562 2405 601 2436 et
627 2410 788 2435 ornare.

420 2466 469 2503 D.
493 2479 533 2504 2.
556 2463 667 2518 [539‚
708 2460 790 2515 19.]
832 2458 1132 2515 περιπολεύειν.
1199 2461 1399 2500 Describit
1428 2456 1745 2498 Christianorum

313 2520 581 2568 ambarvalia,
618 2518 687 2571 qui
723 2529 840 2555 cruce
881 2524 920 2555 et
965 2516 1207 2557 Sanctorum
1240 2516 1416 2568 reliquiis
1454 2514 1604 2552 circum
1636 2510 1750 2560 urbis

311 2587 445 2612 muros
470 2581 508 2612 et
544 2588 615 2626 per
647 2572 800 2626 plateas
834 2572 1146 2625 circumgestatis
1183 2570 1377 2623 putabant
1406 2567 1511 2606 mala
1547 2567 1681 2604 omnia
1706 2579 1748 2604 se

314 2636 649 2666 averruncaturos
678 2641 774 2666 esse.
831 2627 925 2664 Vita
962 2626 1163 2667 &Auiani
1177 2625 1363 2676 Episeop.
1387 2621 1593 2660 Aurelian.
1628 2620 1748 2673 (apud

317 2681 384 2719 Du
404 2682 610 2735 *Gangium
628 2695 672 2722 v.
693 2681 1020 2733 Ambulatorium)
1039 2696 1050 2720 ε
1073 2680 1257 2734 pontifi'x
1279 2678 1384 2733 fisus
1415 2679 1456 2715 in
1474 2676 1650 2715 Domino
1674 2688 1752 2729 pet·

1175 2761 1188 2780 Ι
