1884 3132
297 99 406 174 570
590 119 663 160 ιο
707 119 814 162 1Ac
859 123 1054 162 RElsKu
1109 121 1487 166 CONMENTAmi

291 238 366 278 pro
405 223 576 276 illusni,
612 225 845 279 spectabili,
871 234 931 267 est
960 226 1067 280 apud
1096 226 1355 267 Anastasium
1391 229 1434 266 in
1459 229 1653 283 Gregorio
1673 230 1749 271 lv.

293 279 371 318 sub
405 280 542 318 finem.

400 335 454 373 D.
478 335 520 375 6.
554 334 672 389 [485,
691 334 751 390 5.]
780 332 897 387 τίμια
925 350 994 376 και
1023 335 1207 386 {monulfi
1235 332 1350 386 ξύλα.
1408 337 1558 378 Cruces
1596 347 1643 379 ut
1681 354 1748 380 res

290 405 461 444 magnae
497 392 604 444 apud
645 393 818 431 Graecos
851 394 1121 432 venerationis
1166 392 1361 446 praelatas
1407 395 1451 432 in
1480 395 1564 433 acie
1595 395 1745 447 fuisse,

293 461 359 486 res
387 454 483 486 nota
508 454 567 485 est
618 454 658 486 et
702 447 889 500 exemplis
929 448 1095 501 prolatis
1134 448 1426 488 demonstravit
1454 450 1520 488 Du
1549 451 1684 504 Gange
1703 465 1746 490 v.

290 497 629 555 Σταυροφοένεια.
698 502 718 525 *
735 502 896 558 [Sacrae
923 517 1061 543 cruces
1085 502 1356 543 offerebantur
1385 506 1428 544 in
1453 506 1744 558 expeditionem

290 557 421 596 ituris.
477 557 566 596 Ser.
590 565 679 611 post
703 559 942 612 Theophan.
974 574 1014 613 p,
1033 558 1127 623 573.
1147 558 1240 598 coil.
1265 575 1305 612 p.
1324 560 1419 614 596.
1474 561 1576 599 Cum
1593 574 1744 611 cruce,

289 612 530 667 imaginibus
553 620 592 652 et
614 615 737 652 cereis
769 614 930 653 obviam
950 615 1054 654 hosti
1083 616 1200 653 itum.
1234 615 1362 658 Nicet.
1381 615 1603 669 Choniat.p
1609 616 1742 668 .567.

288 668 383 707 coll.
401 683 441 721 p.
465 669 532 707 31.
554 669 620 708 50.
640 669 735 709 535.
761 669 855 734 369.
871 700 883 720 ,
912 670 983 709 ubi
1011 670 1061 709 de
1080 672 1315 709 iunamentis
1336 673 1376 709 in
1399 630 1744 725 Evangeliumj'r‘

290 724 349 763 At
377 725 601 763 cmrocium
623 727 814 766 eosdem'
803 740 844 764 1n
871 727 956 764 acie
988 727 1353 765 eircumductitasse
1379 740 1471 765 cum
1500 727 1672 780 imagine
1699 728 1744 766 Β.

290 780 345 818 V.
352 780 485 833 quod
506 780 690 834 perhibet
713 780 987 820 Rhamnusius
1015 796 1056 834 p.
1086 783 1174 821 113.
1180 789 1312 834 ,puto
1331 781 1371 820 id
1400 783 1496 836 ipsis
1513 783 1565 821 ab
1583 782 1746 821 homine

289 834 488 874 tributum
526 835 676 887 fuisse,
728 837 798 890 qui
839 837 948 890 quod
990 838 1032 875 in
1059 851 1135 875 usu
1171 813 1324 876 fiatinis
1349 836 1418 876 illa
1447 845 1578 876 aetate
1628 844 1744 889 erat,

289 891 410 929 etiam
434 891 653 931 obtinuisse
675 893 782 945 apud
802 894 862 931 (ιι
863 906 977 931 accos
997 892 1190 935 mederet

374 947 465 986 280.
485 946 538 985 A.
558 962 599 1001 9.
633 946 752 1001 [485,
779 946 865 1001 14]
898 943 972 987 τὸν
1009 945 1082 986 ἐπι
1108 961 1192 987 των
1220 944 1417 1000 δεήσεων.
1474 947 1538 987 De
1566 947 1642 987 hac
1680 947 1746 987 di-

287 1003 440 1055 gnitate
459 1002 544 1041 vid.
575 1004 643 1041 Du
669 1004 814 1070 Cangii
841 1002 970 1042 Gloss.
989 1003 1062 1041 Gr.
1088 1017 1130 1043 v.
1163 1001 1224 1043 Ae'
1227 1016 1331 1055 η.σις

401 1059 446 1096 Β.
474 1072 529 1096 10.
562 1057 680 1112 [486,
701 1057 767 1112 6.]
800 1055 1103 1110 Ἀρμενιακῶν.
1159 1058 1435 1111 opponuntur
1472 1057 1538 1097 hic
1559 1058 1740 1099 themata

287 1127 357 1151 seu
389 1114 618 1166 provinciae
644 1114 886 1153 Armenicae
910 1113 1101 1152 Romanis
1144 1127 1228 1152 non
1271 1113 1391 1161 ideo,
1432 1113 1542 1166 quod
1576 1115 1744 1154 Graecis

287 1168 419 1222 Impp.
454 1183 535 1207 non
579 1169 818 1208 subessent:
874 1168 1127 1222 pertinebant
1148 1169 1255 1208 enim
1285 1168 1337 1207 ad
1365 1169 1588 1208 Romanam
1622 1170 1743 1208 ditio-

287 1237 381 1262 nem
412 1237 492 1263 non
523 1225 656 1263 minus
682 1239 805 1277 quam
831 1224 927 1263 Asia
949 1225 1083 1262 minor
1109 1231 1178 1263 aut
1201 1223 1402 1262 Thracia:
1442 1220 1516 1263 sed*
1540 1225 1650 1278 quod
1679 1224 1742 1263 al-

285 1281 410 1318 terius
437 1279 526 1318 fidei
565 1280 853 1333 professionem
879 1279 1069 1318 facerent.
1140 1280 1302 1318 Graecis
1329 1293 1412 1317 non
1441 1280 1574 1319 minus
1603 1294 1744 1320 exosos

287 1348 372 1374 esse
400 1335 600 1375 Armenes
618 1366 630 1386 ‚
661 1350 785 1390 quam
815 1335 1089 1374 protestantes
1111 1342 1206 1374 sunt
1239 1335 1651 1384 Romanocatholicis‚
1675 1350 1743 1375 res

286 1397 382 1430 nota
406 1398 480 1430 est.

394 1446 527 1485 C.1o.
562 1445 787 1512 [486315]
835 1443 981 1498 πτωχὰ
1030 1439 1173 1498 αλογα.
1241 1447 1384 1486 Graeci
1437 1447 1532 1485 novi
1553 1446 1742 1486 animalia

284 1501 499 1542 macilenta
533 1500 679 1553 πτωχὰ
706 1501 933 1556 appellant,
978 1509 1023 1541 ut
1046 1502 1181 1540 Latini
1216 1503 1383 1551 misera,
1410 1503 1567 1555 elega.
1594 1502 1743 1541 Nescio

285 1572 335 1596 an
366 1557 458 1622 huc<
476 1558 677 1625 peltineat
707 1559 849 1598 Glossa
875 1560 918 1597 in
951 1558 1131 1597 Nomicis
1155 1557 1262 1610 apud
1309 1557 1546 1597 Labbeum:
1574 1555 1739 1596 παυπέ-

286 1626 399 1664 ριες,
434 1608 459 1664 ἦ
495 1610 594 1663 δίχα
613 1610 867 1666 κακουργίας
889 1613 1085 1666 γενομέιη
1114 1612 1268 1665 ζημία·
1335 1612 1456 1653 τοῦτο
1485 1611 1531 1652 δὲ
1565 1608 1639 1651 ἐπὶ
1655 1611 1740 1652 τῶν

286 1665 448 1718 ἀλόγων
479 1664 610 1716 ζώων.
670 1669 830 1708 Claiius
860 1676 968 1708 certe
992 1676 1032 1707 et
1056 1670 1187 1722 aptius
1215 1675 1275 1707 est
1304 1667 1406 1707 illud
1435 1682 1458 1707 e
1490 1667 1742 1706 Graecobar-

283 1723 380 1762 lma
411 1726 593 1763 velsione
625 1723 854 1763 fabularum
889 1724 1063 1778 Aesopi,
1079 1723 1268 1787 quodDu
1289 1723 1422 1777 Gange
1452 1737 1492 1762 v.
1519 1718 1654 1774 λιγνύς
1678 1723 1738 1762 ci·-

282 1786 374 1817 tat:
417 1780 534 1831 τῶρα
574 1774 691 1829 εἷμαι
737 1776 874 1844 λιγνὸς
910 1779 984 1818 καί
1026 1775 1222 1830 πτωχὸς,
1276 1778 1347 1818 uhi
1394 1779 1516 1818 codex
1564 1779 1744 1818 Graecus

281 1831 429 1880 λεπτός
458 1835 544 1884 εἰμι
563 1831 636 1873 καί
657 1831 809 1886 ἰσχνός.
869 1835 976 1875 Illud
1007 1831 1144 1886 λιγνύς
1172 1841 1230 1874 est
1273 1835 1379 1873 idem
1399 1842 1518 1888 atque
1538 1828 1741 1881 ἐλεεινός.

281 1890 348 1928 Sic
371 1889 542 1929 efferunt
584 1899 772 1957 corrupte
801 1898 841 1930 et
883 1890 1024 1929 mutile
1048 1898 1200 1929 veteres
1230 1890 1389 1954 probas
1394 1904 1512 1929 voces
1541 1890 1660 1937 novi,
1691 1897 1740 1930 ut

280 1944 393 1996 λίγος
417 1961 492 1999 plo
538 1942 701 1996 ὀλίγος,
746 1941 908 2011 λαφρός
951 1959 1025 1999 pro
1069 1942 1286 1998 ἐλαφρός,
1319 1940 1483 1998 λεὴμων
1510 1957 1584 1998 pro
1621 1941 1739 1996 ἐλεή-

280 2014 395 2050 μων,
426 2001 567 2054 λεήιος
597 2016 672 2054 plo
705 1998 898 2047 ἐλεεινός.
955 2002 1088 2039 Latini
1113 2002 1265 2054 pariter
1289 2002 1432 2039 misera
1467 2007 1507 2039 et
1536 2001 1671 2052 elega,
1693 2000 1735 2039 id

281 2064 340 2095 est
369 2055 528 2095 ἐλεεινά
551 2087 560 2103 ‚
597 2058 944 2096 commiseiatione
971 2056 1092 2110 digna
1127 2055 1222 2095 talia
1252 2058 1433 2095 iumenta
1465 2054 1735 2108 appellabant.

282 2112 451 2165 G1ego1
487 2113 660 2165 Magnus
688 2113 786 2151 XII.
821 2113 952 2166 Epist.
974 2112 1065 2150 50..
1097 2126 1214 2150 unum
1261 2111 1370 2150 nohis
1401 2111 1598 2149 caballum
1622 2111 1738 2148 mise-

279 2180 368 2206 rum
400 2169 650 2207 transmisisti
689 2177 726 2207 ec
757 2183 926 2224 qumque
952 2167 1069 2206 bonos
1106 2168 1252 2206 asiſtrws
1312 2167 1521 2205 caballum
1546 2166 1657 2204 illum
1672 2179 1733 2203 se-

279 2223 375 2261 dere
403 2237 482 2262 non
509 2237 667 2287 possum
682 2252 696 2287 '.
727 2226 822 2287 quia
845 2225 963 2262 miser·
995 2232 1071 2261 est:
1093 2223 1182 2262 zllos
1212 2232 1340 2262 autem
1364 2222 1481 2260 bonos
1497 2221 1630 2260 cedere
1657 2234 1738 2258 non

274 2293 434 2332 possum
451 2309 462 2328 ‚
502 2280 598 2333 quia
634 2280 739 2317 asmi
767 2289 868 2318 sant.
937 2278 1021 2317 Sed
1052 2280 1245 2333 petimus,
1291 2286 1332 2316 ut
1372 2279 1409 2315 si
1432 2291 1502 2316 nos
1540 2276 1734 2314 continere

280 2334 514 2387 ᾱιζςροηιῐιζς,
547 2334 609 2388 [ex
654 2335 776 2373 animi
813 2335 939 2374 nost1i
961 2334 1157 2373 sententia
1195 2334 1327 2373 facere
1362 2340 1401 2371 et
1423 2337 1630 2371 contentos
1661 2344 1737 2369 nos

280 2389 450 2428 r·edde1e
474 2393 587 2444 cupis
608 2388 642 2443 ]
685 2391 842 2445 aliquid
877 2391 986 2429 nobzs
1023 2389 1256 2442 condigtwm
1289 2389 1486 2440 defit-attic,
1554 2385 1647 2424 Non
1678 2387 1738 2423 sie

280 2443 517 2484 Patiiarcha
557 2446 770 2494 CPtanus‚
804 2447 916 2485 cuius
945 2453 1110 2484 vectula
1143 2445 1347 2483 ordinmia
1373 2449 1459 2482 erat
1487 2439 1658 2491 asellus,
1688 2447 1734 2479 ut

281 2499 386 2538 infla
411 2501 650 2540 videbimus.
713 2501 835 2541 Abho
866 2502 912 2540 L.
934 2502 983 2540 ll.
1025 2501 1074 2539 de
1095 2500 1201 2539 bello
1225 2499 1454 2538 Parisiaco.

481 2567 694 2606 Certabant
715 2568 815 2620 elegi
852 2568 1022 2621 scapulis
1054 2580 1247 2620 cornuque
1271 2563 1438 2602 iuvencz.

286 2627 390 2667 Hinc
415 2639 501 2682 est,
524 2633 633 2685 quod
663 2634 758 2671 novi
781 2633 925 2672 Graeci
963 2631 1213 2682 πτωχαίνειν
1243 2642 1318 2682 pro
1356 2641 1590 2674 mammem,
1621 2636 1735 2666 exte—

281 2686 399 2722 nuari
427 2688 863 2741 usu1pant.Manuel
893 2687 1075 2727 Malaxus
1106 2687 1149 2725 in
1176 2684 1376 2724 Chronico
1401 2689 1504 2722 msto
1529 2682 1638 2736 apud
1665 2683 1735 2721 Du
