1826 3126
125 1713 189 1748 Ed.
204 1713 243 1747 L.
266 1726 303 1759 ¹7

322 157 389 214 52
626 178 698 221 10.
739 175 845 220 1Ac.
889 175 1083 245 nmsxn
1126 177 1504 223 commum

317 280 448 320 Nolim
480 282 580 320 Viro
619 281 860 319 Doctissimo
890 282 1093 320 assentire.
1155 282 1314 335 Imag0‚
1361 281 1413 322 de
1441 297 1523 337 qua
1547 282 1614 323 hie
1637 298 1767 324 sermo

318 345 401 386 est,
445 337 600 375 diversa
623 336 674 374 ab
693 336 921 383 Edessena,
961 345 1046 375 erat
1077 351 1223 385 aurea,
1259 344 1299 376 et
1335 352 1492 392 semper
1519 339 1658 379 eodem
1691 341 1767 379 fixa

317 391 419 431 loco.
479 392 681 430 Edessena
707 399 791 429 erat
822 391 943 430 lintea
965 399 1003 430 et
1026 393 1067 430 in
1092 393 1133 431 S.
1160 392 1309 446 Sophia
1341 394 1635 434 asservabatur.
1695 395 1770 434 Illa

317 449 448 499 imago
468 454 552 485 erat
576 446 626 484 ad
649 445 902 486 altitudinem
924 447 1098 486 hominis
1123 448 1296 487 sedentis
1314 463 1478 501 procera
1493 479 1504 497 ‚
1540 456 1580 488 et
1605 450 1770 490 sedebat

316 503 357 540 in
385 502 559 549 throno,
599 501 670 554 qui
705 502 756 540 ad
789 502 969 541 dextram
996 502 1215 555 Imperialis
1250 505 1394 542 stabat.
1455 504 1639 544 Possisne
1671 504 1768 544 talia

316 556 450 610 legens
482 563 657 595 mentem
694 571 717 595 a
755 559 946 596 memoria
976 558 1081 596 Iovis
1120 558 1300 612 Olympii
1334 558 1516 598 Phidiaci
1550 559 1769 600 cohibere?

315 612 394 650 Sed
412 613 510 665 quid
530 626 601 665 ego
621 612 764 650 vitium
785 626 926 652 accuso
940 640 951 662 ‚
986 612 1188 653 humanae
1213 620 1381 653 naturae
1410 614 1605 654 intextum
1621 623 1661 654 et
1681 622 1770 654 alte

315 667 429 706 nulla
449 668 788 720 expugnandum?

429 722 478 760 A.
505 736 565 760 ιι.
606 722 666 776 [7,
694 722 783 777 416.]
826 718 926 770 τούς
950 719 1168 771 δεσπότας.
1225 723 1391 763 Necesse
1421 731 1504 774 est,
1553 732 1600 765 ut
1625 725 1768 766 dictio-

315 778 358 816 ni
379 776 524 816 horum
546 784 769 831 temporum
793 779 1071 825 assuefiamus,
1103 779 1173 831 qui
1190 807 1200 826 ‚
1239 780 1423 832 quamvis
1449 779 1500 820 de
1519 794 1603 820 uno
1636 782 1768 834 Impe-

315 840 449 872 ratore
464 833 751 885 loquerentur,
788 841 923 872 tamen
943 835 983 872 in
1004 834 1149 886 plurali
1171 833 1409 874 efferebant:
1438 835 1593 875 domini
1601 837 1771 888 faciunt

316 889 388 927 hoc
413 889 480 927 vel
506 889 629 936 illud,
667 885 706 927 οἱ
735 885 931 928 δεσπόται
959 889 1185 940 βάλλουσιν
1213 886 1265 928 τά
1295 885 1446 940 ἱμάτια
1456 921 1468 940 ,
1499 886 1539 929 οἱ
1566 887 1767 931 δεσπόται

318 943 555 995 ἐξέρχονται
569 973 580 993 ,
619 958 718 996 pro:
761 944 942 983 dominus
975 944 1104 983 induit
1144 953 1264 983 vestes
1277 974 1289 994 ,
1340 945 1520 985 dominus=
1552 946 1764 998 egreditur.

317 998 561 1037 Docebimus
590 998 692 1037 infra
712 999 778 1038 vel
799 1000 892 1052 ipsis
914 999 1083 1053 Augusti
1102 999 1278 1039 Caesaris
1305 1001 1551 1053 temporibus
1573 1008 1613 1040 et
1635 1001 1766 1040 multo

316 1054 611 1106 antiquioribus
639 1055 716 1092 iam
738 1054 857 1094 fuisse
886 1055 926 1092 in
955 1069 1031 1094 usu
1060 1055 1234 1107 positum
1252 1085 1262 1102 ‚
1294 1054 1499 1094 hominem
1522 1055 1766 1110 singularem

318 1109 358 1147 in
393 1108 539 1162 plurali
570 1108 830 1162 compellare,
876 1116 946 1148 aut
969 1110 1018 1149 de
1041 1123 1087 1148 eo
1107 1109 1219 1148 velut
1239 1110 1289 1149 de
1313 1109 1499 1163 pluribus
1528 1109 1660 1165 loqui,
1693 1111 1764 1166 qui

316 1178 404 1203 mos
438 1164 558 1202 hodie
583 1164 689 1217 apud
715 1178 852 1203 omncs
881 1165 1084 1217 politiores
1116 1172 1250 1218 gentes
1272 1165 1441 1204 obtinet.
1499 1165 1661 1207 Titulus
1691 1180 1766 1207 au-

316 1226 398 1257 tem
428 1220 622 1271 Despotes
651 1219 832 1258 absolute
860 1221 1011 1273 positus
1045 1221 1328 1272 Imperatorem
1361 1220 1590 1274 Augustum
1622 1228 1762 1270 notat,

318 1281 364 1312 ut
382 1289 404 1313 e
431 1275 630 1321 nummis,
664 1275 864 1328 variisque
892 1275 1012 1313 huius
1040 1274 1196 1314 Codicis
1217 1276 1312 1315 locis
1334 1283 1456 1328 patet.
1515 1275 1765 1330 Appellatio-

317 1343 389 1368 nes
423 1326 643 1381 δεσπότης,
680 1329 877 1369 δέσποινα
903 1337 942 1369 et
967 1330 1109 1368 δοῦλοι
1136 1331 1387 1370 introductae
1406 1338 1501 1370 sunt
1531 1345 1554 1371 a
1577 1332 1765 1372 Iustinia-

319 1398 373 1422 no
404 1392 443 1423 et
471 1384 702 1423 Theodora.
760 1385 856 1423 Vid.
888 1385 1059 1438 Procop.
1084 1385 1284 1425 Anecdot.
1322 1400 1364 1439 p.
1397 1385 1486 1437 134.
1525 1401 1586 1441 ¹9·
1645 1387 1766 1426 Titu-

319 1438 382 1478 lus
396 1469 406 1486 ‚
453 1440 522 1492 qui
554 1440 787 1493 dignitatem
825 1440 992 1479 Caesare
1021 1440 1248 1480 inferiorem
1279 1440 1500 1495 specialiter
1527 1448 1642 1481 notat
1657 1472 1668 1490 ,
1699 1456 1766 1482 re-

321 1494 475 1533 centior
500 1502 557 1533 est
570 1523 580 1541 ,
612 1509 693 1533 non
713 1503 848 1533 tamen
869 1503 953 1533 tam
978 1510 1115 1535 recens
1144 1504 1265 1548 atque
1286 1503 1402 1549 putat
1426 1497 1494 1535 Du
1515 1497 1688 1550 Cangius
1709 1511 1766 1537 as-

319 1563 454 1588 serens
479 1550 530 1587 ad
550 1550 790 1588 Cinnamum
813 1565 855 1603 p.
877 1550 970 1601 468.
995 1551 1045 1602 f.‚
1070 1551 1302 1604 dignitatem
1317 1553 1516 1604 Despotae
1535 1552 1768 1592 aMichaele

318 1604 534 1659 Calephate
557 1605 718 1644 demum
740 1606 860 1644 fuisse
878 1606 1114 1644 institutam.
1174 1607 1271 1645 Nam
1294 1607 1403 1660 apud
1421 1607 1608 1655 Nostrum
1635 1608 1684 1646 L.
1709 1607 1762 1646 11.

321 1674 356 1698 c.
383 1674 448 1714 27.
488 1675 527 1713 p.
557 1660 651 1700 362.
683 1661 736 1699 D.
798 1660 971 1700 Heraclii
1010 1661 1146 1715 Magni
1168 1661 1239 1700 filii
1274 1662 1381 1712 duo,
1411 1662 1695 1702 Constantinus
1725 1669 1766 1702 et

319 1716 474 1763 David,
521 1723 795 1755 memorantur
822 1717 1047 1770 Despotae3
1077 1724 1116 1755 et
1147 1717 1203 1755 illi
1225 1717 1388 1770 quidem
1416 1717 1590 1770 Augusti
1616 1717 1765 1756 tribui-

317 1779 386 1810 tur
398 1771 561 1810 titulus:
595 1772 842 1811 Constantine
862 1771 1044 1825 Auguste,
1073 1781 1114 1810 tu
1129 1774 1293 1820 vincas3
1315 1772 1380 1810 hic
1394 1779 1528 1810 autem
1543 1786 1567 1811 a
1581 1779 1696 1825 patre
1709 1772 1766 1811 di·

318 1828 455 1865 citure
469 1827 659 1879 dignitate
671 1828 872 1881 Despotae
884 1828 934 1865 ad
944 1827 1177 1880 dignitatem
1192 1827 1371 1865 Caesaris
1392 1826 1513 1866 fuisse
1537 1834 1764 1880 promotus.

429 1883 470 1922 5.
493 1882 545 1920 A.
575 1897 638 1921 11.
671 1881 733 1936 [7‚
763 1881 848 1936 16.]
892 1879 1127 1932 βάλλουσιν.
1175 1881 1364 1920 Induunt.
1394 1881 1577 1920 Verbum
1592 1880 1764 1932 βάλλειν

319 1952 394 1991 pro
411 1937 574 1976 indzoere
597 1940 712 1977 novis
725 1937 887 1976 Graecis
909 1944 967 1976 est
988 1936 1206 1975 admodum
1227 1936 1437 1975 familiare.
1482 1934 1664 1976 Βάλλειν
1683 1932 1770 1978 ‘nri'

320 1990 464 2044 ‹myt'ov
502 2000 562 2032 est
603 1993 710 2046 apud
747 1991 987 2045 Theophan.
1016 2006 1059 2045 p.
1087 1990 1180 2030 238.
1203 1992 1250 2030 B.
1281 2005 1362 2041 10.‚
1403 1993 1501 2030 item
1541 1989 1768 2042 ἐμβάλλειν

321 2048 427 2100 apud
457 2048 627 2087 eundem
655 2063 697 2101 p.
728 2047 824 2099 246.
858 2047 903 2085 C.
934 2062 973 2100 7.
1019 2042 1094 2098 τήν
1133 2042 1266 2097 κόμην
1294 2041 1486 2097 ἑλόμενος
1496 2077 1509 2096 ,
1547 2041 1767 2099 &pomis-214·

322 2101 443 2149 (ἰξίαν
486 2102 716 2154 ἐνέβαλλεν,
758 2117 896 2158 passus
926 2116 1077 2141 comam
1110 2102 1187 2139 sihi
1213 2101 1336 2150 demi,
1375 2102 1560 2140 induebat
1591 2101 1766 2140 habitum

321 2159 554 2197 clericalem.
614 2158 820 2211 Frequens
857 2158 1019 2196 Graecis
1055 2156 1176 2195 dictio
1213 2151 1383 2207 βάλλειν
1418 2153 1663 2207 μετάνοιαν,
1701 2156 1766 2194 ἰη-

321 2213 439 2251 duere
459 2215 761 2267 poenitentiam,
795 2213 846 2251 de
882 2227 960 2266 qua
991 2212 1122 2250 dicam
1152 2211 1203 2250 ad
1234 2225 1275 2264 p.
1303 2213 1396 2250 500.
1437 2211 1490 2250 A.
1513 2211 1556 2260 4.
1593 2209 1761 2250 Salmas.

323 2268 373 2305 ad
411 2269 517 2307 Hist.
548 2269 654 2322 Aug.
687 2269 740 2307 T.
776 2268 832 2306 ΙΙ.
862 2282 904 2321 p.
939 2266 1034 2321 437.
1078 2273 1283 2320 comparat
1315 2280 1408 2306 cum
1438 2267 1584 2306 Latino
1615 2267 1766 2305 mittere

322 2332 462 2361 vestem
478 2354 489 2374 ‚
523 2331 562 2362 et
586 2325 781 2363 Francieo
809 2332 942 2362 mettre
967 2336 1037 2360 son
1063 2322 1182 2361 habit.
1453 2343 1456 2346 ·
1627 2346 1638 2358 .
1739 2338 1742 2340 ’

434 2378 486 2416 Α.
511 2379 585 2417 ult.
623 2379 686 2434 [7‚
715 2377 801 2433 17.]
840 2375 1256 2430 χρυσοπερύελειστα.
1313 2378 1429 2428 Quae
1463 2389 1628 2416 auream
1655 2375 1764 2429 peri·-

322 2431 436 2471 clisin
462 2447 531 2471 seu
559 2448 673 2473 oram
694 2440 939 2487 praetextam
958 2432 1135 2481 habent3
1164 2446 1205 2471 v.
1233 2433 1301 2471 Du
1326 2433 1461 2486 Cange
1481 2431 1547 2470 Gl.
1574 2438 1761 2484 utroque.

324 2486 430 2525 Hinc
461 2490 733 2528 emendandae
762 2488 937 2542 glossae,
971 2489 1014 2525 iu
1041 2487 1188 2540 quibus
1218 2487 1432 2540 Attogalio.
1458 2486 1676 2542 paradisis.
1711 2485 1762 2524 L.

318 2543 537 2596 pem'clz'sz's,
570 2543 832 2595 περίκλασις.
888 2543 992 2582 Nam
1027 2543 1218 2594 attogatio
1245 2550 1304 2581 est
1328 2543 1392 2592 id,
1423 2541 1533 2594 quod
1552 2550 1669 2607 togae
1693 2547 1768 2593 ap-

323 2599 501 2649 ponitur.
564 2599 745 2650 Cogitavi
765 2613 924 2652 quoque
953 2599 1153 2650 arrogatio
1165 2626 1177 2646 ,
1209 2598 1437 2650 paraclz'siS.
1493 2597 1766 2647 παρακλησις.

325 2652 461 2690 Medio
498 2665 597 2691 aevo
638 2667 779 2692 vocem
828 2654 1036 2708 per-iegysis
1082 2653 1163 2703 (sic
1198 2653 1318 2691 scribi
1355 2650 1478 2702 solet)
1521 2649 1767 2688 adhibebant

325 2709 446 2745 etiam
473 2708 635 2759 Latini,
663 2721 704 2745 v.
730 2710 795 2747 Du
821 2710 955 2762 Gange
972 2707 1102 2746 Gloss.
1134 2708 1223 2745 Lat.
1252 2715 1291 2746 et
1310 2707 1495 2745 dicebant
1522 2717 1682 2758 quoque
1714 2704 1767 2743 de

324 2764 451 2801 aureis
479 2763 592 2802 listis.
650 2763 765 2815 Quae
786 2778 863 2803 vox
885 2771 945 2803 est
969 2763 1207 2818 germanica.
1266 2762 1392 2801 Leisce
1421 2767 1534 2800 notat
1560 2773 1672 2800 oram
1687 2760 1763 2799 rei.
1810 2801 1814 2804 ,
