1884 3132
279 96 396 170 694
454 100 461 103 ’
594 113 666 155 10.
706 112 812 156 1Ac.
850 114 1048 155 nmsxu
1089 113 1467 159 COMMENTARu

282 217 392 257 aulas
441 230 580 267 regum
610 216 769 256 Persiae
808 216 908 264 fuit,
956 217 1006 256 de
1035 231 1208 271 quorum
1238 218 1345 258 inter
1373 219 1557 260 convivia
1584 221 1736 260 musica

280 271 442 312 videndi
477 270 583 312 della
623 270 767 322 Valle,
815 271 1002 311 Olearius
1039 280 1078 313 et
1106 272 1173 311 alii
1218 274 1552 327 peregrinatores.
1610 274 1733 314 Cane-

280 327 381 366 bant
407 332 542 365 autem
586 329 729 366 musici
777 327 1072 379 Imperatoium
1101 328 1360 368 CPtanorum
1395 328 1533 368 laudes
1562 343 1701 368 eorum
1722 359 1735 381 ,

282 389 329 421 ut
364 389 497 421 noster
525 381 701 434 appellat
728 382 943 432 βασιλίκια
966 412 978 432 ,
1023 398 1098 436 pro
1129 398 1240 423 more
1280 386 1448 423 istorum
1476 391 1703 436 temporum
1721 413 1733 433 ,

283 437 431 490 quibus
468 438 667 490 principes
709 438 922 490 Europae,
969 438 1019 477 ad
1061 438 1284 491 exemplum
1324 439 1439 479 aulae
1467 439 1737 492 Byzanfinae,

283 494 440 532 nutrire
478 492 661 532 solebant
708 493 926 531 immanem
983 494 1140 546 copiam
1185 496 1401 533 mimorum
1422 526 1435 544 ,
1481 509 1739 545 scurrarum,

285 549 559 598 musicorum,
599 562 701 601 quos
729 561 866 586 omnes
887 549 1115 588 minis-cellos
1135 549 1389 602 appellabant
1417 549 1536 600 (unde
1565 551 1648 588 nati
1685 550 1741 588 les

283 612 530 642 menes-treta
549 610 587 641 et
621 605 847 642 mena-strim-
846 604 875 654 ς)
904 603 1015 643 velut
1032 606 1224 657 sequioris
1244 605 1396 644 oidinis
1417 606 1744 655 minist1os‚co-

285 660 491 697 mitativae
513 658 655 705 faeces,
689 673 859 711 quorum
892 673 1040 698 munus
1069 667 1156 698 eiat
1185 661 1475 713 principesnon
1506 658 1741 713 spectaculis

283 722 444 753 tantum
473 713 639 752 ludicris
668 713 869 752 oblectare
890 744 901 761 ‚
932 714 1001 753 sed
1032 721 1070 753 et
1096 729 1237 753 e01um
1266 730 1380 754 aures
1411 716 1538 754 variis
1569 729 1740 754 avorum

285 770 467 823 adeoque
501 770 679 821 ipsmum
728 770 957 821 piincipum
1005 769 1193 808 laudibus
1238 785 1318 809 non
1357 771 1442 809 sine
1470 770 1738 810 assentatione

286 840 380 864 cum
427 824 635 863 cantilenis
675 831 714 863 et
757 825 916 863 musicis
963 826 1238 863 instrumentis
1273 824 1516 864 demulcere.
1592 825 1743 863 Verbis

289 888 383 919 utor
413 880 480 918 Du
509 879 663 932 Cangii,
692 881 805 918 cuius
838 878 950 918 locus
988 879 1118 918 Gloss.
1146 880 1237 918 Lat.
1264 895 1306 919 v.
1337 880 1549 919 AIiniscelli
1571 880 1742 919 conferri

288 942 490 982 meretur,
540 936 636 973 item
665 941 783 972 notae
810 936 894 973 eius
922 934 973 972 ad
1013 933 1186 974 Ioinvill.
1227 951 1265 988 p.
1296 935 1382 979 161.
1428 935 1743 988 Hagiosophitae

289 999 425 1030 autem
474 989 629 1028 adhoc
669 991 871 1041 impurum
912 1004 1035 1041 genus
1076 989 1285 1028 hominum
1320 1004 1401 1029 non
1440 991 1640 1043 pertinent
1661 1019 1673 1040 ‚
1701 997 1742 1029 et

287 1048 441 1084 musica
469 1059 609 1083 eorum
637 1058 718 1082 non
762 1051 847 1082 erat
889 1043 1073 1096 petulans
1091 1074 1102 1092 ‚
1132 1059 1212 1083 non
1241 1045 1510 1098 voluptuosa,
1539 1044 1609 1083 sed
1638 1051 1742 1083 tem-

290 1108 430 1153 perata
459 1107 498 1138 et
526 1113 652 1152 paene
681 1113 791 1137 sacia
815 1129 825 1145 ‚
869 1106 914 1137 ut
941 1099 1056 1138 decet
1085 1099 1267 1138 homines
1295 1099 1590 1139 ecclesiasticos.
1645 1101 1742 1138 Mu-

287 1158 410 1194 sieam
438 1154 696 1208 thymelicam
725 1156 1085 1207 intemperantem,
1114 1153 1348 1209 flagitiosam
1367 1154 1629 1195 aversabatur
1647 1154 1742 1194 aula

291 1211 468 1249 CPtana.

405 1266 451 1304 C.
472 1264 512 1316 4.
538 1262 656 1316 [585,
681 1263 762 1318 17.]
793 1263 839 1303 ἐν
867 1266 1043 1316 χρυσοῖς
1072 1263 1282 1311 διαλίθοις
1307 1265 1596 1312 σκουτελλιόις.
1651 1263 1746 1305 Mos

291 1320 387 1359 olim
414 1327 499 1359 erat
519 1351 529 1368 ‚
557 1322 589 1359 si
617 1319 714 1372 quid
752 1333 1014 1358 nummorum
1041 1319 1161 1359 alicui
1202 1319 1352 1359 donare
1379 1320 1552 1372 vellent,
1583 1321 1626 1359 in
1654 1333 1745 1374 scy-

291 1376 373 1428 pho
409 1377 447 1414 id
478 1382 548 1414 aut
576 1377 617 1413 in
654 1374 810 1413 scutula
851 1375 1097 1428 pouigendi.
1167 1375 1362 1414 Vetustus
1405 1375 1472 1415 ille
1500 1389 1588 1414 mos
1615 1381 1676 1414 est
1703 1381 1743 1414 et

292 1431 527 1470 Herodoto
520 1445 597 1468 iam
615 1437 949 1469 commemoratus
977 1429 1147 1483 eleganti
1164 1429 1233 1469 illo
1262 1429 1350 1470 loco
1380 1431 1610 1470 111.130.:
1641 1425 1746 1468 ὕπο-

291 1483 506 1526 τύπτουσα
526 1480 679 1550 ἑκάστη
694 1481 826 1549 φιάλῃ
845 1485 922 1524 τοῦ
949 1486 1116 1536 χρυσοῦ
1137 1499 1215 1525 συν
1235 1482 1343 1551 θέκῃ
1357 1484 1556 1548 ἐδωρέετο
1575 1482 1646 1524 τὸν
1658 1484 1748 1537 Δη-

291 1536 500 1604 μοκῆδεα,
531 1535 644 1578 ου’τω
666 1513 725 1593 ‘dri
756 1553 796 1579 τι
821 1539 997 1591 δαψιλέῖ
1022 1539 1157 1594 δωρεῇ
1179 1570 1191 1590 ,
1221 1554 1279 1586 ως
1307 1553 1407 1588 τους
1436 1540 1746 1586 ἀποπίπτοντας

294 1592 376 1634 ἀπὸ
411 1595 492 1634 τῶν
523 1591 650 1648 φια7’
630 1608 709 1633 εων
737 1595 945 1646 στατῆρας
959 1602 1037 1634 etc.
1070 1582 1387 1648 Olympiodorus
1415 1595 1525 1648 apud
1551 1595 1746 1634 Photium

293 1665 335 1704 p.
367 1650 480 1701 108„
509 1650 735 1689 describens
778 1650 939 1703 nuptias
968 1650 1150 1689 Athaulfi
1191 1665 1283 1690 cum
1313 1649 1520 1700 Placidia,
1582 1663 1752 1703 sponsae

296 1707 353 1745 ait
389 1721 412 1745 a
457 1719 601 1759 sponso
644 1705 812 1744 donatos
850 1705 968 1744 fuisse
996 1707 1287 1769 quinquaginta
1327 1706 1489 1744 iuvenes
1501 1705 1707 1768 sbi-mesos
1727 1734 1742 1753 ‚

298 1760 499 1811 ειῗέιὸεῑς,
547 1759 849 1824 ἐνδεδυμένους
890 1756 1067 1812 σηρικὴν
1108 1761 1299 1827 ἐσθῆτα,
1320 1759 1542 1829 Τ(φέροντος
1570 1754 1750 1799 ἑκάστου

295 1820 390 1859 ταῖς
416 1829 564 1880 χερσιν
606 1811 685 1854 οἷνοὶ
726 1811 802 1853 δύο
827 1813 1038 1866 μεγίστων
1071 1812 1224 1854 δίσκων
1247 1844 1259 1864 ,
1305 1808 1365 1854 ων
1409 1827 1429 1852 ο
1456 1814 1536 1865 μὲν
1558 1813 1742 1866 χρυσίου

295 1868 472 1924 πλήρης,
505 1866 525 1909 ὁ
556 1869 602 1909 δὲ
630 1869 778 1919 τιμίων
807 1869 954 1918 λίθων,
989 1869 1207 1921 μᾶλλονδὲ
1228 1864 1474 1923 οἶτιμήτων,
1502 1883 1624 1908 serica
1643 1878 1751 1908 veste

297 1926 463 1974 indutos,
473 1927 651 1976 fer-entes
671 1926 839 1978 singulos
862 1925 955 1964 bma
976 1926 1140 1975 scutula,
1160 1939 1322 1980 quorum
1339 1939 1458 1963 unum
1471 1925 1634 1979 plenum
1665 1933 1754 1964 erac

296 1995 411 2030 auro,
445 1981 614 2019 alterum
640 1981 836 2036 lapidibus
852 1980 1170 2030 aestimabilibus,
1202 1983 1322 2019 immo
1345 1994 1439 2018 vero
1450 1979 1747 2018 maestimabili-

298 2036 365 2074 bus
396 2039 477 2086 (seu
506 2050 554 2089 pl
557 2043 679 2074 etium
710 2049 828 2075 omne
857 2035 1163 2086 excedentibus).
1192 2034 1456 2088 Symmachus
1484 2034 1562 2087 Ep.
1582 2035 1634 2072 X.
1659 2032 1750 2072 28.:

300 2093 437 2129 merito
461 2093 572 2130 vobzs
606 2091 778 2129 solennes
798 2100 959 2146 pateras
987 2104 1077 2129 cum
1107 2091 1236 2145 quinis
1273 2090 1436 2139 solz'ssclzs
1462 2098 1505 2128 ue
1530 2089 1753 2128 maminthus

298 2147 544 2198 imntegrtcatzs,
567 2145 948 2202 ofJZ’r1mi1s‚quibus
967 2161 1037 2185 nec
1060 2154 1187 2184 vester
1208 2145 1354 2200 pudor,
1382 2159 1451 2183 nec
1473 2153 1603 2183 noster·
1621 2157 1754 2182 census·

298 2211 499 2239 oneratur.
559 2202 622 2239 De
653 2208 794 2240 strenis
826 2202 1022 2294 lolquitur.
1083 2199 1329 2239 Gualfaneus
1359 2200 1409 2238 de
1427 2198 1611 2238 Flamma
1641 2197 1750 2251 apud

299 2256 500 2294 Murator.
531 2256 629 2295 Ant.
654 2255 743 2296 Ital.
771 2257 909 2295 T.11.
939 2271 980 2308 p.
1004 2255 1098 2295 862.
1147 2256 1373 2295 describens
1415 2255 1576 2293 festivos
1617 2254 1747 2300 ritus,

301 2312 447 2362 quibus
475 2310 572 2350 olim
603 2311 822 2350 Mediolani
864 2312 1007 2350 festum
1035 2311 1284 2364 Epiphanias
1311 2309 1616 2359 celebrabatur,
1646 2309 1751 2346 inter

303 2364 380 2404 alia
419 2368 474 2404 ait
518 2375 669 2405 sanctos
707 2375 782 2405 tres
823 2381 928 2420 reges
973 2376 1176 2405 coronatos
1214 2367 1343 2405 aureis
1369 2366 1552 2411 coronis,
1585 2371 1750 2401 tenentes

302 2435 343 2458 ιιι
371 2422 548 2459 manibus
569 2422 730 2475 scyphos
755 2436 892 2460 aur-eos
925 2435 1008 2459 cum
1035 2435 1148 2469 auro,
1177 2422 1289 2460 thure
1332 2428 1371 2459 et
1401 2420 1563 2470 myrrha
1597 2431 1752 2472 proces-

305 2476 410 2513 sisse.
470 2477 636 2515 Merena
662 2491 703 2514 iu
750 2476 917 2516 historia
945 2477 1145 2515 Laudensi
1172 2491 1212 2529 p.
1233 2476 1329 2530 967.
1354 2475 1405 2513 Τ.
1428 2474 1503 2512 VI.
1533 2472 1619 2510 Ser.
1652 2471 1749 2510 Rer.

307 2529 423 2568 ltal.:
456 2531 768 2569 Medmlanenses
801 2547 920 2570 imam
952 2546 1121 2586 cuppam
1144 2545 1306 2570 auream
1331 2539 1371 2568 et
1391 2543 1446 2567 ex
1465 2527 1639 2567 denariis
1659 2527 1750 2580 ple-

306 2597 402 2620 nam
427 2586 506 2637 ipsi
526 2587 611 2638 regi
640 2596 913 2639 portaverunt,
963 2596 1150 2640 quatenus
1185 2587 1355 2639 gratiam
1397 2596 1509 2621 suam
1540 2590 1578 2619 et
1605 2581 1752 2620 bonam

306 2638 543 2678 zoluntatem
572 2651 861 2694 recuperarent.
937 2641 1190 2680 F1Nancoium
1225 2653 1337 2692 leges
1379 2636 1505 2686 olim,
1546 2642 1645 2674 teste
1681 2637 1751 2676 Du

308 2694 459 2745 Cangio
493 2694 543 2733 ad
565 2694 738 2735 loinvill.
766 2710 804 2749 p.
826 2694 912 2745 88„
944 2696 1105 2750 quando
1123 2694 1351 2748 largitiones
1377 2666 1524 2732 velleilt
1553 2691 1659 2731 festis
1674 2690 1754 2732 dle-
