1826 3126
794 27 828 68 α

251 129 328 195 4ο
523 147 596 188 ιο.
639 145 745 188 lAC.
790 145 985 187 Rsslsxn
1034 143 1413 189 COMMENTARH

251 248 418 301 Papiam
449 247 724 297 sacerdotem3
767 245 965 300 probabili
1001 247 1162 301 quidem
1196 249 1390 289 sententia
1404 277 1417 300 ‚
1457 256 1706 304 argumento,-

240 311 386 343 vautem
410 303 484 343 isto
507 303 726 341 admodum
743 302 891 352 debili,
921 310 992 342 aut
1007 304 1138 356 potius
1157 303 1287 343 nullo.
1344 305 1446 344 Nam
1462 305 1609 359 Papiae
1625 319 1696 345 no·

248 373 343 398 men
370 373 452 398 non
483 372 507 396 a
533 358 642 411 Papa
655 387 667 408 ‚
700 358 903 397 sacerdote
917 388 929 409 ,
966 358 1139 398 derivari
1164 359 1283 398 debet
1297 389 1309 410 ,
1340 360 1584 414 originemve
1610 367 1696 400 tra-

251 425 308 463 xit
322 454 334 475 ,
371 422 439 462 sed
470 422 522 461 ab
550 423 726 463 Arabica
752 438 851 464 voce
877 414 946 470 hele
974 425 1068 480 Pap
1081 454 1093 475 ‚
1129 435 1274 479 porca,
1308 433 1348 466 et
1376 426 1469 466 inde
1498 426 1696 481 producto

251 489 414 544 gentili,
441 478 529 544 &lt
557 491 687 546 Papi,
731 492 892 531 ianitor.
948 491 1050 531 Erat
1064 492 1171 531 enim
1187 492 1330 546 Papias
1360 493 1506 532 ianitor
1529 492 1694 547 palatii,

250 563 291 595 et
307 548 475 596 carceris
500 555 682 610 palatini.
740 557 889 611 Negare
913 565 1047 597 tamen
1075 557 1200 597 nolim
1228 573 1321 598 eum
1337 559 1456 599 fuisse
1475 558 1525 599 de
1543 558 1696 599 clericis

249 610 462 665 palatinis;
496 613 595 666 quin
623 612 726 652 forte
754 621 873 666 caput
891 628 1030 653 eorum
1046 613 1182 653 fuerit.
1240 614 1362 664 Quod
1379 615 1412 654 si
1429 629 1546 668 neges
1561 643 1573 666 ,
1610 628 1693 654 non

250 666 368 707 video
395 681 475 721 qua
503 668 658 707 ratione
674 669 848 721 potuerit
874 669 1016 723 Papias
1031 698 1043 720 ,
1080 669 1190 723 quod
1214 684 1238 708 a
1255 669 1397 710 Nostro
1415 671 1465 710 L.
1487 670 1543 709 11.
1563 684 1601 710 c.
1627 683 1692 710 ιι.

249 736 292 776 p.
311 723 404 777 317.
423 723 478 766 C.¹
497 737 532 762 1.
553 723 699 763 dicitur
715 753 727 773 ,
763 725 807 764 S.
839 739 998 764 crucem
1025 739 1071 764 ex
1097 725 1194 764 aede
1227 724 1403 778 palatina
1437 724 1694 779 depromere,

249 778 553 832 circumgestare
569 808 581 830 ,
609 779 819 819 adoratum
837 794 1055 834 exponere,
1082 795 1219 820 rursus
1236 794 1454 835 reponere,
1491 779 1697 820 secludere

250 839 291 872 et
307 847 484 874 reserare
498 864 510 885 ,
547 847 668 888 quam
693 842 863 875 tractare
891 835 994 875 laico
1010 850 1094 875 non
1121 834 1281 875 licebat.
1339 836 1478 876 Posset
1493 849 1516 875 e
1533 850 1576 890 p.
1602 833 1695 888 143.

250 889 300 927 Β.
322 888 362 928 5.
393 896 433 928 et
457 888 547 939 148.
578 890 625 928 C.
644 889 686 929 8.
717 890 902 930 concludi
938 891 1104 945 Papiam
1134 891 1380 931 sacerdotem
1412 891 1558 942 fuisse,
1592 891 1699 945 vquia

251 943 309 982 ibi
327 944 474 984 dicitur
491 946 531 984 in
549 944 716 984 solemni
743 961 955 1000 procerum
984 953 1186 986 conventu
1202 976 1213 998 ‚
1250 947 1423 986 instante
1449 945 1618 986 alicuius
1645 945 1700 986 ad

250 1000 505 1052 patriciatum
534 1002 781 1054 promotione
796 1032 807 1053 ,
843 1001 1099 1041 thuribulum
1115 1017 1186 1056 per
1215 1002 1495 1042 consistorium
1528 1001 1700 1041 circum-

253 1054 359 1094 ferre
376 1063 416 1094 et
442 1056 672 1107 incensare3
710 1058 785 1096 nisi
815 1073 861 1097 ex
890 1058 1028 1097 addito
1058 1058 1130 1112 ipsi
1158 1065 1457 1109 mensuratore,
1491 1057 1561 1111 qui
1589 1063 1710 1105 certo¹

71 1115 135 1150 Ed.
147 1116 185 1150 L.
202 1112 400 1151 13certius
417 1109 583 1151 clericus
608 1126 690 1151 non
710 1112 812 1163 fuit,
852 1120 1051 1153 constaret
1066 1143 1077 1164 ,
1113 1127 1194 1152 non
1227 1112 1478 1168 religiosam,
1512 1111 1581 1152 sed
1606 1126 1701 1166 pro-

253 1165 416 1218 fanam,
468 1168 811 1221 pompaticamque
846 1168 1208 1223 suffumigationem
1246 1168 1301 1209 ibi
1337 1168 1555 1223 designari.
1612 1166 1702 1207 Non

253 1221 396 1261 dubito
413 1237 573 1276 quoque
592 1230 780 1262 castratos
798 1223 902 1264 solos
919 1224 1038 1263 fuisse
1057 1223 1152 1263 huic
1170 1225 1327 1263 muneri
1346 1224 1527 1263 admotos
1544 1252 1556 1274 ,
1593 1229 1701 1262 certe

253 1276 506 1317 Constantini
523 1278 648 1317 nostri
665 1286 857 1332 tempore.
915 1281 1091 1319 Mutatos
1108 1280 1216 1319 enim
1245 1294 1375 1318 mores
1401 1294 1493 1319 cum
1510 1278 1702 1331 tempori-

253 1330 331 1371 bus
354 1333 473 1373 fuisse
505 1348 661 1374 necesse
695 1342 753 1374 est
774 1364 786 1386 ,
823 1336 854 1375 si
888 1349 1031 1375 verum
1064 1336 1116 1375 sit
1149 1335 1259 1389 quod
1294 1334 1507 1388 perhibent
1526 1364 1538 1385 ,
1584 1332 1701 1372 illum

256 1388 450 1429 Ioannem
478 1389 771 1430 Catacuzenum
787 1420 799 1442 ,
835 1391 904 1445 qui
933 1391 1117 1444 deinceps
1147 1392 1250 1444 Imp.
1280 1390 1466 1430 CPtanus
1494 1389 1572 1428 fuit
1586 1418 1598 1440 ,
1633 1402 1702 1442 ge-

253 1449 412 1497 stasque
438 1459 462 1484 a
487 1459 528 1485 se
554 1459 706 1500 suoque
730 1454 909 1500 tempore
935 1460 998 1486 res
1026 1445 1150 1486 literis
1175 1447 1352 1487 exaravit
1365 1474 1378 1498 ,
1424 1445 1539 1485 initio
1563 1458 1701 1484 rerum

254 1512 419 1538 suarum
433 1500 553 1540 fuisse
570 1501 737 1554 Papiam
763 1509 803 1541 et
826 1501 1071 1556 praefectum
1101 1500 1276 1541 cubiculi
1297 1531 1310 1552 ,
1341 1514 1445 1556 quae
1467 1499 1588 1540 ambo
1607 1512 1699 1538 mu-

255 1567 352 1594 nera
382 1553 478 1594 olim
505 1558 665 1610 propria
693 1557 936 1611 spadonibus
964 1558 1099 1608 fuere,
1134 1557 1212 1596 fuit
1238 1564 1344 1596 certe
1373 1570 1502 1595 unum
1534 1569 1702 1606 eorum;

255 1608 386 1662 neque
403 1626 581 1666 unquam
600 1613 813 1652 coniuncta
835 1614 875 1652 in
894 1628 977 1653 uno
994 1613 1158 1653 homine
1174 1611 1315 1653 eodem
1329 1619 1508 1665 tempore
1523 1610 1704 1650 fuerunt.

255 1665 470 1706 Tribuitur
499 1675 635 1707 nostro
663 1667 751 1708 loco
783 1669 931 1723 Papiae
948 1669 1090 1709 titulus
1127 1669 1307 1723 geminus
1323 1699 1335 1720 ,
1371 1667 1535 1720 magims
1564 1673 1604 1706 et
1629 1666 1703 1705 do-

256 1722 444 1761 mesticm.
502 1725 673 1777 Magnus
698 1724 860 1778 quidem
889 1724 1112 1778 appellatur
1128 1726 1212 1764 sive
1229 1730 1408 1778 respectu
1436 1721 1487 1761 ad
1504 1721 1702 1760 vicarium

258 1783 328 1814 aut
362 1779 678 1818 secundicerium
712 1781 821 1831 eius,
876 1780 1092 1819 Denter-um
1132 1780 1312 1828 dictum,
1364 1778 1448 1817 sive
1482 1790 1529 1816 ex
1563 1776 1703 1815 innata

258 1832 419 1871 Graecis
437 1836 613 1874 vanitate
630 1834 694 1875 vel
712 1837 885 1875 minimis
911 1835 1135 1890 quibusque
1162 1832 1422 1889 dignitatibus
1449 1828 1704 1884 πενιχραλά-

259 1885 330 1935 ζον
358 1902 476 1928 suum
501 1890 633 1942 μέγας
661 1898 701 1931 et
734 1892 900 1944 πρῶτος
931 1889 1225 1945 praeponendi,
1265 1903 1387 1943 quam
1414 1889 1590 1927 riserunt
1617 1899 1703 1925 me-

258 1942 337 1981 rito
367 1945 475 1983 Goar
503 1952 542 1984 et
577 1947 739 1986 Gretser
767 1946 818 1986 ad
853 1946 1052 1986 Codinum
1084 1945 1244 1998 aliique.
1301 1943 1552 1984 Constantini
1580 1941 1705 1981 nostri

259 2005 388 2038 aetat‘e
404 2007 538 2039 tamen
558 2000 624 2040 ille
652 2002 776 2042 fastus
806 2002 987 2042 nondum
1013 2009 1096 2041 tam
1123 2002 1460 2054 intemperanter,
1495 2004 1616 2051 atque
1631 2010 1706 2051 po-

259 2058 342 2091 stea
358 2083 369 2103 ,
404 2055 669 2108 grassabatur.
721 2053 937 2104 Οἰκειακὸς
965 2064 1098 2096 autem
1117 2055 1339 2110 appellatur
1354 2085 1366 2106 ,
1403 2053 1512 2108 quod
1530 2066 1614 2092 non
1628 2066 1704 2106 pu-

259 2106 388 2148 blicae
408 2112 585 2150 minister
601 2114 683 2164 rei,
717 2113 787 2152 sed
804 2114 982 2166 privatae
1001 2113 1256 2166 Imperatoris
1282 2109 1456 2150 familiae
1483 2108 1705 2161 adscriptus

261 2171 360 2203 esset
378 2165 561 2220 intraque
589 2167 780 2221 palatium
797 2183 879 2207 una
898 2183 990 2206 cum
1008 2168 1170 2206 caeteris
1198 2166 1350 2206 clericis
1374 2164 1560 2219 palatinis
1586 2162 1705 2202 habi-

261 2224 380 2258 taret.
439 2221 590 2261 Omnes
607 2224 713 2263 enim
729 2225 833 2263 intra
851 2222 1045 2278 palatium
1060 2222 1286 2262 habitantes
1302 2251 1315 2272 ,
1348 2228 1388 2260 et
1415 2226 1566 2260 secreto
1583 2217 1705 2268 alicui

261 2287 331 2312 seu
364 2289 542 2316 camerae
559 2293 641 2317 non
660 2280 871 2332 adscripti,
907 2278 976 2318 sed
1004 2285 1074 2317 aut
1106 2278 1281 2331 corporis
1305 2277 1434 2327 sacri,
1471 2281 1542 2314 aut
1567 2271 1706 2328 palatii

263 2330 464 2369 custodiae
491 2335 864 2388 necessitatibusque
892 2334 1077 2373 curandis
1093 2334 1271 2386 deputati
1291 2361 1303 2382 ,
1338 2331 1398 2371 illi
1426 2343 1564 2370 omnes
1590 2334 1707 2367 erant

265 2380 464 2423 οἷκειακοί
480 2388 681 2428 domestici
697 2421 708 2442 ,
744 2389 808 2430 vel
823 2390 1075 2442 familiares.
1132 2388 1273 2428 Clerici
1294 2386 1459 2441 palatini
1479 2383 1576 2424 olim
1592 2390 1704 2423 extra

264 2437 455 2490 palatium
485 2441 721 2485 habitabant
736 2477 747 2495 .‚
782 2445 925 2485 deinde
951 2451 1039 2497 post
1065 2451 1244 2497 tempora
1273 2433 1418 2482 Leonis
1445 2439 1613 2479 Armeni
1641 2452 1706 2478 re-

265 2494 368 2546 cepti
386 2503 480 2533 sunt
503 2497 606 2537 intra
634 2501 841 2553 palatium.
899 2499 1019 2551 Quod
1044 2500 1233 2538 etiam'in
1263 2498 1383 2536 Curia
1406 2495 1601 2536 Francica
1627 2493 1706 2532 fuit

265 2547 519 2588 observatum
537 2583 547 2602 ‚
580 2562 628 2593 ut
653 2565 806 2597 constat
831 2571 876 2595 ex
899 2557 967 2594 Du
994 2554 1127 2608 Gange
1154 2569 1192 2594 v.
1225 2551 1544 2603 Eleemosynarii
1570 2563 1704 2602 regum

265 2603 462 2643 Francz'ae
479 2635 490 2656 ,
527 2607 596 2646 ubi
615 2612 709 2650 citat
735 2620 885 2651 veteres
907 2611 1063 2650 chartas
1078 2639 1089 2660 ,
1126 2611 1167 2648 in
1186 2608 1332 2662 quibus
1357 2619 1538 2661 proceres
1559 2604 1702 2642 iuben-

265 2664 333 2695 tur
369 2667 477 2699 extra
511 2663 701 2716 palatium
733 2668 941 2716 habitare,
976 2666 1143 2717 exceptis
1177 2663 1340 2703 custode
1371 2660 1519 2715 sigilli,
1554 2659 1711 2707 maiore

266 2711 430 2770 domus,
466 2732 621 2758 camara
647 2722 925 2772 denariorum,
957 2735 1022 2761 seu
1055 2718 1183 2760 officio
1215 2717 1416 2768 thesauri,
1453 2713 1674 2769 Capellanis
1690 2743 1703 2762 ‚
