1884 3132
292 130 403 205 490
564 148 636 190 10.
679 148 784 191 1AC.
831 151 1027 191 musxu
1076 148 1454 195 COMMENTARn

291 242 452 291 Ernesti
483 252 524 290 in
557 251 670 290 Actis
696 251 858 294 Erudit.
889 266 944 290 m.
964 250 1147 305 Augusto
1177 252 1285 292 Anni
1320 254 1438 308 1751.
1465 264 1504 308 p.
1534 255 1629 311 449.
1672 259 1730 298 Ita

294 307 611 359 φιλοτιμεῖσθαι
627 303 702 358 τήν
729 302 839 359 ζωήν
863 321 962 355 τινι,
987 309 1166 361 spiritum
1183 309 1305 347 alicui
1329 324 1383 348 ex
1403 312 1534 363 gratia
1557 321 1596 351 et
1619 315 1732 352 mise-

291 362 466 400 ricordia
486 362 699 415 indulgere.
755 362 871 402 Conf.
899 377 942 416 p.
973 362 1064 402 218.
1085 363 1130 402 C.
1154 363 1194 403 8.
1223 371 1263 403 et
1292 364 1385 404 360.
1410 365 1455 406 C.
1484 381 1523 420 7.
1541 395 1554 416 ,
1581 366 1653 405 ubi
1669 369 1732 407 in-

290 423 446 470 terpres
483 431 566 456 non
608 424 715 456 reete
753 418 872 471 cepit.
928 417 1083 457 Eodem
1125 433 1285 472 quoque
1314 434 1432 459 sensu
1467 422 1590 474 accipi
1616 422 1734 462 debet

291 472 401 524 apud
438 473 680 525 Procopium
710 471 909 512 Anecdot.
952 487 993 525 p.
1015 474 1083 512 33.
1124 482 1276 527 antep.‚
1319 482 1364 514 ut
1389 489 1411 515 e
1452 490 1493 528 p.
1522 477 1590 516 36.
1630 491 1662 518 1.
1695 485 1735 518 et

291 527 456 581 Euagrii
494 528 604 577 loco,
651 541 770 580 quem
807 528 1055 567 Alemannus
1093 529 1182 568 istic
1221 530 1344 581 citat,
1385 538 1553 570 constat.
1608 532 1735 572 Plura

292 583 471 635 exempla
498 583 618 622 habet
644 583 811 623 Salmas.
845 584 895 622 ad
923 584 1087 635 Vopisci
1115 584 1379 624 Aurelianum
1407 601 1449 638 p.
1479 585 1575 640 499.
1608 586 1730 638 504„

291 638 361 676 ubi
390 640 510 678 etiam
545 638 594 677 de
619 638 776 678 bucella
809 638 1050 693 largitionali
1091 639 1156 679 vel
1200 655 1304 694 pane
1346 640 1456 681 civili
1491 649 1561 680 aut
1591 642 1735 696 gradili

291 692 472 746 pluribus
501 695 596 747 agit.
1747 731 1749 735 .

406 750 454 788 Β.
489 763 525 788 2.
557 748 666 803 [451‚
696 747 782 803 19.]
825 747 987 801 αἐρίου.
1056 750 1106 789 F.
1139 750 1215 804 leg.
1265 748 1447 803 ἅερικοῧ.
1513 752 1609 791 Vid.
1664 753 1732 792 Du

291 803 430 857 Gange
452 804 579 846 Gloss.
604 805 676 843 Gr.
702 803 744 843 h.
772 818 812 843 v.
841 812 881 843 et
903 804 952 842 de
986 811 1191 852 συνωναῖς
1218 807 1340 845 idem.
1398 807 1513 857 Quae
1530 809 1610 846 sint
1634 822 1750 847 ovv-.

292 859 412 911 ωναῐ,
454 859 628 899 declarat
661 860 809 914 optime
850 859 1070 913 Procopius
1113 861 1155 899 in
1187 861 1395 900 Anecdota
1428 877 1469 915 p.
1501 862 1568 916 98.
1612 863 1652 904 5.
1695 867 1735 902 et

298 928 388 954 102.
412 929 478 954 20.
495 945 506 965 ‚
537 914 606 953 ubi
629 914 876 954 Alemannus
897 915 1042 954 frustra
1073 922 1131 954 est
1160 913 1324 968 ἆννώνη
1354 930 1429 968 pro
1457 914 1618 970 σννωνὴ
1639 918 1734 956 sub-

287 971 453 1010 stituere
484 970 685 1009 laborans.
750 970 823 1009 Est
860 977 994 1009 autem
1030 973 1293 1023 comportatio
1333 972 1521 1010 frumenti
1542 973 1594 1011 ad
1624 980 1733 1012 certa

288 1028 532 1079 praescripta
560 1025 670 1075 loca,
699 1025 808 1078 quod
828 1026 1006 1071 maxime,
1039 1025 1251 1065 molestum
1309 1027 1512 1065 accidebat
1548 1027 1698 1068 colonis
1718 1059 1729 1075 ‚

289 1089 337 1119 ut
372 1096 394 1121 e
425 1081 522 1120 locis
546 1081 732 1133 Procopii
771 1081 900 1119 citatis
943 1087 984 1119 et
1020 1080 1242 1120 Themistio
1286 1096 1328 1134 p.
1365 1080 1453 1123 118.
1479 1083 1532 1120 D.
1561 1090 1731 1122 constat.

290 1137 392 1175 Nata
421 1143 479 1175 est
507 1150 554 1175 ea
578 1150 653 1174 vox
693 1149 738 1174 ex
769 1135 874 1174 mala
901 1143 971 1174 aut
1013 1137 1231 1189 scriptione
1258 1135 1515 1176 librariorum
1538 1145 1608 1176 aut
1639 1152 1736 1191 pro-

289 1193 542 1230 nuntiatione
564 1190 671 1242 vulgi
697 1205 770 1243 pro
788 1187 957 1243 σιτώγη,
982 1190 1023 1229 id
1056 1198 1115 1230 est
1147 1189 1262 1230 σι’του
1295 1185 1454 1243 ἀγωγή,
1484 1199 1531 1231 ut
1550 1192 1735 1242 κυματώ-

288 1260 367 1299 γη,
400 1247 582 1299 quamvis
613 1245 714 1284 illud
739 1245 792 1285 ab
824 1238 928 1297 ἄγω,
956 1246 1080 1294 daco,
1123 1246 1317 1292 conduco,
1349 1248 1537 1297 conveho,
1572 1247 1650 1286 hoc
1681 1248 1736 1287 ab

291 1294 379 1352 ἄγω
432 1295 603 1353 ἄγνυμι,
617 1302 794 1353 frango,
826 1300 1087 1353 repetendum
1115 1302 1180 1339 sit.
1212 1301 1342 1340 Hodie
1359 1301 1531 1341 Awariz
1557 1302 1737 1355 appella-

289 1364 358 1396 tur
385 1331 461 1395 boc
499 1356 805 1395 contributionis
838 1369 960 1408 genus
989 1370 1013 1394 a
1057 1356 1223 1405 Tui-cis,
1262 1363 1307 1395 ut
1343 1363 1454 1408 patet
1478 1371 1501 1396 e
1525 1359 1583 1396 La
1615 1358 1734 1397 Croix

289 1412 388 1451 Etat
422 1411 582 1465 present
612 1410 662 1449 de
699 1410 723 1449 l'
741 1410 875 1463 Eglise
904 1412 1088 1464 Grecque
1122 1426 1163 1466 p.
1205 1426 1245 1465 7.
1265 1440 1276 1461 ,
1295 1411 1366 1450 ubi
1397 1412 1570 1466 appellat
1618 1414 1738 1452 trihut

291 1468 438 1505 anmoel
451 1480 556 1521 pour
584 1466 626 1504 la
647 1466 879 1517 sburniture
915 1466 964 1505 de
985 1467 1105 1519 l'orge
1118 1497 1129 1515 ‚
1158 1467 1280 1518 fhin,
1309 1468 1436 1521 paille
1470 1476 1508 1506 et
1537 1468 1634 1519 bois,
1662 1483 1738 1523 que

291 1523 346 1560 les
381 1522 573 1577 Grecques
598 1520 648 1560 de
687 1521 729 1560 la
755 1535 974 1576 campagne
1006 1531 1094 1560 sont
1129 1521 1276 1575 ohlige'z
1314 1522 1516 1561 d'amener
1555 1538 1642 1562 ινιτ
1674 1538 1736 1562 se-

292 1577 389 1616 rails
418 1577 473 1615 da
513 1576 658 1615 Grand
678 1575 868 1629 Seigroeur·
881 1607 893 1629 ‚
919 1577 987 1615 des
1014 1576 1061 1615 V
1055 1578 1149 1615 θείης
1172 1587 1210 1616 et
1226 1586 1352 1616 aem-es
1379 1578 1526 1631 grands
1552 1576 1733 1629 officiem.

291 1642 533 1722 &pppllatur
558 1650 691 1682 autem
723 1633 869 1699 &ffibt
902 1639 946 1682 αἱ
976 1642 1197 1697 προβολαί,
1225 1640 1277 1683 τὰ
1306 1644 1621 1698 προβεβλημένα
1648 1648 1735 1692 τοῖς

289 1711 374 1737 vno
404 1713 428 1736 v
456 1711 550 1745 ιοις.

381 1713 510 1804 b1354.
542 1751 659 1807 [45],
679 1752 763 1806 20.]
795 1750 966 1792 εἰδικοῦ.
1023 1752 1143 1804 Quod
1171 1752 1236 1793 hic
1265 1755 1320 1793 ait
1346 1755 1540 1797 maiumas
1578 1768 1623 1794 ex
1648 1757 1733 1808 pri-

291 1815 386 1848 vato
414 1808 587 1862 peculio,
618 1822 699 1847 non
728 1822 774 1847 ex
801 1807 977 1862 generali
1005 1809 1158 1847 aerario
1186 1809 1373 1860 desumi,
1401 1810 1555 1876 egregie
1582 1811 1731 1849 confir-

292 1871 376 1902 mat
405 1864 515 1903 locus
555 1863 752 1916 Agathiae
781 1878 824 1917 p.
857 1862 927 1918 69.
974 1863 1037 1903 16.
1070 1863 1133 1902 ed.
1159 1865 1363 1903 Vulcan.:
1395 1878 1548 1914 ταμιας
1576 1858 1663 1917 ἦν-
1682 1863 1735 1904 οὔ

291 1915 374 1971 μὴν
405 1918 488 1958 τῶν
513 1917 558 1958 ἐκ
585 1917 660 1970 τῆς
687 1917 978 1971 δασμοφοριάς
1005 1917 1306 1970 ἐρανιζομένων
1323 1949 1334 1968 ,
1376 1914 1482 1958 ἀλλὰ
1512 1918 1621 1970 τῶν,
1655 1913 1734 1960 ὅσα

293 1972 341 2012 ἐκ
370 1974 453 2013 τῶν
499 1971 723 2024 βασιλείων
764 1972 993 2026 θησαυρῶν
1032 1969 1296 2028 ἐπεπόμφει,
1337 1972 1403 2027 ἐφ’
1449 1964 1484 2028 ᾧ
1513 1970 1612 2020 τούς
1639 1972 1735 2027 α’ρι-

294 2024 545 2074 στεύσαντας
587 2027 630 2067 ἐν
656 2031 746 2074 ταῖς
773 2023 934 2078 μάχαις
976 2023 1026 2066 τὰ
1055 2026 1313 2082 προσήκοντα
1340 2028 1442 2082 γέρα
1470 2028 1731 2079 κομιζεσθαι.

293 2083 439 2122 Noster
476 2091 610 2122 tamen
651 2084 896 2122 maiumadas
932 2097 1013 2122 non
1056 2096 1218 2134 prorsus
1243 2091 1363 2137 negat
1401 2097 1423 2123 e
1450 2084 1610 2137 publico
1637 2083 1731 2122 fisco

295 2141 425 2189 sumi,
455 2138 523 2177 sed
551 2145 687 2178 monet
712 2145 895 2190 tantum,
922 2138 994 2177 ubi
1031 2137 1133 2176 nihil
1179 2139 1433 2193 suppeditent
1459 2139 1575 2178 fiscus
1612 2139 1731 2177 aiirici

295 2208 365 2233 seu
394 2194 736 2233 contributionum
763 2207 836 2247 pro
874 2208 950 2232 usu
980 2195 1202 2233 communis
1231 2208 1352 2234 aurae
1367 2223 1378 2244 ‚
1409 2200 1448 2232 et
1474 2194 1592 2232 fiscus
1618 2207 1732 2231 aera-

295 2249 356 2287 rio
383 2248 544 2288 militari
574 2250 756 2301 proprius
776 2279 788 2299 ‚
816 2249 1034 2288 sitonarum
1077 2248 1223 2288 scilicet
1268 2263 1338 2289 seu
1365 2247 1703 2287 contributionum
1720 2277 1732 2294 ‚

296 2304 443 2355 quibus
471 2303 602 2342 coloni
630 2304 921 2343 excusationem
949 2318 972 2342 a
1000 2303 1275 2356 deportatione
1306 2304 1524 2357 specierum
1551 2316 1729 2341 annona-

295 2358 446 2397 riarum
487 2359 538 2397 ad
585 2358 803 2412 longinqua
830 2359 917 2398 loca
944 2359 1175 2410 redimant3
1213 2359 1257 2398 hi
1286 2359 1367 2398 duo
1394 2358 1475 2397 fisci
1518 2356 1669 2410 publici
1697 2358 1730 2396 si

295 2420 497 2466 nequeant
533 2421 734 2466 praestare
747 2443 757 2461 ‚
809 2414 918 2466 quod
962 2413 1158 2453 sumtibus
1197 2414 1275 2453 illis
1314 2412 1500 2452 faciendis
1538 2410 1728 2460 sufficiat,

296 2473 393 2506 tunc
421 2483 442 2507 e
470 2482 513 2505 re
540 2469 696 2521 privata
723 2469 911 2522 principis
939 2468 1027 2507 illos
1056 2469 1153 2521 peti.

406 2524 453 2561 B.
474 2522 516 2561 8.
556 2522 672 2577 [452,
692 2522 755 2576 3.]
804 2521 1022 2574 ταγμάτων
1059 2522 1133 2561 καί
1157 2518 1368 2573 θεμάτων.
1427 2520 1662 2559 Constanter
1688 2521 1729 2559 id

296 2576 339 2613 in
363 2585 500 2615 nostro
538 2578 671 2616 codice
705 2578 940 2617 observatur
960 2608 971 2628 ,
1013 2585 1059 2616 ut
1096 2575 1235 2629 τάγμα
1277 2577 1327 2615 de
1363 2574 1526 2614 cohorte
1573 2575 1727 2614 urbana

298 2637 337 2667 et
363 2634 593 2682 pracsertim
615 2632 813 2685 palatina,
844 2632 955 2682 θέμα
985 2646 1081 2671 vero
1109 2630 1350 2685 provinciale
1376 2629 1611 2682 appelletur.
1645 2630 1728 2669 Alii

298 2698 455 2738 quoque
484 2688 715 2738 scriptores,
746 2690 931 2740 quamvis
959 2687 1160 2726 interdum
1179 2687 1334 2726 varient
1359 2691 1398 2722 et
1427 2684 1595 2723 urbibus
1626 2698 1728 2737 quo-

298 2752 376 2791 que
417 2741 719 2793 municipalibus
765 2748 882 2793 atque
923 2741 1137 2794 provinciis
1180 2737 1371 2791 τάγματα
1398 2738 1611 2791 tribuant,
1642 2739 1726 2792 ple-
