1884 3132
279 151 355 194 An
395 148 730 194 immicum
769 149 867 191 im.
906 152 940 191 i.
984 149 1055 189 ni:
1100 146 1359 191 onumen.
1448 127 1557 186 555

129 254 312 310 agerem.
369 251 476 295 Nam
510 253 677 294 braccae
713 253 959 293 Graecorum
1005 260 1119 293 erant
1158 253 1215 293 sic
1258 253 1473 301 formatae,
1518 260 1563 292 ut

129 310 416 351 heiduoeomm
429 324 442 350 τ
489 308 758 364 procedebant
794 308 942 348 scilicet
980 322 1004 346 a
1030 315 1170 348 ventre
1207 308 1287 347 imo
1315 308 1407 348 inde
1435 322 1563 362 usque

128 365 236 405 infra
266 379 407 417 suras,
432 371 479 404 ut
505 364 642 404 videre
669 369 729 402 est
755 365 799 402 in
826 362 1058 416 Menologio
1084 362 1282 402 Basiliano
1308 363 1361 402 T.
1382 364 1415 402 1.
1447 378 1488 416 p.
1517 377 1561 417 9.

131 434 201 460 22.
231 419 300 459 23.
333 419 401 459 26.
433 433 502 473 27.
545 425 586 458 et
612 417 722 457 alibi.
753 417 873 457 Conf.
902 419 1054 457 Murat.
1095 417 1197 457 Ant.
1229 417 1319 456 Ital.
1355 418 1408 457 T.
1438 419 1495 457 11.
1517 432 1562 471 p.

135 488 225 514 110.
280 473 395 529 *[De
420 472 574 512 braccis
599 473 887 526 Imperatorum
914 472 1170 512 CPtanorum
1196 486 1239 511 v.
1270 473 1339 511 Du
1350 473 1485 526 Gange
1512 472 1564 511 ad

131 527 401 568 Villharduin.
426 542 469 582 p.
493 526 642 581 5o9.]*
678 527 907 580 Antequam
934 534 1215 582 argumentum
1243 527 1321 567 hoc
1348 527 1565 580 deponam,

130 585 243 624 iuvat
254 582 445 623 brevibus
472 581 654 622 Glossam
673 582 781 636 apud
807 583 874 621 Du
896 582 1091 636 Cangium
1121 582 1188 622 Gl.
1214 583 1288 622 Gr.
1315 597 1356 636 p.
1391 581 1487 632 564.
1516 582 1567 621 il-

132 638 315 688 lusti-are,
342 637 446 677 hanc
472 651 644 690 nempe:
717 634 938 687 καμισάτοι
981 638 1164 677 dicuntur
1190 639 1361 677 ministr-i
1387 638 1566 676 ecclesia-

128 694 218 732 stici
233 722 246 742 ‚
272 693 343 748 qui
369 693 412 732 in
442 692 601 731 ecclesia
637 690 918 744 calefaciendis
955 694 1076 731 sacris
1102 693 1281 731 lebetibus
1314 701 1562 746 occupantur.

129 747 220 788 Vox
257 746 357 786 haec
397 761 480 786 non
516 761 542 787 a
585 743 758 796 κάμισον
777 775 790 795 ,
832 746 906 786 sed
935 746 989 786 ab
1029 747 1106 786 alia
1148 747 1350 786 descendit
1391 747 1567 786 Arabica

128 801 196 843 vel
221 803 357 856 potius
379 801 567 856 Syriaca,
607 815 711 856 quae
749 802 970 841 ministrum
1010 802 1220 856 significat.
1288 802 1362 842 Est
1404 802 1566 855 quidem

128 862 306 919 κόμισον
331 870 452 908 etiam
477 867 673 908 Arabicae
706 867 883 922 originis.
941 867 999 907 At
1026 869 1145 908 vestis
1172 863 1304 915 0²:⁴⁴3
1352 874 1536 908 exaratur
1551 897 1564 914 ‚

130 933 311 974 minister
346 941 481 974 autem
521 926 691 984 ,ΨΒ-’5,
744 947 867 987 quam
907 947 1048 974 vocem
1085 933 1241 974 Arabes
1287 933 1503 974 Christiani
1543 947 1566 972 e

129 999 294 1054 Syriaco
331 1001 375 1039 in
413 1013 635 1040 sermonem
674 1012 793 1039 suum
829 998 1049 1039 Arabicum
1094 999 1400 1040 ecclesiasticum
1435 1007 1566 1039 trans-

133 1073 377 1106 sumserunt.
409 1065 457 1106 In
482 1065 670 1120 Liturgiis
699 1064 1007 1120 Syro-Arabicis
1038 1065 1142 1105 nihil
1167 1066 1414 1121 frequentius
1432 1060 1565 1117 υκῤ

127 1141 286 1226 servu&
305 1133 608 1242 {7:6‘[21>7124²’yffi⁸‚
618 1124 1161 1242 ἒθτῖιέἒῖιῖέῖηέαεξηέπιᾷ
1166 1185 1378 1242 ῥιπτάριον
1386 1218 1399 1239 ,
1430 1188 1568 1243 capitis

128 1247 403 1294 tegumentum
417 1271 430 1293 ‚
476 1254 558 1294 quo
584 1240 813 1294 patriarcha
864 1241 1069 1282 utebatur.
1123 1242 1269 1297 Georg.
1301 1243 1492 1283 Monach.
1520 1257 1563 1296 p.

129 1295 287 1350 567.]*
341 1296 404 1335 Ex
430 1295 564 1335 Leone
594 1296 868 1335 Grammatico
894 1311 935 1349 p.
950 1295 1045 1350 490.
1068 1296 1118 1336 G.
1139 1311 1178 1351 7.
1210 1305 1319 1351 patet
1344 1312 1427 1338 esse
1455 1300 1567 1352 capi-

129 1349 182 1389 tis
207 1357 495 1404 tegumentum.
549 1350 718 1389 Frustra
760 1365 855 1404 ergo
881 1351 1138 1404 reprehendit
1161 1353 1282 1392 Goar.
1311 1353 1362 1391 ad
1392 1353 1565 1393 Cedren.

131 1418 174 1458 p.
194 1405 292 1445 611.
320 1405 370 1444 C.
385 1404 655 1458 Xylandrum‚
685 1405 755 1458 qui
781 1406 974 1444 cucullum
999 1406 1133 1446 vertit.
1193 1407 1352 1447 Pariter
1379 1408 1446 1446 Du
1460 1409 1568 1446 Can-

135 1473 185 1512 ge
211 1459 283 1499 Gl.
313 1460 387 1498 Gr.
417 1459 462 1499 h.
492 1472 531 1500 v.
540 1460 685 1511 frocco
711 1459 1000 1499 monaehomm
1028 1468 1232 1514 comparat
1249 1491 1262 1510 ‚
1291 1461 1363 1501 ubi
1387 1462 1474 1502 vid.
1503 1463 1567 1501 Ex

130 1513 263 1553 Nostri
290 1512 435 1569 p.419.
453 1514 501 1553 C.
516 1513 556 1554 5.
575 1522 752 1567 apparet,
769 1521 919 1555 vestem
935 1514 1038 1556 hanc
1050 1516 1187 1570 iugulo
1201 1515 1348 1556 fibulae
1364 1531 1434 1556 seu
1453 1531 1567 1572 agra-

130 1569 174 1609 fii
200 1583 277 1623 ope
303 1568 496 1622 adstringi
522 1570 709 1622 potuisse.

241 1624 287 1664 C.
302 1639 343 1678 9.
376 1623 485 1679 [47o‚
505 1622 565 1688 9.]
594 1621 708 1671 ὀξέα.
763 1624 1145 1678 Saepeperarduum
1173 1632 1231 1665 est
1256 1625 1412 1675 dicere,
1445 1640 1567 1679 quem

130 1677 303 1718 colorem
328 1693 426 1718 voce
453 1676 549 1726 ὄξυς
575 1678 822 1733 significent,
851 1679 1086 1730 rubmmne,
1102 1727 1106 1731 ὁ
1124 1694 1175 1720 an
1201 1680 1436 1720 violaceum.
1462 1683 1566 1721 Sane

130 1741 178 1773 ut
203 1733 422 1787 plurimum
450 1733 616 1773 reddere
641 1733 770 1773 solent
800 1736 877 1774 viri
904 1735 1011 1775 docti
1038 1736 1143 1775 hanc
1160 1749 1301 1775 vocem
1330 1737 1473 1776 Latina
1499 1739 1566 1776 vi·

129 1789 299 1828 olaceus.
353 1789 433 1828 Sed
470 1789 640 1828 rubrum
686 1803 844 1843 quoque
871 1804 959 1829 eam
988 1791 1210 1844 significare
1237 1799 1401 1844 apparet
1428 1805 1450 1830 e
1476 1790 1567 1832 loco

130 1843 290 1882 Nicetae
328 1843 436 1896 apud
471 1843 639 1882 Salmas.
680 1844 733 1883 Τ.
779 1845 832 1884 Π,
869 1845 974 1884 Hist.
1004 1846 1111 1900 Aug.
1155 1860 1198 1899 p.
1215 1844 1307 1886 560.
1329 1853 1384 1885 .et
1422 1861 1467 1886 ex
1494 1845 1566 1885 illo

130 1897 413 1937 Chaeremonis
451 1898 556 1952 apud
589 1898 851 1938 Eustathium
898 1900 951 1938 ad
994 1901 1143 1954 Odyss.
1184 1895 1233 1948 κ’,
1270 1901 1340 1955 qui
1367 1899 1485 1947 ἰδίως
1511 1897 1566 1940 τὰ

130 1947 240 2004 ῥόδα
268 1946 471 2006 ὀξυφεγγῆ
515 1951 586 1992 καί
611 1949 733 2005 ἔαρος
768 1952 1030 2006 τιθηνήματα
1067 1955 1256 2008 appellat.
1330 1955 1423 1994 Non
1451 1954 1568 2008 palli-

132 2006 190 2053 di,
221 2006 290 2044 sed
318 2006 470 2047 intense
495 2007 608 2047 rubri
635 2015 675 2047 et
689 2008 740 2047 ad
763 2008 919 2048 fuscum
933 2023 1057 2062 paene
1081 2009 1302 2050 accedentis
1328 2010 1472 2048 coloris
1498 2024 1568 2048 ro-

131 2075 195 2100 sas
233 2059 432 2114 intelligit.
497 2063 621 2115 Saepe
655 2077 816 2116 quoque
860 2057 933 2112 ὄξϋ
976 2079 1059 2104 non
1086 2064 1260 2104 colorem
1274 2095 1286 2116 ,
1328 2064 1398 2103 sed
1424 2064 1568 2103 coloris

129 2114 299 2155 modum
326 2123 463 2166 notat,
494 2118 694 2156 intensum
720 2118 862 2167 valde,
886 2119 1011 2159 vividi
1051 2119 1213 2158 luminis
1239 2126 1279 2158 et
1306 2118 1443 2157 oculos
1469 2119 1568 2157 feri-

130 2171 250 2210 entis.
308 2170 415 2210 Hinc
460 2179 718 2224 opponuntur
759 2169 812 2212 τὰ
839 2169 937 2221 ὄξέα
965 2181 1004 2212 et
1030 2172 1264 2223 ψευδοξέα,
1303 2172 1453 2211 lumine
1480 2173 1566 2212 solo

130 2227 175 2264 in
190 2239 353 2264 censum
371 2227 568 2265 veniente.
623 2226 679 2266 At
694 2227 854 2280 quando
884 2223 979 2276 ὄξὲα
1002 2227 1144 2278 πρῶτα
1157 2257 1170 2277 ,
1204 2225 1379 2278 δεύτερα
1403 2256 1415 2277 ‚
1444 2226 1568 2279 τρίτα

131 2287 411 2328 recensentur,
444 2280 602 2330 coloris,
624 2294 706 2320 non
733 2281 896 2322 luminis
918 2282 1090 2321 habetur
1117 2282 1235 2320 ratio.
1263 2281 1430 2334 Saepius
1458 2281 1567 2320 enim
1627 2295 1635 2301 ·

130 2334 359 2388 tingebatur
422 2348 594 2387 pannus,
634 2342 674 2374 et
711 2337 871 2375 serzbum
903 2345 1016 2391 atque
1048 2350 1199 2375 coccum
1239 2350 1317 2375 non
1342 2337 1462 2374 semel
1488 2337 1567 2375 tin-

129 2389 367 2430 ctumhabet
383 2389 474 2428 Vita
500 2390 542 2428 S.
574 2388 776 2429 Amatoris
802 2391 908 2443 apud
932 2391 998 2429 Du
1030 2390 1226 2443 Cangium
1250 2404 1292 2429 v.
1323 2389 1567 2430 Plumatum·

242 2444 291 2483 C.
319 2457 379 2483 ιο.
411 2443 520 2498 [47ο,
549 2442 635 2497 ιο.]
675 2442 896 2494 ψευδοξέα.
954 2444 1029 2484 Est
1066 2444 1172 2483 idem
1199 2444 1306 2497 quod
1326 2444 1562 2497 psezuloale-

42 2494 46 2497 ’
123 2498 242 2537 ,ἰῘιίηιι
264 2527 275 2546 ,
314 2498 365 2538 de
392 2513 471 2552 qua
499 2497 668 2538 Salmas.
709 2497 762 2536 ad
787 2498 931 2561 Scrj'pt.
963 2499 1066 2537 Hist.
1096 2499 1205 2552 Aug.
1233 2499 1281 2537 T.
1311 2499 1364 2536 11.
1392 2512 1435 2551 p.
1463 2497 1563 2549 405.

134 2552 181 2590 Β.
200 2547 440 2605 Πορφύραν
480 2550 740 2604 ἐψευσμένην
767 2549 815 2591 τὸ
845 2553 974 2598 ανθυς
1016 2560 1212 2592 memorat
1248 2553 1490 2592 Themisiius
1518 2567 1560 2606 p.

134 2605 229 2669 242.
245 2607 292 2645 Β.
314 2620 354 2645 2.
379 2614 419 2646 et
446 2603 573 2646 πολλὰ
601 2602 910 2659 βασανιστήρια
951 2606 1023 2659 τῆς
1050 2604 1273 2660 πορφύρας
1303 2614 1346 2647 et
1389 2609 1565 2657 βασανι-

135 2673 240 2706 στας
267 2661 386 2708 eius.
403 2661 454 2701 de
482 2661 627 2714 quibus
653 2675 773 2714 supra
803 2662 884 2699 iam
909 2660 1016 2712 dixi,
1045 2660 1116 2700 ubi
1143 2662 1195 2701 de
1226 2659 1507 2712 ζυγοστάταις.

222 2727 314 2766 272.
341 2715 389 2754 B.
428 2717 468 2756 3.
506 2715 599 2770 [471
620 2746 630 2765 ,
656 2716 739 2767 ii.]
788 2714 1037 2768 κεντινάρια.
1111 2716 1196 2758 Iam
1234 2715 1395 2770 quidem
1426 2718 1487 2770 egi
1515 2716 1565 2755 de
