1884 3132
225 159 301 203 An
340 159 639 205 CONSTANT.
678 161 874 204 Pomm.
915 164 986 203 DE
1024 161 1203 205 cunm.
1243 164 1345 204 Lm.
1397 166 1431 206 1.
1470 144 1579 220 397

152 263 282 305 Gloss.
310 267 384 306 Gr.
404 267 569 320 protulit
594 281 617 307 e
645 269 761 307 novis
777 267 1039 321 scriptoribus
1061 269 1252 319 Graecis,
1280 269 1388 320 (nam
1411 270 1583 325 antiquis

150 320 331 373 ignotum
350 322 426 360 fuit
440 326 480 374 ,)
507 322 578 361 ubi
605 336 687 362 non
718 330 855 376 putem
885 324 1107 377 significare
1144 326 1391 373 consa‘tzoeoe,
1426 335 1580 366 eontra-

149 375 267 424 loere,
307 378 480 431 pacisci,
513 391 635 430 quam
667 379 872 417 notionem
905 379 973 417 Du
1000 379 1133 432 Cange
1168 379 1226 418 illi
1266 380 1422 419 tribuit.
1476 380 1583 422 Citat

148 429 207 468 ibi
226 430 331 470 inter
353 431 430 470 alia
455 431 588 471 locum
623 432 834 486 Nicephori
861 433 1088 487 Presbyteri
1119 435 1162 472 in
1196 434 1289 473 Vita
1318 435 1362 473 S.
1392 434 1580 478 Andreae

147 483 230 523 Sali
245 499 258 524 ε
283 484 356 524 καί
381 483 568 533 σιανθῖἰς
596 480 672 525 οὖν
710 488 756 527 ἐν
798 487 855 541 νῷ
892 487 1024 542 πικρῷ
1062 484 1144 541 ἔφη
1158 518 1170 537 ,
1210 490 1463 529 exacerbatus
1488 507 1580 545 ergo

146 538 458 581 dzbebatamam
491 550 640 593 mente,
669 549 710 580 et
737 542 844 585 hunc
886 543 1046 581 loannis
1076 542 1231 582 Moschi
1266 545 1308 582 in
1346 545 1513 585 Limone
1541 562 1580 588 c.

148 593 241 634 205.
262 608 275 633 τ
303 591 487 642 ἀκούσας
514 595 562 635 δὲ
585 596 719 636 ταῦτα
745 596 818 636 καί
841 589 948 635 ἄλλα
975 597 1150 636 τοιαῦτα
1178 597 1275 649 παρ’
1305 597 1435 652 αὐτῆς
1461 615 1578 642 σιαγ-

147 648 241 696 θείς
266 647 340 688 καὶ
363 647 499 689 ἐλθών
518 646 745 704 ἐδάκρυσεν
759 681 771 700 ,
802 651 872 690 ubi
889 653 1082 705 interpres
1105 666 1185 691 non
1210 653 1328 703 male,
1346 661 1453 694 certe
1467 655 1576 697 haud

144 703 287 756 procul
310 717 336 743 a
356 717 455 744 vero
475 719 605 753 sensu,
631 706 804 745 reddidit
832 716 1050 747 commotus.
1077 707 1244 761 Proprie
1274 716 1332 748 est
1360 712 1544 750 contritus
1562 742 1575 762 ‚

138 766 327 813 pandus,
352 761 609 799 contractam.
669 761 878 814 Colligitur
902 762 1007 800 idem
1040 776 1086 801 ex
1108 763 1187 802 alio
1211 763 1298 802 loco
1311 765 1575 818 VitaeSime-

145 813 234 852 onis
261 812 344 852 Sali
359 843 371 864 ,
392 827 512 879 quem
541 816 610 854 Du
636 816 770 870 Gange
792 831 835 855 v.
855 816 1080 864 Κοσσιζειν
1116 825 1155 856 et
1179 815 1413 868 τζιμμίζειν
1452 822 1573 862 citat:

144 862 257 906 ἔστιν
300 862 369 908 ὅτε
406 867 556 920 estanar
593 866 669 917 τὰς
708 874 854 923 χεῖρας
898 869 1036 911 αὐτῶν
1061 868 1111 911 τοὶ
1142 865 1303 923 ἄσεμνα
1331 869 1482 914 divam
1514 875 1575 923 εἰς

142 917 220 961 τὸν
260 918 411 963 κόλπον
456 918 608 975 αὗτοῦ,
652 923 725 964 καὶ
759 925 940 965 ἑσίαινον
978 923 1109 965 αὕτὸν
1142 927 1215 966 καί
1248 925 1462 976 ἑκόσσιζον
1504 931 1577 972 καὶ

142 973 382 1027 ἐτζίμμιζον
409 975 535 1018 αὕτὸν
556 1008 568 1029 ,
598 981 790 1020 interdum
818 995 966 1035 qaoque
1001 983 1220 1021 inhonestae
1246 991 1452 1037 potestates
1480 986 1574 1036 (im-

141 1031 283 1070 mundi
314 1034 495 1087 spiritus)
528 1035 728 1075 mittebant
759 1050 896 1074 manus
930 1050 1019 1075 suas
1056 1038 1097 1076 in
1124 1039 1203 1076 eius
1232 1039 1357 1076 sinum
1385 1048 1423 1078 et
1442 1054 1574 1080 vexa-

140 1084 333 1126 hanteum
351 1096 390 1126 et
409 1087 582 1144 colaphis
601 1091 885 1130 contundebant
899 1121 909 1139 ‚
932 1100 971 1130 et
994 1101 1158 1132 attracto
1187 1107 1335 1131 sursum
1362 1108 1457 1133 naso
1484 1110 1572 1135 cer-

139 1141 244 1179 vices
263 1142 345 1180 eius
365 1151 469 1182 tetro
490 1145 669 1197 agebant.
723 1145 952 1200 Utrumque
974 1147 1215 1187 vocabulum
1239 1147 1458 1188 Arabicum
1481 1158 1539 1190 est
1557 1181 1570 1203 ,

139 1244 182 1278 et
196 1236 434 1289 κοσσιζεινει
455 1238 546 1299 δώ
561 1272 573 1294 ,
600 1243 869 1297 colaphizare,
895 1252 934 1283 et
956 1243 1188 1295 τζιμμίζειν
1211 1261 1234 1286 a
1254 1258 1316 1303 fij
1330 1277 1343 1296 ‚
1374 1250 1483 1303 quod
1494 1259 1567 1299 est,

139 1293 321 1334 animalis
344 1296 533 1348 quidem,
565 1297 702 1336 fraeno
726 1299 890 1348 iniecto,
927 1299 1100 1339 hominis
1126 1309 1259 1340 autem
1281 1317 1376 1342 naso
1410 1306 1568 1363 adunco

139 1355 299 1401 arrepto
322 1379 334 1397 ,
361 1352 534 1390 cervices
552 1359 592 1391 et
614 1361 732 1405 caput
758 1361 977 1393 retrorsum
997 1370 1126 1408 agere.
1186 1357 1339 1396 Verum
1365 1362 1484 1399 etiam
1505 1375 1570 1401 σι-

139 1411 296 1453 ναίνειν
322 1414 432 1454 illinc
456 1419 634 1456 manavit
663 1411 741 1478 ἐν
760 1449 771 1465 ,
801 1419 897 1468 Saa,
922 1426 981 1458 est
1004 1422 1243 1474 malussza't.
1298 1439 1380 1479 &a
1410 1454 1422 1476 ‚
1451 1425 1564 1475 Sion,

138 1479 285 1517 malum
301 1508 315 1530 ,
366 1471 457 1540 Chul
479 1511 492 1531 ,
526 1481 638 1520 Asaa
676 1486 719 1521 in
741 1484 813 1522 IV.
833 1485 1110 1538 coniugatione
1141 1495 1199 1526 est
1227 1491 1372 1528 malum
1391 1492 1538 1541 facere
1553 1523 1564 1540 ‚

138 1532 245 1572 malo
265 1533 438 1587 aliquem
459 1565 471 1586 ,
491 1550 618 1586 noxa,
641 1537 822 1577 molestia
849 1538 1031 1590 afficere3
1071 1540 1243 1581 σιαίνειν
1264 1558 1366 1596 ¹ergo
1403 1552 1462 1584 est
1494 1546 1567 1586 ali-

134 1601 256 1642 quem
277 1590 448 1642 malum,
470 1590 512 1629 id
539 1598 598 1630 est
619 1592 952 1632 malecontentum
966 1623 978 1645 ,
1005 1596 1151 1634 iratum
1172 1597 1318 1637 facere.

242 1655 296 1694 D.
320 1669 359 1698 2.
378 1653 493 1710 Mor,
520 1656 607 1711 ¹4]
650 1654 844 1708 κλιβάνια
869 1656 942 1698 καὶ
975 1658 1191 1713 α’ρούλλας.
1247 1663 1383 1716 Iungit
1409 1673 1566 1706 utrum-

135 1722 238 1762 que,
269 1723 316 1748 ex
340 1712 466 1750 veteri
483 1725 610 1751 more.
668 1712 851 1762 clibani,
893 1714 988 1753 olim
1025 1712 1135 1754 ἴπνοι
1173 1717 1297 1765 dicti,
1340 1722 1567 1762 serviebant

136 1765 189 1803 ad
217 1763 422 1804 conclavia
443 1766 508 1805 vel
533 1774 635 1806 zetas
655 1767 956 1820 calefaciendas‚
990 1777 1029 1808 et
1059 1778 1153 1810 sunt
1190 1772 1324 1825 furni,
1359 1789 1440 1813 non
1463 1791 1564 1830 qua-

134 1827 193 1867 loe
232 1837 424 1870 nostrates
464 1832 719 1883 Germanici,
750 1834 818 1873 sed
853 1842 899 1873 ut
933 1836 1142 1875 orientales
1172 1837 1276 1895 >9³³
1294 1867 1308 1888 ,
1344 1840 1521 1888 *Temzw-
1549 1872 1563 1893 ‚

134 1883 230 1934 dicti
248 1912 260 1934 ,
288 1899 389 1937 quos
431 1888 563 1926 statim
603 1888 853 1940 describam3
881 1891 1034 1930 arullae
1064 1899 1197 1931 autem
1231 1901 1323 1932 sunt
1353 1892 1535 1947 ἐσχάραι
1549 1927 1563 1949 ‚

134 1938 348 1978 craticulae
374 1940 539 1992 ferreae,
558 1957 676 1995 super
700 1944 845 1996 quibus
877 1959 997 1997 rogus
1025 1947 1266 1995 struebatur,
1290 1948 1426 2001 quales
1442 1959 1563 2001 sunt,

134 1992 280 2045 quibus
299 1995 342 2032 in
363 1994 498 2048 Belgio
524 2000 688 2050 cespites
723 1998 954 2038 bituminosi
980 2002 1163 2040 instructi
1183 2004 1466 2043 accenduntur.
1498 2006 1562 2045 Illi

101 2043 109 2049 '
134 2047 259 2097 olim,
278 2047 385 2087 furni
412 2063 568 2104 nempe,
597 2054 764 2092 maxime
791 2061 877 2092 tum
901 2053 1159 2106 calefiebant,
1186 2072 1311 2110 quum
1334 2060 1422 2111 quis
1452 2059 1559 2100 solus

133 2108 262 2151 esset,
300 2110 370 2141 aut
403 2118 494 2143 cum
530 2109 666 2159 paucis
699 2108 1001 2162 litterarumque
1041 2111 1180 2151 studiis
1213 2121 1386 2152 vacaret.
1442 2114 1529 2154 Hae
1546 2145 1559 2166 ,

133 2155 271 2195 arulae
309 2165 404 2209 puta
425 2187 437 2206 ‚
467 2167 536 2199 aut
568 2162 619 2200 ad
658 2164 910 2216 coquendum
927 2194 939 2214 ,
984 2172 1054 2203 aut
1087 2166 1138 2204 ad
1172 2169 1483 2220 compotationes
1518 2178 1559 2209 et

132 2212 318 2250 convivia
342 2211 561 2253 multorum
587 2218 807 2256 amicorum
839 2220 1077 2258 serviebam.
1136 2222 1357 2261 Luculento
1382 2225 1487 2262 enim
1514 2226 1557 2264 in

130 2266 180 2304 iis
202 2267 395 2306 instructo
418 2267 497 2320 igni
517 2271 889 2316 circumsedebatur.
947 2275 1101 2313 Clibani
1130 2283 1241 2315 erant
1268 2277 1308 2316 id
1323 2307 1334 2326 ,
1358 2279 1467 2331 quod
1483 2279 1557 2319 ho-

132 2318 198 2358 die
219 2323 379 2360 tennuri
409 2330 502 2361 sunt
526 2325 777 2365 orientalium
794 2358 806 2378 ‚
852 2330 954 2367 vasti
975 2329 1136 2368 rotundi
1164 2345 1255 2370 cum
1283 2331 1402 2384 plano
1431 2333 1556 2374 fimdo

130 2374 247 2414 ferrei
273 2375 381 2415 lacus
399 2406 412 2424 ,
458 2377 522 2415 vel
547 2380 686 2430 catini,
714 2381 884 2430 bassini,
934 2383 1065 2434 ollae,
1105 2392 1150 2423 ut
1179 2386 1377 2439 appellare
1413 2388 1554 2440 malis,

130 2428 174 2466 in
201 2430 338 2469 scrobe
365 2431 560 2484 depositi,
589 2435 720 2474 media
747 2438 789 2474 in
817 2445 901 2476 zeta
929 2438 1081 2478 defossa
1110 2441 1203 2479 satis
1231 2441 1442 2493 profunda.
1485 2444 1555 2482 In-

131 2485 270 2523 structi
297 2493 409 2524 erant
438 2485 494 2524 illi
524 2487 630 2526 lacus
658 2490 891 2542 siphonibus
907 2522 918 2541 ,
945 2494 1014 2546 qui
1042 2494 1194 2533 fumum
1213 2510 1285 2548 per
1303 2497 1471 2546 medios,
1494 2498 1551 2538 ibi

132 2535 210 2575 loci
247 2553 363 2578 cavos
402 2541 533 2580 studio
568 2542 749 2593 relictos,
787 2548 955 2598 parietes
992 2550 1033 2586 in
1061 2556 1209 2588 tectum
1236 2558 1275 2589 et
1300 2551 1482 2606 deinceps
1509 2554 1552 2592 in
1575 2564 1583 2576 ⁸

130 2603 247 2630 auras
273 2595 510 2638 emitterent.
566 2598 752 2637 Instructi
793 2615 951 2654 quoque
979 2611 1093 2642 erant
1131 2606 1357 2657 patentibus
1390 2607 1552 2646 forami-

130 2644 273 2695 nibus,
303 2650 533 2701 spiraculis,
568 2654 609 2690 in
638 2654 783 2705 quibus
812 2669 908 2693 aura
946 2657 1089 2696 alendo
1119 2660 1199 2712 igni
1216 2663 1436 2701 necessaria
1453 2660 1554 2701 ren-

128 2697 321 2740 tilaretur.
379 2705 582 2758 Tegebant
609 2707 683 2747 hos
712 2709 820 2748 lacus
849 2711 1033 2763 operculo
1060 2713 1188 2753 ferreo
1229 2718 1361 2755 statim
1398 2731 1442 2756 ex
1471 2732 1551 2771 quo
