1884 3132
181 130 257 172 An
299 129 596 175 CONSTANT.
633 132 831 175 PORPH.
870 101 943 175 15ss
968 133 1151 176 cmm.
1194 135 1296 175 mn.
1338 136 1392 175 11.
1433 115 1540 182 641

106 233 258 284 alium,
290 251 413 290 quam
442 237 561 278 vellet
588 245 627 278 et
654 241 828 279 iussisset
857 240 1103 293 Imperator,
1130 254 1210 279 non
1225 239 1420 294 eligebat,
1450 239 1553 279 libo-

107 304 156 334 re
181 298 316 331 tamen
344 291 528 346 eligebat.
584 295 650 334 Sic
691 297 858 333 mimum
901 294 1099 344 ludimus,
1127 309 1285 334 sacrum
1318 295 1385 342 hi,
1417 295 1552 347 profa-

103 359 219 442 nAum⁵
235 346 320 441 a51ii.
385 348 504 387 Conf.
549 349 686 403 Sigon.
727 350 778 389 de
818 364 941 403 regno
971 349 1108 390 Italiae
1146 365 1189 404 p.
1213 364 1281 390 22.
1329 364 1370 389 v.
1402 351 1470 404 49.
1502 349 1553 388 ad

193 457 289 511 327.
309 460 356 499 B.
375 472 415 497 τι.
452 457 572 551 [566,
601 457 676 511 ι5.]
706 457 778 498 ἐπὶ
812 459 888 499 τοῦ
918 458 1225 511 Σολομωντεώυ
1264 455 1436 512 θρόνου.
1493 459 1555 498 Ita

112 511 266 551 dictum
292 511 370 554 fuit
407 515 552 552 soium
572 543 582 562 ‚
616 527 735 566 super
772 529 852 567 quo
880 515 1063 555 sedentes
1112 517 1376 568 Imperatores
1417 514 1557 566 legatis

111 567 256 606 exteris
302 581 419 608 aures
453 567 723 621 praebebant,
754 570 808 608 ob
835 569 971 619 leones
1008 585 1080 624 per
1110 573 1194 610 eius
1228 569 1374 624 gradus
1414 570 1463 608 ad
1494 570 1558 607 in-

110 628 196 661 star
221 621 358 663 throni
405 636 429 662 a
468 623 680 663 Salomone
703 654 716 674 ‚
761 639 853 678 rege
901 625 1093 671 Iudaeae,
1137 626 1227 664 facti
1270 632 1309 664 et
1346 625 1556 677 usurpati,

107 676 305 730 ,utrinque
324 679 548 731 dispositos.
579 678 774 718 Thuanus
802 680 852 718 ad
882 680 992 718 Ann.
1032 680 1146 721 1606.
1179 680 1230 719 de
1257 679 1559 718 Pseudodeme-

111 732 215 783 trio,
241 733 406 774 Russiae
432 741 622 788 tyranno,
651 742 810 781 narrat,
844 735 1043 774 obiectum
1073 738 1178 774 inter
1204 735 1280 774 alia
1310 735 1384 787 ipsi
1412 734 1555 780 fuisse,

111 787 222 842 quod
253 790 432 828 thronum
465 803 521 828 ex
573 799 732 841 argento
771 791 994 829 inam-atum
1039 791 1116 828 sibi
1133 790 1344 840 fabricari
1376 790 1528 827 imm-it
1541 818 1554 838 ,

112 843 220 880 οιιίιιε
252 843 379 882 latera
409 846 494 883 seni
516 845 644 883 leones
678 845 768 883 lu‘nc
815 845 908 883 inde
936 845 1123 898 gradibus
1159 845 1284 883 divisi
1317 844 1555 891 ambiebant,

111 910 192 952 quo
210 898 331 948 sustu
364 899 492 938 nullus
523 899 761 938 decessorum
778 900 925 950 suerat
970 915 1074 939 usus.
1139 900 1280 939 Potuit
1308 900 1349 938 in
1379 898 1458 937 hac
1486 912 1561 951 ap-

116 951 335 1005 pellatione
362 953 482 992 simul
509 967 669 1008 quoque
697 961 851 1006 partem
881 954 1069 994 habuisse
1095 954 1201 994 illius
1229 956 1319 994 aevi
1346 967 1447 1000 mos,
1479 967 1561 1006 quo

118 1007 303 1046 miranda
340 1010 504 1061 quaevis
541 1016 579 1048 et
613 1009 843 1061 spectabilia
870 1023 992 1063 opera
1021 1010 1262 1049 Salomonea
1291 1008 1563 1062 appellabant.

116 1060 180 1100 lta
206 1061 359 1102 Nicetas
394 1064 443 1102 L.
467 1064 538 1104 111.
569 1064 706 1104 lsaacii
738 1064 883 1117 Angeli
901 1094 912 1114 ‚
941 1063 1216 1104 declaraturus
1244 1066 1328 1104 eius
1359 1063 1562 1116 opulenti-

118 1130 186 1155 am
224 1123 264 1157 et
307 1117 530 1171 largitatem
576 1119 618 1158 in
654 1119 931 1159 distributione
962 1120 1111 1173 dapum
1135 1150 1147 1171 ‚
1177 1133 1356 1159 mensam
1384 1118 1459 1172 ipsi
1490 1119 1564 1157 tri-

117 1170 210 1216 buit
226 1171 522 1224 salomoneam‚
539 1174 641 1213 inter
654 1173 731 1214 alia
745 1174 971 1214 thrasoniea
984 1183 1024 1214 et
1038 1175 1260 1228 ampullosa
1270 1175 1405 1214 dicens
1419 1188 1430 1213 ε
1452 1167 1564 1225 εἶχεν

119 1219 309 1278 «itendit,-
346 1225 556 1279 τράπεζαν
604 1227 925 1279 Σολομῶντειον.
951 1232 1006 1270 V.
1041 1231 1108 1269 Du
1145 1231 1280 1283 Cange
1310 1228 1486 1268 Gl.Lat.
1520 1241 1560 1265 v.

119 1279 310 1329 Salomo‚
347 1283 418 1322 ubi
448 1285 551 1322 inter
578 1284 658 1323 alia
686 1285 782 1322 citat
810 1299 854 1323 ex
878 1285 1095 1324 Guilielmo
1124 1283 1454 1332 Bibliothecario‚
1475 1282 1566 1321 Ste-

118 1335 256 1388 phano
287 1338 360 1376 Vl.
385 1337 519 1376 locum
544 1339 653 1378 hune
674 1354 684 1377 :
712 1340 874 1378 contulit
906 1340 1052 1378 ibidem
1070 1342 1302 1378 cantharam
1327 1346 1567 1377 exauratam

120 1404 267 1438 unam,
302 1391 550 1432 Salomonem
585 1408 701 1432 unum
716 1422 729 1442 ‚
764 1409 923 1446 regnum
960 1409 1119 1432 aureum
1147 1408 1262 1432 unum
1294 1407 1381 1430 cum
1408 1392 1568 1444 gemmis

118 1447 407 1499 pretiosis-rinus
442 1455 518 1486 etc.
573 1447 748 1486 Fallitur
785 1448 926 1500 procul
959 1448 1084 1487 dubio
1126 1450 1193 1486 Du
1222 1449 1370 1500 Gange,
1402 1446 1567 1498 quando

125 1498 204 1539 hoc
230 1502 274 1539 in
301 1500 390 1540 loco
416 1501 670 1541 Salomonem
698 1502 918 1555 significare
945 1504 999 1541 ait
1028 1503 1175 1541 librum
1203 1502 1450 1549 Salomonis,
1472 1500 1568 1539 Pro-

125 1555 264 1594 ven-bia
299 1555 429 1606 forte,
467 1564 536 1596 aut
575 1557 722 1602 alium,
759 1564 800 1595 et
826 1572 987 1610 regnum
1015 1557 1139 1596 libros
1166 1558 1337 1610 Regum.
1393 1556 1569 1606 Regnum

126 1617 188 1650 est
213 1623 362 1650 corona
382 1641 395 1663 ‚
425 1611 476 1651 de
502 1626 583 1666 qua
599 1612 886 1666 significatione
905 1611 1002 1652 alias
1029 1614 1216 1666 agimus;
1241 1611 1406 1651 Salomo
1434 1616 1570 1648 autem

722 1677 800 1700 m,

118 1708 235 1762 ‘idem
272 1718 331 1750 est
369 1718 490 1764 atque
527 1711 676 1750 amula.
719 1697 799 1769 μ’*
829 1719 888 1751 est
914 1711 1032 1750 situla
1080 1705 1281 1760 μὸνωτος.
1357 1710 1431 1749 Est
1473 1722 1569 1763 ergo

130 1788 207 1814 vox
235 1775 424 1814 Arabica.
478 1777 540 1815 Ex
569 1776 695 1816 altero
720 1785 852 1816 autem
867 1807 876 1822 ,
908 1791 1028 1829 quem
1056 1776 1123 1814 Du
1150 1775 1283 1828 Gange
1307 1777 1484 1829 proxime
1511 1776 1570 1812 ci-

127 1838 210 1879 tat,
240 1829 330 1869 loco
346 1832 783 1885 MonastieiAnglieani
812 1832 957 1870 clarius
983 1838 1103 1884 patet,
1131 1831 1263 1868 medio
1291 1844 1390 1869 aevo
1419 1831 1596 1882 pretio-.

129 1902 173 1927 sa
201 1894 241 1926 et
267 1886 479 1925 artificiosa
513 1900 695 1939 quaeque
731 1901 851 1940 opera
879 1886 1156 1925 Salomoniaca
1184 1883 1374 1937 appellari
1402 1897 1572 1923 consue-

23 1934 26 1937 ⁴
62 1952 65 1954 ‘
130 1944 249 1982 visse.
303 1941 377 1980 Est
404 1948 538 1979 autem
563 1939 655 1980 ille:
685 1943 783 1981 duas
808 1950 974 1996 patenas
991 1949 1192 1992 argenteas
1220 1953 1306 1977 Cum
1335 1940 1482 1978 duobus
1502 1952 1572 1976 ια·-

129 1997 248 2036 ceolis
276 1996 562 2050 pretiooeksimis
599 2010 654 2035 ex
680 1997 859 2051 operibus
905 1996 1143 2034 Salomonis.
1203 1995 1387 2032 Tertium
1406 2023 1418 2041 ‚
1450 2007 1573 2045 quem

131 2051 307 2099 ibidem,
335 2050 406 2088 sed
443 2052 712 2101 contractius,
759 2051 1015 2100 integriorem
1056 2049 1131 2088 sub
1176 2063 1273 2088 voce
1312 2050 1481 2087 Fortera
1524 2061 1572 2086 ex

132 2106 300 2146 Antonii
342 2105 476 2157 Yepez
525 2105 726 2144 Chronico
774 2105 878 2145 Ord.
923 2105 965 2143 S.
994 2104 1197 2143 Benedicti
1225 2105 1345 2151 citat,
1376 2116 1458 2142 non
1485 2115 1572 2154 pos·-

128 2175 225 2201 sum
262 2160 390 2198 facere
417 2161 514 2212 quin
540 2159 752 2199 illustrem.
822 2159 1011 2199 Vendunt
1042 2160 1131 2197 illos
1164 2172 1279 2196 vasos
1311 2159 1380 2196 vel
1390 2158 1574 2210 jbrteras

131 2215 446 2255 Salomonaticas
470 2216 514 2252 in
542 2216 706 2268 duplum
733 2230 810 2268 pro
838 2216 954 2269 plata
973 2244 983 2260 ,
1022 2223 1062 2252 et
1091 2214 1183 2251 illas
1212 2214 1314 2250 alias
1335 2213 1407 2250 illo
1434 2211 1574 2250 valen-

132 2281 170 2310 te
184 2300 196 2320 ‚
231 2279 271 2309 et
298 2279 375 2308 toto
389 2270 518 2322 pretio
550 2269 694 2308 donent
717 2270 820 2308 illud
857 2270 915 2307 ad
945 2269 1050 2306 dona
1085 2268 1216 2306 Auria
1252 2275 1289 2304 et
1319 2267 1393 2304 illa
1416 2267 1574 2320 dispen-

133 2325 208 2364 dat
235 2325 339 2363 illud
365 2324 407 2362 in
434 2337 555 2377 opera
581 2324 631 2361 de
668 2323 714 2361 S.
758 2325 896 2362 Maria
927 2337 1005 2376 pro
1034 2337 1121 2361 mea
1152 2323 1312 2369 anima,
1346 2329 1383 2359 et
1406 2321 1457 2359 de
1489 2334 1574 2360 meo
1605 2363 1607 2365 ,

134 2381 298 2422 seniore.
354 2379 401 2416 In
429 2378 491 2416 his
515 2377 742 2416 -barbarieis
777 2380 868 2416 vasi
893 2377 1028 2415 valent
1057 2390 1178 2428 opera
1210 2389 1331 2414 aurea
1362 2382 1403 2413 et
1431 2389 1574 2428 argen-

136 2440 199 2473 tea
230 2432 380 2473 caelata
401 2440 440 2470 et
459 2433 640 2485 pretiosa.
670 2433 857 2470 Forterae
883 2439 1016 2470 autem
1044 2445 1115 2483 per
1142 2430 1488 2483 transpositionem
1510 2430 1576 2467 di-

141 2495 227 2527 ctae
254 2494 347 2526 sunt
374 2502 447 2539 pro
458 2489 642 2538 sotrerae
670 2485 734 2524 vel
751 2488 972 2537 fodr-erae,
987 2487 1191 2536 fhtcrrz'res
1207 2514 1218 2531 ‚
1261 2483 1399 2537 panset
1411 2484 1574 2537 pretiosi

139 2542 306 2581 sodex-ati
327 2571 339 2591 ‚
377 2542 548 2594 pellibus
575 2543 751 2580 murium
790 2543 1034 2579 exoticorum
1061 2540 1241 2592 pretiosis
1277 2546 1317 2578 et
1357 2538 1574 2577 unionibus

142 2599 285 2635 ornati.
341 2597 449 2635 Haec
476 2597 768 2635 Salomonatica
796 2595 968 2647 appellat
995 2596 1070 2632 ista
1102 2594 1257 2642 charta,
1286 2594 1395 2646 quod
1422 2601 1462 2632 et
1480 2607 1573 2646 pre-

143 2652 201 2688 tio
227 2664 361 2689 rerum
387 2652 629 2690 exoticarum
658 2658 697 2689 et
728 2650 895 2688 artifieio
923 2650 1220 2701 compositionis
1248 2655 1375 2687 essent
1401 2662 1490 2687 rara
1519 2655 1574 2686 at-

145 2719 224 2756 que
250 2704 494 2755 admiranda,
523 2713 563 2745 et
589 2707 693 2753 viro,
723 2704 852 2757 qualis
877 2704 1037 2744 Salonio
1063 2711 1159 2743 tunc
1179 2704 1370 2756 temporis
1397 2702 1572 2743 habeba-

193 2781 455 2817 comtanzinus
479 2783 653 2830 Porphyr.
685 2783 762 2817 Vol.
787 2783 835 2817 ΙΙ.
1265 2780 1305 2825 4ι
