1832 3126
186 192 264 238 An
299 160 617 239 consa-ms
638 194 837 239 Pomm.
876 195 949 237 DE
982 195 1163 239 cmm.
1201 198 1302 239 un.
1340 197 1375 238 1.
1426 179 1534 253 ¹49

89 308 168 350 pro
189 296 407 338 indicativo
433 303 629 351 usurpat,
658 303 729 336 aut
750 297 884 351 potius
911 310 947 336 ω
976 303 1016 336 et
1036 309 1086 335 ov
1108 298 1335 352 promiscue
1355 296 1502 338 habent
1516 327 1529 347 ‚

89 359 139 392 ut
162 353 291 407 patuit
314 352 436 391 modo
461 353 505 392 in
533 351 818 404 ἄρτοπουλῶν.

201 407 248 446 C.
270 406 313 447 8.
332 406 424 462 [51‚
449 405 534 460 ιι]
570 401 597 458 ἦ
625 403 838 458 ἀναίρεσις
861 405 944 445 ταῖν
970 405 1045 458 τῆς
1060 397 1213 459 Ἅγαρ.
1266 405 1404 447 Simile
1428 406 1529 448 illud

91 459 369 512 Francorum,
402 462 446 501 ni
469 461 603 511 fallor,
628 460 680 500 de
702 460 895 500 losselino
918 461 1222 502 Corteniacense
1238 490 1251 514 ,
1279 476 1384 503 mors
1402 463 1530 519 palli-

91 515 150 556 da
175 516 476 556 Samoenonan.

197 570 427 625 C.10.[5¹‚
453 567 538 623 ι4.]
573 565 657 623 ἔτη.
712 570 771 609 Μ.
803 570 927 611 deest.

146 626 214 665 52.
229 625 284 664 A.
299 638 339 664 2.
355 625 446 680 [52‚
468 624 532 678 5.]
565 623 806 677 α’ντίπασχα
875 627 949 665 Est
976 625 1176 665 dominica
1207 627 1387 679 proxima
1415 642 1440 667 a
1467 628 1528 668 fe-

87 686 153 720 sto
178 679 408 727 Pasehatss,
436 679 532 719 alias
556 681 600 719 in
622 681 723 719 albis
736 709 747 727 ‚
791 679 856 720 vel
882 682 1234 736 quasimodogeniti
1254 682 1375 721 dicta.

194 734 242 774 Β.
265 733 305 774 5.
330 734 421 789 [52‚
446 733 532 788 15.]
564 738 754 787 νεουργεῑ·
772 733 857 774 καί.
913 737 973 774 Μ.
1003 736 1113 774 deest
1138 735 1281 789 copula
1296 766 1308 786 ‚
1345 750 1427 790 quo
1451 736 1526 777 ali-

32 810 36 814 ·
86 796 239 843 quanto
274 789 549 829 vehementior
583 789 629 828 fit
655 791 798 829 oratio.
856 789 924 829 Ad
961 789 1183 842 ἐγκαινίζει
1227 790 1471 830 trahendum
1502 807 1525 831 e

82 844 338 898 sequentibus
374 858 587 884 commune
628 841 706 897 τὴν
755 844 1009 897 οἰκουμένην.
1065 845 1236 900 Spiritm
1269 855 1421 885 sanctus
1448 861 1528 901 per·

83 913 172 938 eum
197 901 331 939 initiae
354 908 474 939 totum
496 899 709 953 numdmn,
734 901 778 940 in
797 899 917 939 rebus
945 900 1062 939 novis
1088 908 1128 939 et
1158 900 1348 950 insuetis,
1379 902 1422 940 in
1440 902 1524 941 vita

83 966 196 994 nova
221 955 440 994 constituit.

28 1048 29 1051 ,
193 1009 241 1049 Β.
262 1008 419 1064 penult.
437 1008 526 1064 [53,
553 1007 618 1063 1.]
642 1008 883 1063 παντευχίᾳ.
922 1008 1097 1049 Videtur
1114 1008 1358 1050 vocabulum
1386 1025 1410 1050 a
1438 1009 1524 1049 πᾶν

83 1077 223 1128 omne,
269 1061 508 1159 ‘tiit-tadlfftiv
541 1065 714 1118 sacer-e,
757 1066 1019 1121 compositum
1049 1077 1132 1106 esse
1149 1096 1161 1114 ‚
1199 1073 1320 1119 atque
1345 1066 1523 1120 omnipo—

78 1127 242 1159 temtum
297 1133 334 1159 ei
355 1133 392 1159 si
448 1134 459 1157 1
489 1133 595 1159 care.

189 1174 248 1227 D:
268 1188 310 1214 2.
330 1132 533 1231 [533'012]
564 1173 955 1226 μεσοπεντηκοστῆς.
1011 1174 1107 1214 Dies
1143 1176 1333 1229 vigesima
1378 1175 1521 1229 quinta

84 1242 110 1268 a
137 1228 292 1269 Pascha
307 1259 320 1280 ‚
366 1229 431 1270 vel
468 1229 568 1269 seria
610 1236 752 1282 quarta
782 1230 1024 1283 septimanae
1050 1237 1215 1283 quartae
1239 1237 1329 1284 post
1354 1229 1517 1282 pascha.

79 1283 128 1335 Ἴ
139 1282 399 1341 neumam
444 1283 819 1336 μεσοπεντηκοστῆς
859 1292 1105 1324 memoratur
1132 1286 1278 1340 Georg.
1319 1285 1520 1323 Monacho

85 1352 130 1393 p.
155 1338 250 1390 556.
306 1340 390 1378 Leo
416 1340 459 1378 in
488 1353 536 1379 ea
564 1338 799 1378 vulneratus
823 1341 949 1392 ipsam
980 1339 1203 1393 abrogavit.
1262 1339 1330 1379 Ad
1359 1339 1403 1378 S.
1435 1340 1520 1378 Mo·

85 1394 140 1432 cii
166 1393 445 1432 instituebatur
472 1408 515 1447 p.
536 1392 632 1445 464.
689 1394 964 1447 Chrysostomi
1000 1397 1131 1434 oratio
1159 1395 1201 1435 in
1230 1407 1521 1446 μεσοπειτηκο·

84 1443 194 1500 στῆν
221 1447 394 1487 habetur
419 1447 526 1501 apud
554 1447 837 1487 Lambeccium
873 1450 965 1488 cod.
995 1449 1063 1500 4ο.
1094 1464 1138 1488 n.
1165 1448 1283 1501 20.]*
1314 1449 1375 1487 Ut
1400 1461 1518 1498 μεσο-

82 1499 335 1553 πεντηκοστῆ
364 1503 510 1542 dicitur
535 1502 739 1542 dimidiate
765 1517 840 1556 pro
865 1502 974 1555 μέση
1003 1503 1081 1542 τοῦ
1107 1501 1322 1555 πάσχατος
1347 1502 1419 1540 καί
1443 1502 1519 1554 τῆς

83 1556 383 1608 πεντηκοστῆς,
418 1558 481 1596 ita-
504 1571 665 1610 quoque
704 1553 730 1610 ἢ
766 1558 874 1609 μέση
914 1558 994 1596 τοῦ
1026 1552 1240 1607 πάσχατος
1267 1557 1414 1595 dicitur
1442 1569 1520 1608 pro

83 1610 224 1649 eodem
253 1612 431 1664 integro,
462 1620 532 1651 aut
555 1611 665 1664 quod
695 1618 825 1650 totum
853 1618 1010 1664 tempus
1038 1613 1143 1650 inter
1166 1611 1318 1650 Pascha
1348 1617 1388 1649 et
1416 1609 1517 1648 Pen-

80 1672 259 1705 teoosten
286 1666 535 1706 intercedens
564 1665 720 1705 Pascha
750 1667 969 1718 diceretur3
1005 1672 1046 1704 et
1073 1667 1159 1720 ipsa
1182 1666 1415 1707 Pentecoste
1435 1679 1516 1720 pa-

80 1722 174 1760 aelia
199 1730 347 1760 rosata.
405 1722 503 1761 Vid.
523 1719 593 1762 Du
609 1721 741 1774 Cange
758 1720 802 1759 h.
823 1734 864 1760 v.

74 1791 79 1796 ·
189 1775 246 1815 D.
265 1790 359 1829 pen.
379 1775 470 1830 [53,
492 1774 578 1829 16.]
607 1772 646 1815 οἱ
673 1775 844 1827 βένετοι.
896 1775 956 1814 Μ.
986 1771 1025 1813 οἱ
1050 1773 1128 1824 μὲν
1152 1774 1326 1826 βένετοι.

133 1829 204 1870 33.
221 1831 333 1871 A.2.
350 1831 439 1886 [53,
466 1830 552 1885 ¹9·]
578 1825 726 1883 βρύειν
751 1826 928 1880 νάματα.
982 1830 1147 1870 Veteres
1170 1826 1315 1881 βλύειν
1334 1828 1514 1882 hequen·

82 1884 248 1933 tabant,
281 1890 376 1926 novi
405 1893 539 1926 autem
564 1899 680 1938 saepe
710 1899 734 1937 ρ
768 1892 808 1924 et
833 1886 858 1923 λ
885 1891 1131 1937 permutant.
1187 1884 1283 1922 vid.
1313 1883 1511 1923 Themist.

82 1953 175 1995 pag.
207 1940 302 1980 260.
330 1941 386 1980 A.
414 1956 457 1996 9.
490 1941 555 1980 ed.
591 1940 790 1980 Harduin.
822 1946 862 1979 et
890 1940 1061 1993 Procop.
1091 1939 1248 1978 Anecd.
1275 1953 1319 1992 p.
1345 1937 1413 1985 85,
1440 1939 1508 1978 31.

192 1994 249 2034 Δ.
270 1994 312 2047 4.
333 1995 424 2051 [53‚
445 1995 535 2050 2¹.]
581 1993 825 2047 δροσίζεσθε
864 1994 942 2032 τοῦ
959 2018 981 2024 -
1000 2017 1020 2024 -
1037 2026 1048 2037 .
1106 1993 1236 2032 Credo
1277 1997 1338 2039 sic,
1369 1993 1512 2032 distin-

85 2049 291 2102 gu-dum
318 2065 403 2090 aese
430 2051 538 2090 hunc
565 2049 715 2090 locum:
771 2048 1031 2100 δροσιζεσθε.
1095 2047 1181 2087 Τοῦ
1206 2042 1439 2096 πνεύματος
1455 2067 1513 2080 --ι

79 2101 199 2157 πόμα
224 2102 278 2144 τὰ
305 2101 447 2159 πλήθη
470 2129 493 2139 -
517 2129 540 2137 -
559 2105 704 2162 populi
728 2104 924 2193 laetangtr
944 2104 1108 2143 hibentes
1129 2111 1265 2157 potum
1281 2103 1453 2157 spzrims.
1535 2134 1538 2137 Α

143 2212 153 2221 ’
188 2203 244 2244 A.
265 2219 308 2260 9.
330 2204 422 2260 [54,
441 2205 505 2260 5.]
536 2201 668 2252 τόνδε.
720 2207 780 2246 Μ.
806 2218 891 2254 τον,
924 2203 1032 2260 quod
1050 2203 1181 2245 nescio
1209 2197 1255 2241 τὸ
1286 2198 1512 2254 δρομικὸν,

80 2271 135 2298 an
161 2258 272 2299 aliud
304 2261 401 2313 quid
426 2261 537 2301 velit.
1359 2277 1364 2280 ·

188 2313 266 2354 A.1
279 2329 292 2353 ι
304 2343 316 2354 .
330 2315 419 2370 [54,
436 2316 500 2371 5.]
531 2311 820 2370 παρᾆησιάζει.
873 2314 947 2354 Est
966 2322 1035 2354 aut
1050 2327 1124 2368 pro
1142 2306 1410 2365 παρ’ῥησιᾰζῃ
1428 2325 1509 2351 mor

79 2381 126 2407 re
161 2366 315 2409 librarii
351 2385 377 2423 η
402 2377 444 2410 et
469 2384 507 2409 ει
532 2373 754 2424 promiscue
794 2369 974 2410 habentis
988 2399 999 2419 ‚
1047 2376 1117 2407 aut
1157 2367 1389 2406 Atticismus
1420 2373 1479 2404 est
1493 2395 1507 2416 ,

81 2437 202 2486 qqem
240 2431 375 2466 tamen
412 2427 455 2466 in
483 2424 561 2467 hoc
588 2427 751 2482 quidem
779 2425 884 2465 libro
908 2426 973 2464 vix
1003 2422 1298 2476 quaesiverim,
1340 2421 1406 2459 vix
1435 2421 1508 2463 ad-

80 2485 251 2519 nuttam.

186 2531 417 2590 Λ.η.[54,
433 2533 500 2590 6.]
526 2533 810 2590 ἄφθανασιῖκς.
863 2534 929 2577 Μ.
971 2526 1215 2587 ἅφθασάις,
1268 2529 1377 2571 unde
1403 2529 1505 2571 effici

81 2585 201 2627 debet
224 2586 471 2641 ἀφθαρσίας
496 2597 566 2630 aut
588 2590 807 2644 α’φθισίας.

188 2642 236 2680 Β.
254 2643 295 2683 5.
318 2642 405 2698 [54,
428 2643 492 2699 8.]
522 2642 731 2695 θαυμάζει
756 2644 844 2694 μὲν,
900 2643 998 2683 Post
1026 2641 1125 2683 haec
1152 2641 1278 2681 verba
1298 2639 1507 2682 inserenda

80 2707 109 2758 ⁴3
131 2697 370 2739 membranis
388 2729 399 2746 ‚
435 2713 536 2753 quae
558 2700 813 2749 exciderunt,
843 2699 956 2738 haec:
989 2691 1036 2739 οὖ
1055 2693 1306 2750 enimam}
1333 2696 1508 2749 γνῶναι,

83 2761 147 2793 Οτι
171 2751 226 2807 σῇ
253 2751 512 2808 ἐξείργασται
544 2753 674 2812 σοφίᾳ
706 2752 853 2794 πάντα.
