1832 3126
220 169 294 211 An
341 166 639 212 consum.
675 166 873 208 ponpa.
913 166 985 206 m:
1023 161 1204 208 cmm.
1243 165 1343 206 Lm.
1385 168 1419 207 1.
1474 145 1575 218 187

254 272 388 312 Πᾶσα
415 265 684 323 διαστράπτει
707 267 869 322 χρυσέη
896 264 1049 315 motez.
1101 267 1148 307 ἓν
1173 263 1255 320 γὰρ
1288 265 1422 322 ἐκείνῃ

256 323 410 380 Τρητὸς
435 325 659 372 λεπταλέος
685 323 784 378 περὶ
808 322 972 375 νήματα
997 319 1160 376 χρυσὸς
1186 317 1370 373 ἑλιχθείς

251 377 472 433 Σχήμασιν
499 374 529 432 ἢ
555 380 740 432 σωλῆνος
763 375 924 428 ὄμοίῖος
950 371 978 431 ἦ
1003 391 1115 424 τινος
1143 375 1281 416 αὐλοῦ
1395 392 1397 396 ’

249 436 434 488 Δέσμιος
459 429 696 487 ἱμερόεντος
721 430 926 486 ἐρεέδεται
952 430 1087 482 ὑψόθι
1122 430 1282 471 πέπλου

241 487 482 544 Ὀξυτόροις
509 487 742 544 ῥαφίδεσσι
769 486 908 534 δεθεὶς
932 487 1007 526 καὶ
1031 484 1189 539 νήμασι
1217 484 1376 540 Σηρῶν.

142 555 278 602 Habes
304 561 372 601 hic
399 558 601 615 cylindros
632 558 733 598 forte
759 557 909 612 ligneas
926 587 937 605 ‚
970 565 1041 597 aut
1068 558 1200 610 potius
1219 569 1478 610 pergamenas
1497 568 1580 610 per·

149 631 271 670 quam
298 614 463 670 graciles
480 644 492 666 ‚
523 614 703 668 'primum
729 612 805 653 filis
834 613 990 662 sericis,
1035 613 1128 652 dein
1159 612 1287 651 aureis
1314 612 1582 652 circumvolu-

142 678 229 722 tas,
267 677 308 710 et
336 670 412 710 filis
439 669 573 710 scricis
601 669 652 708 ad
677 671 798 709 vestis
830 682 943 708 oram
970 669 1026 707 ita
1055 674 1208 706 assutas
1221 697 1233 717 ,
1278 674 1325 705 ut
1355 665 1480 706 libere
1510 668 1580 706 de-

140 725 360 780 pendentes
386 723 627 765 oscillarent.
683 724 813 765 Alteri
837 730 973 762 tamen
1001 736 1160 777 quoque
1193 723 1444 761 coniecturae
1470 722 1580 761 haud

94 790 98 794 '
143 795 272 835 pauca
300 779 451 820 favent.
507 779 600 820 Non
626 787 784 820 tantum
811 793 898 819 mos
923 778 1142 819 hodiernus
1169 777 1434 817 foeminarum
1462 777 1582 816 Grae·

144 849 284 875 carum
310 842 439 876 vestes
467 832 742 887 στολιδωτὰς,
771 841 958 888 rugatas,
997 833 1134 874 multis
1161 832 1274 886 plicis
1301 832 1511 871 artificiose
1537 834 1580 871 in

139 891 284 930 ‘seriem
304 890 532 945 compositis
558 890 701 931 divites
730 889 937 945 gestandi,
974 892 1099 939 (teste
1126 888 1275 942 Sponio
1305 888 1358 927 T.
1378 888 1414 927 l.
1443 902 1485 940 p.
1509 886 1578 939 41.

142 945 282 997 ltin.‚)
320 945 389 986 sed
416 946 536 985 etiam
559 945 748 1000 imagines
777 953 955 993 veteres,
986 951 1026 984 et
1051 947 1094 984 in
1121 943 1185 984 his
1212 942 1282 982 illa
1308 943 1577 990 Famesiana,

142 1003 300 1055 egregio
327 1001 612 1041 commentario
638 1016 768 1056 nuper
793 1001 845 1042 ab
872 999 1139 1040 eruditissimo
1158 999 1339 1038 Corsinio
1366 997 1580 1048 illustrata,

144 1055 360 1096 Herculem
376 1055 564 1096 exhibens
580 1071 662 1096 non
690 1053 765 1096 τὸν
795 1051 1135 1106 ἀναπαυόμενον,
1156 1056 1449 1110 requiescentem
1467 1083 1480 1104 ‚
1510 1053 1580 1092 sed

143 1106 216 1150 τὸν
243 1106 528 1162 ἆναπλόμενον
554 1110 599 1160 ἐξ
618 1106 743 1166 ᾅδου,
775 1126 830 1151 ex
855 1112 992 1164 itgseris
1017 1119 1296 1159 revenerztem5
1341 1109 1384 1148 in
1411 1123 1492 1162 qua
1517 1115 1579 1148 ta-

140 1164 238 1204 bula
265 1165 571 1206 sacrificantium
598 1167 770 1206 duarum
797 1166 1062 1206 foeminarum
1088 1172 1217 1206 vestes
1243 1165 1347 1204 miro
1374 1165 1495 1204 modo
1509 1164 1579 1217 pli-

139 1226 250 1260 catae
283 1221 595 1276 conspiciuntur.
652 1221 856 1262 Fraudem
894 1229 1030 1261 tamen
1071 1222 1115 1260 in
1157 1234 1204 1261 ea
1238 1220 1401 1274 quidem
1438 1219 1581 1259 tabula

138 1273 386 1316 Farnesiana
416 1277 665 1317 commissam
692 1291 834 1317 cavere
859 1276 986 1317 nolim
1002 1305 1015 1327 ‚
1052 1290 1174 1329 quam
1202 1289 1305 1330 quae
1332 1275 1502 1328 prodere
1518 1276 1580 1314 vi-

137 1329 339 1382 deantur,
366 1339 451 1371 'non
477 1331 634 1372 desunt.
691 1333 746 1372 V.
780 1332 948 1372 Salmas.
980 1331 1031 1371 ad
1057 1331 1231 1371 Tertull.
1261 1345 1304 1384 p.
1330 1329 1457 1382 334„
1507 1330 1579 1369 ubi

139 1386 196 1423 ait
222 1399 341 1440 rugas
368 1385 456 1425 illas
482 1389 654 1427 vestium
690 1388 733 1426 in
760 1388 874 1427 strias
911 1387 1103 1427 deductas
1138 1394 1177 1426 et
1215 1386 1420 1426 ordinatas
1458 1385 1580 1424 fuisse

137 1440 344 1492 σωλῆνας,
376 1442 541 1492 tubulos,
573 1456 597 1481 a
625 1442 788 1482 Graecis
815 1442 941 1482 dictos
956 1471 968 1492 ‚
998 1442 1182 1495 ipsasque
1207 1441 1307 1480 tales
1336 1447 1465 1480 vestes
1492 1453 1579 1479 σω-

135 1491 323 1546 ληνωτάς
348 1502 389 1534 et
416 1493 693 1547 στολιδωτὰς,
721 1498 818 1536 item
846 1497 1038 1535 tubulatus
1062 1503 1102 1536 et
1127 1497 1340 1549 striglatas.
1396 1496 1452 1534 V.
1474 1494 1579 1533 insta

138 1562 183 1600 p.
210 1548 306 1600 534.
335 1550 382 1588 B.
410 1549 476 1601 5.‚
505 1550 577 1589 ubi
606 1548 753 1597 αἐτοὺς
783 1547 1047 1603 πολυγύρους
1073 1551 1255 1590 nominat
1281 1550 1448 1601 Noster,
1476 1562 1579 1601 quos

138 1615 164 1642 a
190 1605 343 1658 rugatis
369 1603 433 1644 his
461 1605 638 1645 vestibus
665 1605 844 1645 diversos
879 1606 999 1644 fuisse
1034 1619 1119 1645 non
1146 1613 1260 1660 puto.
1318 1603 1435 1643 Talia
1470 1604 1577 1657 peri-

137 1665 294 1698 zomata
327 1659 425 1714 [nos
452 1659 665 1700 Scla'irtzen
678 1690 690 1711 ,
731 1660 878 1700 Franci
904 1660 1178 1710 devanteauoe,
1219 1661 1443 1700 denunciet-s
1457 1689 1468 1710 ‚
1506 1673 1577 1712 ap-

133 1712 311 1767 pellant]
350 1714 536 1756 mulieres
564 1730 664 1755 aevo
692 1716 824 1755 medio
852 1722 1023 1767 gestasse
1049 1715 1285 1769 intelligitur
1313 1729 1335 1754 e
1361 1714 1576 1753 Vincentio

132 1767 403 1810 Bellovaoensi
438 1770 558 1823 Spec.
586 1771 692 1811 Hist.
721 1772 770 1810 L.
805 1771 939 1811 XXX.
968 1785 1006 1810 c.
1028 1769 1116 1810 85.=
1147 1772 1254 1810 aliae
1290 1770 1467 1808 mulieres
1505 1769 1574 1808 bo-

132 1837 332 1877 quet-anno
358 1827 490 1865 stricto
526 1826 594 1866 sub
628 1826 784 1879 cingulo
822 1827 952 1865 multis
973 1826 1092 1880 plicis
1118 1827 1318 1865 sumtuosis
1355 1833 1514 1879 operato
1538 1832 1579 1862 ec

132 1887 288 1918 consuto
324 1882 553 1920 vestiuntur.
610 1881 665 1919 V.
694 1883 763 1920 Du
791 1880 923 1934 Cange
952 1895 993 1920 v.
1035 1881 1319 1935 Buqzoeranmts
1332 1909 1343 1927 ‚
1391 1893 1495 1933 quae
1521 1878 1575 1917 si-

135 1933 296 1985 gnificat
327 1933 488 1988 ἐσθῆτα
520 1931 602 1974 α’πὸ
634 1934 808 1985 ζωδίων.
863 1937 1073 1989 Originem
1091 1935 1188 1975 alibi
1217 1935 1373 1974 damus.
1430 1932 1469 1972 A
1484 1934 1574 1984 sal·

133 1988 183 2025 tis
221 1988 293 2040 (id
329 1996 389 2028 est
430 2005 613 2030 sermone
641 1991 881 2030 Germanico
908 1991 1020 2045 plicis
1047 1990 1113 2030 vel
1141 1991 1274 2044 rugis)
1318 1987 1573 2044 appellabant

133 2041 231 2082 olim
247 2042 328 2098 *has
354 2051 481 2085 vestes
496 2046 632 2098 saltas
659 2053 699 2085 et
711 2047 909 2099 falcones.
967 2046 1179 2088 Kilian'us:
1208 2045 1348 2096 Falce,
1376 2043 1456 2098 [sic
1489 2042 1568 2096 leg.

130 2111 214 2136 non
239 2098 397 2152 salie,]
431 2102 550 2154 palla
589 2102 720 2153 cyclus
736 2132 748 2150 ‚
791 2104 910 2140 vestis
948 2102 1147 2140 nutliebris
1173 2109 1294 2140 totum
1320 2113 1459 2153 corpus
1484 2112 1572 2136 am-

131 2151 263 2203 biens5
303 2154 463 2207 qualem
490 2170 556 2195 me
592 2157 809 2196 admodum
841 2156 1056 2209 puerulum
1095 2158 1138 2196 in
1179 2155 1326 2209 oppido
1360 2154 1491 2207 patrio
1518 2152 1572 2192 ab

133 2220 215 2246 anu
244 2215 437 2261 gestatam
476 2210 573 2250 olim
601 2212 748 2252 vidisse
776 2212 909 2251 adhuc
936 2212 1131 2263 memini;
1172 2211 1282 2250 unde
1307 2222 1466 2250 necesse
1492 2214 1569 2258 est,

131 2268 178 2300 ut
203 2270 367 2315 patrum
403 2279 650 2320 avorumque
677 2275 912 2308 nostrorum
938 2267 1130 2307 memoria
1158 2265 1249 2306 talis
1276 2265 1395 2304 vestis
1422 2262 1464 2302 in
1491 2277 1571 2302 usu

133 2325 248 2357 esset.
307 2318 578 2373 Appellabant
618 2321 727 2362 illam
758 2322 961 2377 cycladem
988 2323 1067 2361 mei
1096 2322 1202 2361 cives
1245 2321 1331 2360 eine
1365 2318 1570 2366 Schwabe,-

129 2369 236 2412 forte
275 2388 300 2412 a
339 2376 530 2426 schieben,
582 2379 973 2418 zusammensclzieben
987 2407 998 2423 ‚
1043 2377 1276 2426 συνωθεῖν,
1320 2374 1566 2427 constipare,

133 2429 228 2479 ‘luia
263 2427 392 2482 plicae
434 2431 478 2469 in
505 2430 651 2472 talibus
685 2433 863 2472 vestibus
902 2431 1104 2472 confertae
1118 2461 1130 2482 ,
1176 2430 1418 2483 constipatae
1455 2434 1566 2467 sunt.

132 2479 245 2546 Alias
281 2485 500 2538 reperimus
539 2487 736 2527 vocabula
773 2488 951 2527 eiusdem
993 2486 1156 2539 originis
1191 2492 1232 2525 et
1271 2482 1568 2538 significationis

129 2549 308 2588 cemma,
347 2554 509 2590 crimea,
551 2557 712 2592 crosna,
753 2557 889 2582 crocea
919 2549 959 2582 et
996 2555 1144 2580 crosea.
1203 2541 1351 2580 Omnia
1376 2553 1401 2579 a
1427 2552 1564 2587 cram,

133 2591 240 2653 quod
267 2593 380 2634 nobis
407 2597 576 2651 crispum
606 2605 749 2649 notat3
788 2597 896 2636 unde
923 2611 1084 2650 quoque
1115 2596 1262 2636 Geor-6³
1289 2608 1382 2635 cum
1409 2606 1566 2633 mesen-

133 2649 276 2686 tenum
314 2656 355 2687 et
380 2664 551 2703 appensa
579 2654 653 2705 ipsi
680 2653 867 2692 intestina
895 2652 948 2691 ob
974 2650 1215 2704 multiplices
1251 2664 1390 2690 eorum
1418 2661 1537 2703 gyros
1549 2675 1566 2695 ,

132 2700 310 2741 tumilla
336 2703 549 2746 finissimae
577 2707 679 2746 telae
714 2707 996 2747 cameracensis
1025 2713 1249 2749 assumente
1277 2707 1407 2758 crispa
1422 2732 1435 2754 ,
1463 2715 1566 2763 quae}

134 2765 212 2798 una
238 2769 328 2796 cum
355 2759 532 2812 ipsomm
562 2761 724 2817 fulcris,
756 2762 920 2806 indusiis
948 2761 1032 2810 lino
1061 2761 1292 2806 candidiore
1320 2758 1457 2807 factis,
1487 2756 1564 2799 viri
