1884 3132
367 151 478 207 366
672 171 743 214 10.
784 170 891 215 1AC.
930 174 1122 217 Rssisxn
1161 173 1535 221 COMMENTARH
1579 204 1581 206 -

368 288 462 322 στος
492 270 641 323 κλάδος
672 286 945 330 memoratur-3
976 281 1088 318 cuius
1115 279 1299 321 dictionis
1320 282 1497 337 exempla
1553 283 1642 326 lura
1671 295 1710 327 et
1730 289 1797 329 ille

367 331 424 370 ibi
454 331 575 370 habet
615 339 654 371 et
685 333 752 371 Du
789 334 923 388 Cange
951 348 992 373 v.
1034 335 1445 390 Hopfpvyoye'rvrytog.
1554 340 1698 381 lterum
1737 352 1798 383 est

367 386 555 425 formatio
598 385 910 440 συνομόθρονας
948 403 1021 442 pro
1051 386 1407 443 συνομοθρόνους,
1449 400 1638 448 tanquam
1665 398 1698 436 si
1722 412 1796 437 no-

367 443 585 481 minativus
631 450 730 482 esset
757 439 1042 496 συνομόθρων.
1099 447 1287 498 Magnam
1315 447 1390 486 sibi
1419 447 1617 489 licentiam
1645 453 1686 491 in
1714 452 1797 492 for-

366 497 523 536 mandis
548 505 687 538 contra
714 499 868 552 regulas
910 501 1184 553 grammaticas
1225 501 1407 554 vulgares
1433 505 1659 546 nominibus
1687 522 1800 548 arro-

370 559 515 606 garunt
542 566 623 592 non
662 561 818 592 tantum
854 555 971 602 novi,
1003 555 1071 608 qui
1102 555 1177 595 hoc
1205 557 1243 595 in
1274 572 1415 610 genere
1450 561 1563 609 nimii
1587 568 1626 600 et
1654 555 1798 614 ἄλογοι

367 622 529 661 prorsus
557 607 745 659 fuerunt,
792 610 860 649 sed
890 612 1010 649 etiam
1038 617 1202 651 veteres.
1258 613 1426 652 Possent
1457 614 1634 668 ingentes
1666 619 1798 658 acervi

370 663 642 716 exemplorum
668 664 856 704 similium
882 668 1040 718 congeri
1061 698 1071 713 ,
1103 667 1133 704 si
1155 681 1253 720 opus
1281 675 1394 707 esset.
1450 670 1602 709 Verum
1627 679 1802 725 praestat

371 719 596 772 speciminis
623 734 741 759 causa
780 735 905 773 pauca
929 722 1126 774 quaedam
1151 722 1342 762 delibare.
1398 723 1548 764 Notum
1576 722 1703 778 ἔγγων
1722 741 1796 780 pro

367 771 542 826 ἔγγονοςς
571 789 614 814 v.
650 776 718 814 Du
756 775 889 829 Gange
918 776 961 816 h.
992 791 1031 815 v.
1098 778 1142 815 In
1178 778 1425 818 dedicatione
1453 779 1624 821 Herodis
1646 788 1801 822 statuae

367 829 543 884 Regillae
570 844 629 868 vs·
660 831 726 870 55.
751 831 925 870 occurrit
965 827 1252 884 πρωτιῖθρονες
1280 830 1414 886 ἕδραι,
1445 838 1558 887 quasi
1586 850 1610 875 a
1637 833 1801 889 πρωτό-

364 886 497 938 θρων,
527 885 596 924 ubi
620 899 660 925 v.
695 885 878 937 Salmas.‚
903 887 971 940 qui
1003 887 1053 926 ad
1075 887 1197 926 Aram
1219 888 1424 928 Dosiadaei
1453 904 1543 944 pag.
1573 892 1663 931 223.
1700 891 1796 932 edit.

368 941 489 980 Cren.
521 940 615 980 huic
643 940 831 994 ἕψανδρα
858 957 931 995 pro
952 941 1161 992 ἓψανδρον
1189 944 1380 996 imputat,
1413 946 1524 998 quasi
1548 945 1599 985 ab
1616 940 1796 999 ἒψὰνηρ.

370 995 624 1036 Dioscorides
645 1011 682 1035 e.
712 996 807 1037 661.
839 992 1067 1050 κυνόθηρες
1101 996 1221 1036 habet
1253 1013 1324 1051 pro
1359 1000 1612 1053 κυνοθῆραι,
1639 1011 1801 1041 venato-

366 1065 428 1090 res
443 1066 531 1092 cum
551 1053 708 1091 canibus
723 1061 917 1102 venantes,
950 1053 1062 1106 quasi
1082 1066 1105 1090 a
1126 1048 1324 1105 κυνόθηρ.
1361 1054 1667 1108 Chrysostomus
1695 1064 1799 1097 orat.

371 1108 423 1147 de
451 1109 572 1147 circo:
603 1103 752 1155 ἱππεύς
782 1105 914 1147 αὐτοῦ
942 1103 1017 1146 οὐκ
1042 1102 1121 1145 ἀπὸ
1157 1109 1305 1160 λευκῆς
1333 1105 1402 1147 ἐπὶ
1426 1106 1636 1163 σφενδόνα
1662 1113 1802 1161 μιλιο-

373 1163 555 1216 δρυμῶν,
600 1162 711 1215 qnasi
749 1176 772 1200 a
803 1159 997 1214 σφενδών
1044 1176 1119 1215 pro
1160 1159 1380 1216 σφενδόνη.
1464 1164 1702 1205 scholiastes
1749 1166 1803 1206 ad

367 1217 657 1271 Harmenopuli
697 1217 907 1271 Epitomen
945 1219 987 1256 in
1017 1218 1108 1256 Iure
1136 1219 1542 1259 Graeco-Romano:
1600 1234 1800 1260 συστατι-

364 1273 442 1312 καί
464 1271 568 1312 εἰσιν
610 1268 656 1312 αἱ
695 1268 912 1323 διδόμεναι
940 1276 1027 1318 τοῖς
1054 1268 1135 1311 ὑπὸ
1166 1271 1368 1323 ἐπιτιζιιιον
1395 1269 1451 1320 ὥς
1479 1271 1689 1324 ἄθιόοσιν,
1721 1289 1796 1329 pro

368 1326 542 1378 ἀθώοις,
571 1334 762 1382 tanquam
789 1328 820 1366 si
847 1327 899 1367 ab
927 1321 1079 1367 ἆθώων
1097 1327 1287 1381 singulari
1315 1335 1430 1368 esset.
1486 1329 1728 1383 Procopius,
1759 1332 1802 1369 in

369 1383 544 1422 editione
584 1383 873 1423 Hoescheliana
913 1390 1045 1433 certe,
1094 1398 1136 1436 p.
1174 1382 1240 1423 52.
1272 1382 1338 1422 26.
1390 1379 1470 1422 ὑπὸ
1495 1381 1649 1436 μήδεσι
1680 1384 1803 1425 habet

371 1445 561 1492 tanquam
590 1453 614 1477 a
645 1439 890 1479 nominativo
922 1438 1052 1491 μῆὸες
1068 1452 1143 1491 pro
1171 1437 1329 1490 μῆδοι,
1368 1445 1408 1477 et
1433 1453 1473 1492 p.
1498 1438 1564 1480 55.
1613 1441 1674 1481 15.
1719 1440 1803 1492 μῆ-

372 1492 451 1533 δαν
491 1490 670 1545 στρατὸν
708 1508 782 1547 pro
821 1492 981 1546 μῆδον,
1019 1500 1209 1546 tanquam
1249 1508 1271 1532 a
1299 1493 1381 1545 μῆς
1422 1494 1685 1534 nominativo.
1753 1494 1802 1534 In

373 1549 617 1598 carminibus
650 1564 674 1588 a
704 1549 832 1589 lensio
858 1563 931 1602 pro
960 1548 1162 1588 anecdotis
1188 1548 1301 1587 editis
1327 1563 1368 1586 n.
1398 1548 1465 1588 58.
1503 1549 1553 1589 de
1571 1549 1805 1603 Amphipoli

369 1603 540 1657 legitur:
579 1602 796 1657 At'yt'd'ww
839 1603 946 1655 μέγα
973 1606 1117 1655 νεῖκος,
1156 1611 1423 1656 argumentum
1451 1606 1700 1644 contentionis
1723 1618 1805 1659 pro

370 1659 537 1712 Aegidis
581 1673 651 1698 seu
686 1660 993 1700 Atheniensibus.
1059 1659 1123 1698 Ad
1161 1659 1267 1698 hunc
1308 1659 1473 1698 modum
1523 1659 1655 1698 Latini
1704 1660 1804 1698 lines

372 1714 558 1754 dixerunt
587 1728 662 1767 pro
689 1712 818 1767 ληνοί,
848 1714 956 1754 lacus
987 1715 1082 1753 vino
1110 1714 1306 1753 servando
1329 1728 1351 1753 e
1379 1713 1568 1753 torculari
1603 1727 1799 1766 expresso,

374 1777 445 1808 aut
474 1777 513 1809 et
543 1784 684 1822 aquae.
712 1770 858 1821 Στίχες
886 1783 959 1823 pro
1004 1767 1137 1819 στίχοι
1175 1770 1272 1808 dixit
1303 1770 1498 1808 Homerus
1544 1777 1583 1808 et
1611 1769 1692 1808 alii.
1753 1769 1802 1807 In

371 1825 508 1864 codice
529 1833 631 1863 msto
665 1826 916 1865 Reimariano
940 1824 1204 1877 Anthologiae
1235 1825 1410 1863 Graecae
1451 1825 1586 1863 inveni
1604 1838 1704 1891 pag.
1734 1822 1804 1863 60.

372 1893 413 1918 2.
453 1880 517 1919 ed.
545 1880 683 1933 Steph.
715 1876 969 1932 ἀριστονόας,
998 1879 1067 1917 ubi
1086 1881 1236 1917 editum
1263 1872 1541 1930 ἆριστονόους.
1613 1876 1803 1918 Ροδοδά-

373 1936 523 1982 κτυλος
549 1949 622 1987 pro
643 1931 950 1988 ῥοδοδακτύλου
974 1941 1032 1972 est
1058 1935 1100 1972 in
1117 1932 1384 1986 Anthologiae
1407 1933 1502 1972 edit.
1533 1933 1645 1972 Flor.
1669 1940 1709 1972 et
1726 1930 1803 1971 Al·-

373 1989 495 2040 dina,
536 1990 606 2028 ubi
652 1990 748 2030 edit.
790 1990 843 2028 H.
872 1989 1064 2042 Stephani
1106 1989 1174 2028 dat
1202 1983 1510 2042 ῥοδοδακτύλου
1538 2003 1580 2041 p.
1616 1987 1706 2039 124.
1741 2001 1804 2026 10.

371 2043 513 2098 Aeque
540 2041 656 2095 νοὸς,
686 2044 754 2084 νοῒ
789 2059 835 2083 ac
852 2043 923 2083 νοῦ
950 2043 1015 2083 vel
1042 2038 1139 2082 νόου
1166 2051 1205 2083 et
1236 2041 1330 2097 νόῳ,
1358 2043 1454 2081 item
1484 2042 1632 2092 πλοῦς,
1660 2038 1797 2093 πλορς,

373 2099 495 2150 πλοῒ,
524 2113 645 2152 quam
670 2095 800 2138 πλόου
841 2098 906 2138 vel
932 2098 1040 2137 πλοῦ
1063 2125 1074 2147 ,
1127 2093 1239 2152 πλόῳ
1277 2098 1355 2136 dici
1393 2105 1561 2137 constat.
1619 2097 1716 2136 Vid.
1749 2095 1802 2135 ad

373 2168 415 2206 p.
450 2155 516 2208 73.
551 2156 596 2192 B.
631 2153 698 2205 8.‚
730 2155 800 2193 ubi
827 2154 876 2192 de
900 2153 1134 2192 formatione
1166 2150 1342 2202 διώκων,
1374 2149 1576 2203 διάκονος,
1606 2149 1799 2199 διάκονι,

376 2215 416 2247 et
448 2209 489 2247 in
530 2208 676 2262 plurali
707 2205 890 2255 διάκονες
917 2209 1011 2246 dixi.
1071 2207 1187 2246 Conf.
1220 2209 1289 2247 Du
1328 2208 1462 2261 Gange
1497 2221 1559 2255 v„
1579 2206 1732 2247 Patron
1763 2211 1803 2244 et

374 2264 566 2302 Pandox.

457 2316 551 2370 224.
571 2319 617 2357 Β.
638 2317 679 2357 8.
709 2317 824 2372 [584,
849 2317 908 2371 5.]
939 2315 1158 2357 ἀνέτειλεν.
1215 2316 1382 2356 Schema
1408 2315 1521 2367 hoc,-
1540 2328 1620 2368 quo
1642 2315 1804 2353 nomina

375 2371 545 2424 pluralia
574 2387 655 2412 non
687 2381 827 2412 neutra
865 2387 955 2411 cum
982 2372 1107 2411 verbo
1137 2372 1327 2425 singulari
1350 2377 1642 2425 componuntur
1660 2399 1670 2417 ‚
1701 2369 1802 2407 Pin-

374 2427 556 2466 daricum
589 2428 810 2482 appellatur
829 2459 839 2476 ‚
871 2429 919 2466 de
954 2441 1032 2481 quo
1074 2427 1156 2466 vid.
1190 2427 1412 2466 Lesbonax.
1470 2426 1611 2463 Nescio
1633 2424 1804 2462 huccine

377 2482 546 2521 referam
566 2477 617 2535 ἦν
654 2497 727 2536 pro
741 2477 869 2534 ἦσαν,
902 2483 952 2522 de
983 2496 1063 2535 quo
1097 2483 1186 2521 dico
1220 2482 1271 2520 ad
1302 2479 1529 2533 Thucydid.
1563 2479 1634 2533 IV:
1659 2477 1725 2531 75.
1757 2492 1800 2530 p.

380 2535 473 2584 254.
504 2537 572 2591 89.
630 2539 779 2591 Negare
811 2538 911 2576 illud
937 2551 1066 2590 nuper
1100 2537 1228 2575 voluit
1268 2536 1458 2574 Pauwius
1489 2533 1540 2571 ad
1562 2532 1799 2571 Pindarum.

378 2589 455 2627 Sed
492 2605 573 2630 non
598 2607 801 2631 moramur
841 2593 1043 2632 hominem
1084 2591 1322 2640 fanaticum,
1359 2591 1401 2628 in
1439 2589 1601 2627 Graecis
1641 2587 1803 2640 quidem

379 2642 535 2683 litteris.
562 2647 657 2685 Vid.
687 2647 736 2686 ad
752 2639 842 2700 pag.
873 2647 968 2698 412.
999 2648 1042 2687 Β.
1073 2661 1112 2685 2.
1144 2645 1324 2684 dicenda.

490 2699 537 2737 C.
564 2714 598 2738 1.
624 2701 732 2754 [384
758 2701 811 2755 7.]
839 2698 908 2747 ὥς.
967 2702 1067 2740 Tam
1111 2714 1224 2752 saepe
1258 2699 1393 2737 inveni
1432 2697 1593 2735 Graecis
1622 2697 1662 2735 in
1691 2696 1805 2736 libris

380 2745 438 2798 ὥς
463 2767 537 2805 pro
566 2746 599 2792 a}
627 2757 820 2807 positum,
852 2763 898 2795 ut
924 2757 966 2794 in
995 2754 1253 2807 Anthologia‚
1281 2754 1458 2806 Diogene
1485 2752 1660 2801 Laenio,
1689 2751 1803 2790 Arri-
