1884 3132
318 138 429 206 544
581 157 654 200 io.
695 157 802 202 iAc.
847 161 1042 203 Rmsxu
1091 161 1467 206 commimu

316 258 533 312 Dionysius
560 259 747 310 vivebat,
771 261 1004 302 familiarem
1031 263 1165 304 fuisse.
1206 264 1253 304 In
1282 279 1363 318 quo
1379 263 1635 307 vehementer
1652 281 1745 309 eum

315 312 459 353 falsum
489 314 605 354 fuisse
634 330 714 355 non
741 316 897 357 dubito.
950 319 1067 358 Iuvat
1093 318 1166 358 hac
1197 322 1403 359 occasione
1430 321 1611 374 imaginis
1637 322 1743 364 illius

315 377 446 422 partes
474 369 649 410 breviter
676 386 876 412 enarrare.
936 373 982 411 In
1008 376 1136 427 capite
1163 374 1285 413 habet
1323 375 1451 428 imago
1482 377 1559 415 viri
1588 376 1742 432 Diony-

315 426 419 464 sium
450 426 676 466 mentientis
702 427 893 467 bonetum
910 428 973 467 vel
994 429 1278 468 camelaucium
1305 430 1461 483 pellicio
1491 430 1739 483 foderatum3

312 480 586 535 chlamydium
603 485 772 522 exterius
801 497 869 523 seu
898 483 1112 523 dalmatica
1129 484 1250 524 habet
1268 492 1515 538 segmentum
1537 487 1641 525 circa
1658 486 1743 526 eol-

314 534 398 574 lum
425 538 543 575 etiam
571 536 778 590 pelliceum
795 568 806 586 ,
847 547 886 578 et
923 541 1096 579 manicas
1134 539 1271 593 longas
1300 542 1341 578 in
1369 547 1531 580 acutum
1555 541 1742 582 desinen-

311 597 383 630 tes.
443 587 587 631 Χιτών
627 607 695 632 seu
729 595 863 632 tunica
905 595 1069 634 interior
1104 594 1225 634 habet
1251 603 1434 649 torquem
1462 597 1567 635 circa
1592 596 1742 637 collum

314 653 353 684 et
372 646 526 698 σχίσιν,
557 647 737 687 fissuram
767 647 925 702 longam
950 651 991 687 in
1019 650 1245 689 orbiculum
1271 650 1515 690 desinentem
1532 681 1542 698 ,
1573 658 1740 706 torqua-

310 708 394 740 tam
423 716 490 741 seu
519 711 802 756 segmentatam
829 704 993 756 pariter.
1047 705 1082 743 F
1086 707 1230 745 issurae
1257 705 1354 744 tales
1372 706 1678 759 requirebantur
1694 709 1738 746 in

315 758 486 797 vestibus
503 788 514 808 ,
547 772 647 811 quae
678 759 728 798 ab
755 760 885 798 antica
904 766 944 798 et
963 761 1112 813 postica
1140 760 1288 799 solidae
1313 767 1427 799 eraut
1454 767 1495 800 et
1523 775 1645 814 supra
1670 777 1739 801 ca-

311 820 385 866 put
412 812 734 862 demittebantur,
767 829 891 867 quum
919 815 1192 854 induerentur.
1217 814 1395 854 Similem
1423 822 1607 868 torquem
1627 831 1744 857 mon-

310 874 411 907 strat
432 870 584 920 primus
604 869 666 908 vir
685 871 725 908 in
745 869 887 908 ultima
915 870 1042 924 figura
1059 870 1143 909 tab.
1160 870 1273 909 XIV.
1295 869 1471 909 eiusdem
1487 871 1584 910 tomi
1602 872 1739 911 Mont-

310 923 639 963 fauconianarum
670 924 983 978 Antiquitatum,
1013 925 1082 965 ubi
1109 925 1432 965 Montfauconius
1459 939 1551 964 eum
1577 927 1741 966 coletum

309 978 375 1018 vel
403 980 547 1017 collare
563 981 712 1018 tunicae
730 979 902 1033 appellat
929 988 968 1019 et
994 981 1097 1020 inter
1126 994 1252 1019 novos
1280 979 1440 1020 habitus
1468 980 1613 1020 saeculi
1629 981 1761 1021 The--

311 1033 488 1073 odosiani
525 1034 661 1073 refert.
718 1035 973 1074 Latissimum
1012 1043 1052 1075 et
1094 1035 1428 1089 elegantissimum
1468 1033 1549 1074 tale
1592 1036 1741 1076 monile

309 1090 375 1128 vel
402 1089 547 1128 collare
580 1088 673 1142 (nisi
703 1092 835 1142 potius
861 1091 1011 1143 epomis
1051 1098 1120 1129 aut
1157 1089 1482 1144 epit-rhiptarium
1531 1098 1588 1130 est
1607 1120 1620 1141 ‚
1657 1091 1741 1133 vid.

311 1145 363 1184 ad
395 1145 442 1182 C.
473 1159 512 1198 9.
545 1144 711 1183 dicenda
729 1148 756 1197 ,)
796 1147 1036 1198 conspicitur
1075 1147 1116 1184 in
1154 1145 1222 1184 illa
1262 1145 1432 1199 imagine
1476 1146 1741 1198 lmperatricis

313 1199 520 1249 CPtanae,
550 1214 670 1252 quam
682 1200 832 1240 Paulus
846 1201 1114 1240 Rhamnusius
1142 1199 1329 1240 historiae
1355 1214 1449 1239 suae
1463 1199 1513 1239 de
1533 1201 1638 1240 hello
1658 1201 1741 1240 Ve-

310 1262 404 1294 neto
433 1254 623 1293 adversus
653 1254 778 1294 CPlin
794 1255 847 1294 A.
871 1255 917 1295 C.
942 1256 1055 1305 1204.
1082 1263 1191 1309 gesto
1211 1255 1450 1309 praeposuit.
1488 1255 1600 1295 Alias
1629 1269 1742 1295 com-

310 1310 446 1363 plures
466 1310 751 1348 maniaciorum
770 1312 959 1364 imagines
979 1310 1102 1350 habes
1120 1311 1226 1364 apud
1247 1311 1492 1352 Bandurium
1504 1310 1554 1350 T.
1571 1311 1626 1348 11.
1650 1312 1742 1350 An-

310 1367 409 1420 tiqu.
440 1366 541 1419 Imp.
574 1365 650 1403 Or.
671 1380 712 1418 p.
735 1364 831 1405 632.
862 1366 927 1420 fig.
963 1366 1002 1404 3.
1050 1368 1090 1404 in
1124 1365 1277 1405 Helena
1314 1379 1472 1404 crucem
1511 1366 1740 1405 inveniente

312 1428 351 1459 et
378 1420 625 1460 adstantibus
658 1421 730 1474 ipsi
758 1420 997 1460 silentiariis.
1050 1421 1221 1460 Videtur
1247 1428 1380 1460 tamen
1409 1419 1503 1460 huic
1530 1422 1740 1474 expositio-

311 1477 354 1514 ni
382 1484 540 1515 nostrae
566 1475 728 1515 obstare
756 1476 867 1515 locus
894 1478 1050 1515 vicinus
1077 1491 1118 1515 v.
1141 1491 1203 1516 11.
1224 1507 1234 1525 ‚
1264 1476 1335 1515 ubi
1362 1475 1560 1515 habentur
1585 1489 1741 1527 μανια-

310 1528 415 1570 κάτα
447 1528 572 1579 λιτάς
599 1530 669 1569 ubi
699 1531 783 1570 vid.
814 1545 916 1585 quae
943 1532 1205 1585 proferemus.
1700 1558 1703 1562 ·

419 1586 466 1626 B.
491 1602 530 1640 7.
550 1585 645 1639 [469
664 1616 674 1635 ,
717 1585 802 1640 15.]
842 1583 920 1626 α’πὸ
952 1584 1290 1639 σκαραμαγγάυν.
1342 1586 1495 1624 Locum
1523 1584 1632 1624 hune
1658 1598 1742 1624 non

311 1641 492 1694 expedio.
551 1641 650 1679 Nam
689 1643 832 1681 evertit
871 1656 1031 1681 omnem
1058 1650 1236 1682 nostram
1263 1641 1506 1695 superiorem
1533 1640 1583 1680 de
1611 1654 1742 1679 scara-

311 1698 474 1735 marmio
504 1695 826 1750 disputationem.
883 1698 982 1736 Nam
1010 1699 1043 1736 si
1071 1698 1123 1736 ad
1150 1697 1335 1736 dischista
1363 1695 1428 1735 vel
1447 1695 1516 1734 -his
1538 1695 1628 1734 fissa
1647 1709 1740 1748 per-

310 1754 411 1791 tinet
452 1752 794 1802 scmamannium,
828 1767 911 1792 non
959 1752 1034 1791 fuit
1073 1752 1190 1806 quale
1232 1752 1410 1805 superius
1438 1749 1739 1803 descripsimus,

310 1806 616 1860 hemicycloides
632 1836 645 1858 ,
688 1807 858 1846 solidum
887 1822 957 1861 per
983 1807 1122 1847 orbem
1138 1837 1150 1858 ,
1179 1807 1230 1846 ad
1259 1805 1509 1859 chlamydem
1535 1805 1738 1853 accedens,

308 1863 378 1902 sed
418 1863 492 1900 fuit
530 1870 599 1900 aut
641 1862 806 1915 pallium
834 1864 1073 1916 quadratum
1100 1863 1135 1902 F
1139 1863 1366 1913 ramicum,
1404 1867 1474 1899 aut
1510 1861 1546 1898 ei
1584 1858 1742 1910 simile,

311 1917 354 1956 id
393 1925 451 1957 est
464 1947 475 1968 ,
506 1916 648 1956 habuit
689 1918 739 1957 ad
768 1918 870 1959 latus
896 1926 1102 1958 externum
1130 1919 1336 1972 utriusque
1373 1917 1500 1955 cruris
1528 1914 1754 1976 singularoe‘

312 1973 485 2013 fissuras.

395 2042 488 2083 271.
508 2029 561 2068 Β.
592 2041 654 2066 ιι.
677 2027 792 2082 [47ο,
821 2025 875 2081 1.]
905 2021 1146 2076 Διιοινιακοέτα
1173 2021 1284 2066 λιτὰ.
1316 2026 1454 2077 Quum
1482 2024 1652 2074 scirem,
1681 2024 1744 2062 λι-

309 2079 382 2123 τὸν
410 2085 451 2122 in
482 2083 559 2122 hoc
583 2083 745 2121 Tactico
764 2113 775 2134 ,
804 2082 874 2121 ubi
893 2082 943 2121 de
957 2081 1133 2120 vestibus
1151 2094 1281 2120 sermo
1299 2110 1312 2131 ,
1338 2081 1557 2135 significare
1575 2085 1742 2128 vestem,

312 2153 414 2191 quae
442 2140 527 2177 auri
556 2140 760 2191 argentive
787 2145 826 2175 et
845 2139 1056 2190 praecipue
1085 2138 1276 2188 segmenti
1319 2137 1423 2175 cirea
1461 2149 1551 2175 oras
1587 2131 1744 2173 collaris

311 2193 420 2233 orbis
446 2201 487 2232 et
515 2195 689 2232 manicas
718 2199 894 2232 assutum
921 2191 1086 2230 haberet
1106 2190 1206 2230 nihil
1227 2221 1239 2240 ,
1268 2191 1440 2230 multum
1461 2187 1648 2229 fluctuavi
1665 2185 1742 2223 hoc

312 2249 352 2287 in
381 2248 482 2288 loco.
543 2248 693 2301 Aperte
719 2249 826 2286 enim
864 2252 1042 2300 pugnant
1081 2247 1302 2286 maniacata
1342 2260 1411 2284 seu
1441 2247 1647 2295 torquata,
1679 2253 1743 2277 se-

311 2311 538 2356 gmentata,
567 2310 606 2341 et
637 2298 748 2352 λιτὰ,
778 2317 880 2354 pura
899 2331 910 2351 ,
954 2315 1057 2354 quae
1085 2301 1277 2353 segmenti
1307 2300 1410 2339 nihil
1436 2297 1598 2337 habent.
1655 2293 1741 2332 Aut

313 2372 406 2409 ergo
435 2357 673 2396 vocabulum
706 2355 819 2403 λιτὸς
846 2356 910 2395 hic
928 2356 1004 2395 alio
1030 2356 1251 2409 significatu
1273 2363 1330 2391 est
1346 2349 1630 2404 accipiendum,
1653 2355 1737 2411 apt,

311 2411 420 2462 quod
449 2427 520 2463 ego
547 2412 710 2461 quidem
739 2411 873 2450 malim
890 2440 900 2456 ,
932 2409 1002 2445 καί
1028 2418 1087 2445 est
1115 2406 1456 2452 interserendum,
1503 2416 1739 2453 μανιακατα

311 2465 384 2502 καί
410 2461 520 2502 λιτά.
579 2463 705 2501 Sensu
734 2461 812 2500 alio
840 2462 965 2513 accipi
1011 2463 1041 2499 si
1073 2461 1217 2511 debet,
1266 2461 1405 2514 nequit
1432 2454 1523 2498 λιτά
1550 2456 1659 2495 aliud
1687 2458 1761 2495 sim

312 2519 499 2570 guilicare
517 2549 530 2568 ,
558 2531 679 2570 quam
708 2518 869 2555 minoris
897 2518 1160 2569 praestantiae
1177 2545 1187 2562 ,
1205 2515 1285 2569 fili
1309 2514 1508 2553 deterioris
1534 2513 1742 2550 vestimen—

313 2581 368 2610 ta.
428 2574 542 2623 Quae
572 2571 844 2623 interpretatio
869 2570 969 2608 mihi
999 2570 1159 2622 quidem
1183 2583 1264 2607 non
1291 2567 1497 2621 probatur.
1529 2566 1623 2604 Pari
1650 2568 1742 2618 qui·-

314 2626 404 2664 dem
436 2627 554 2665 modo
583 2626 755 2664 reddidit
795 2624 958 2663 illustris
995 2624 1251 2668 Casaubonus
1289 2622 1395 2675 apud
1422 2620 1636 2674 Polybium
1665 2620 1738 2659 VI.

312 2694 353 2731 p.
377 2679 467 2730 468.
489 2681 539 2721 D.
564 2677 677 2718 λιτὸν
705 2674 1031 2731 περικεφάλαιον
1051 2707 1062 2728 ,
1107 2679 1186 2716 vile
1217 2685 1443 2728 tegmentum
1473 2677 1625 2730 capitis.
1684 2674 1742 2714 At

313 2734 368 2771 ibi
399 2748 558 2787 quoque
587 2743 632 2772 ea
662 2734 782 2772 dictio
811 2733 1004 2785 significat
1044 2737 1314 2785 tegumentum
1342 2730 1479 2783 capitis
1497 2760 1511 2780 ‚
1550 2731 1615 2769 cui
1642 2727 1743 2770 nihil
