<?xml version="1.0" encoding="UTF-8"?>
<!DOCTYPE html PUBLIC "-//W3C//DTD XHTML 1.0 Transitional//EN"
    "http://www.w3.org/TR/xhtml1/DTD/xhtml1-transitional.dtd">
<html xmlns="http://www.w3.org/1999/xhtml" xml:lang="en" lang="en">
 <head>
  <title>
</title>
<meta http-equiv="Content-Type" content="text/html;charset=utf-8" />
  <meta name='ocr-system' content='tesseract 3.04.00' />
  <meta name='ocr-capabilities' content='ocr_page ocr_carea ocr_par ocr_line ocrx_word'/>
</head>
<body>
  <div class='ocr_page' id='page_1' title='image "./corpusscriptorum08niebuoft/corpusscriptorum08niebuoft_0070.png"; bbox 0 0 1826 3126; ppageno 0'>
   <div class='ocr_carea' id='block_1_1' title="bbox 273 154 1420 222">
    <p class='ocr_par' dir='ltr' id='par_1_1' title="bbox 273 154 1420 222">
     <span class='ocr_line' id='line_1_1' title="bbox 273 154 1420 222; baseline 0.009 -16"><span class='ocrx_word' id='word_1_1' title='bbox 273 154 346 207; x_wconf 86' lang='lat'>62</span> <span class='ocrx_word' id='word_1_2' title='bbox 528 172 619 222; x_wconf 62' lang='grc' dir='ltr'>ιο.</span> <span class='ocrx_word' id='word_1_3' title='bbox 661 170 768 212; x_wconf 82' lang='lat' dir='ltr'>1AC.</span> <span class='ocrx_word' id='word_1_4' title='bbox 810 172 1004 212; x_wconf 80' lang='lat' dir='ltr'>REISKH</span> <span class='ocrx_word' id='word_1_5' title='bbox 1043 171 1420 216; x_wconf 76' lang='lat' dir='ltr'>COMMENTARu</span> 
     </span>
    </p>
   </div>
   <div class='ocr_carea' id='block_1_2' title="bbox 271 274 1730 2836">
    <p class='ocr_par' dir='ltr' id='par_1_2' title="bbox 271 274 1730 2836">
     <span class='ocr_line' id='line_1_2' title="bbox 273 274 1716 327; baseline 0.003 -12"><span class='ocrx_word' id='word_1_6' title='bbox 273 277 554 315; x_wconf 84' lang='lat' dir='ltr'>communione</span> <span class='ocrx_word' id='word_1_7' title='bbox 578 274 751 327; x_wconf 85' lang='lat' dir='ltr'>quadam</span> <span class='ocrx_word' id='word_1_8' title='bbox 772 276 877 313; x_wconf 90' lang='lat' dir='ltr'>inter</span> <span class='ocrx_word' id='word_1_9' title='bbox 900 289 942 313; x_wconf 92' lang='lat' dir='ltr'>se</span> <span class='ocrx_word' id='word_1_10' title='bbox 972 277 1198 314; x_wconf 78' lang='lat' dir='ltr'>iunctarum</span> <span class='ocrx_word' id='word_1_11' title='bbox 1216 305 1228 325; x_wconf 89' lang='lat'>‚</span> <span class='ocrx_word' id='word_1_12' title='bbox 1259 277 1299 315; x_wconf 88' lang='lat' dir='ltr'>in</span> <span class='ocrx_word' id='word_1_13' title='bbox 1328 291 1451 316; x_wconf 87' lang='lat' dir='ltr'>unam</span> <span class='ocrx_word' id='word_1_14' title='bbox 1478 291 1618 318; x_wconf 88' lang='lat' dir='ltr'>vocem</span> <span class='ocrx_word' id='word_1_15' title='bbox 1639 280 1716 319; x_wconf 85' lang='lat' dir='ltr'>col-</span> 
     </span>
     <span class='ocr_line' id='line_1_3' title="bbox 272 328 1717 389; baseline 0.002 -19"><span class='ocrx_word' id='word_1_16' title='bbox 272 331 475 384; x_wconf 89' lang='lat' dir='ltr'>liquandi,</span> <span class='ocrx_word' id='word_1_17' title='bbox 522 330 650 382; x_wconf 85' lang='lat' dir='ltr'>qualis</span> <span class='ocrx_word' id='word_1_18' title='bbox 669 337 728 368; x_wconf 88' lang='lat' dir='ltr'>est</span> <span class='ocrx_word' id='word_1_19' title='bbox 751 331 795 367; x_wconf 89' lang='lat' dir='ltr'>in</span> <span class='ocrx_word' id='word_1_20' title='bbox 823 344 922 368; x_wconf 89' lang='lat' dir='ltr'>voce</span> <span class='ocrx_word' id='word_1_21' title='bbox 950 328 1285 383; x_wconf 77' lang='grc' dir='ltr'><em>δισκοποτὴριον,</em></span> <span class='ocrx_word' id='word_1_22' title='bbox 1326 333 1455 372; x_wconf 67' lang='grc' dir='ltr'><em>άιίςοιιε·</em></span> <span class='ocrx_word' id='word_1_23' title='bbox 1484 348 1571 372; x_wconf 78' lang='lat' dir='ltr'>cum</span> <span class='ocrx_word' id='word_1_24' title='bbox 1587 350 1717 389; x_wconf 80' lang='lat' dir='ltr'>super·-</span> 
     </span>
     <span class='ocr_line' id='line_1_4' title="bbox 271 384 1718 441; baseline 0.003 -16"><span class='ocrx_word' id='word_1_25' title='bbox 271 389 450 441; x_wconf 81' lang='lat' dir='ltr'>imposito</span> <span class='ocrx_word' id='word_1_26' title='bbox 476 386 631 435; x_wconf 74' lang='lat' dir='ltr'>calyce,</span> <span class='ocrx_word' id='word_1_27' title='bbox 676 385 807 424; x_wconf 87' lang='lat' dir='ltr'>dicam</span> <span class='ocrx_word' id='word_1_28' title='bbox 835 385 885 423; x_wconf 88' lang='lat' dir='ltr'>ad</span> <span class='ocrx_word' id='word_1_29' title='bbox 917 400 957 438; x_wconf 90' lang='lat' dir='ltr'>p.</span> <span class='ocrx_word' id='word_1_30' title='bbox 981 384 1049 436; x_wconf 73' lang='grc'>45.</span> <span class='ocrx_word' id='word_1_31' title='bbox 1078 386 1130 423; x_wconf 92' lang='lat' dir='ltr'>D.</span> <span class='ocrx_word' id='word_1_32' title='bbox 1156 386 1229 425; x_wconf 87' lang='lat' dir='ltr'>ult.</span> <span class='ocrx_word' id='word_1_33' title='bbox 1289 387 1416 437; x_wconf 83' lang='lat' dir='ltr'>Quod</span> <span class='ocrx_word' id='word_1_34' title='bbox 1439 389 1535 428; x_wconf 87' lang='lat' dir='ltr'>novi</span> <span class='ocrx_word' id='word_1_35' title='bbox 1573 386 1718 438; x_wconf 76' lang='grc' dir='ltr'><em>ξεστὸν</em></span> 
     </span>
     <span class='ocr_line' id='line_1_5' title="bbox 273 440 1717 496; baseline 0.003 -16"><span class='ocrx_word' id='word_1_36' title='bbox 273 451 448 490; x_wconf 71' lang='lat' dir='ltr'>sextum,</span> <span class='ocrx_word' id='word_1_37' title='bbox 494 442 712 479; x_wconf 72' lang='lat' dir='ltr'>sextarium</span> <span class='ocrx_word' id='word_1_38' title='bbox 731 470 742 490; x_wconf 92' lang='lat'>,</span> <span class='ocrx_word' id='word_1_39' title='bbox 776 440 1031 493; x_wconf 84' lang='lat' dir='ltr'>appellabant</span> <span class='ocrx_word' id='word_1_40' title='bbox 1044 471 1056 492; x_wconf 77' lang='lat'><strong>‚</strong></span> <span class='ocrx_word' id='word_1_41' title='bbox 1103 455 1173 480; x_wconf 92' lang='lat' dir='ltr'>seu</span> <span class='ocrx_word' id='word_1_42' title='bbox 1217 444 1470 496; x_wconf 85' lang='lat' dir='ltr'>gutturnium</span> <span class='ocrx_word' id='word_1_43' title='bbox 1501 446 1717 485; x_wconf 84' lang='lat' dir='ltr'>sextarium</span> 
     </span>
     <span class='ocr_line' id='line_1_6' title="bbox 273 491 1715 550; baseline 0.002 -14"><span class='ocrx_word' id='word_1_44' title='bbox 273 511 397 550; x_wconf 85' lang='lat' dir='ltr'>aquae</span> <span class='ocrx_word' id='word_1_45' title='bbox 420 498 628 535; x_wconf 88' lang='lat' dir='ltr'>continens</span> <span class='ocrx_word' id='word_1_46' title='bbox 644 525 656 547; x_wconf 90' lang='lat'>,</span> <span class='ocrx_word' id='word_1_47' title='bbox 685 496 727 534; x_wconf 90' lang='lat' dir='ltr'>id</span> <span class='ocrx_word' id='word_1_48' title='bbox 757 503 911 535; x_wconf 88' lang='lat' dir='ltr'>veteres</span> <span class='ocrx_word' id='word_1_49' title='bbox 951 491 1135 549; x_wconf 89' lang='grc' dir='ltr'><em>πρόχοον</em></span> <span class='ocrx_word' id='word_1_50' title='bbox 1160 497 1428 550; x_wconf 84' lang='lat' dir='ltr'>appellabant.</span> <span class='ocrx_word' id='word_1_51' title='bbox 1487 498 1688 539; x_wconf 84' lang='lat' dir='ltr'><strong>Homerus</strong></span> <span class='ocrx_word' id='word_1_52' title='bbox 1703 515 1715 539; x_wconf 76' lang='grc' dir='ltr'><em>ε</em></span> 
     </span>
     <span class='ocr_line' id='line_1_7' title="bbox 383 556 1634 616; baseline 0.003 -14"><span class='ocrx_word' id='word_1_53' title='bbox 383 562 593 616; x_wconf 80' lang='grc' dir='ltr'><em>Χέρνιβον</em></span> <span class='ocrx_word' id='word_1_54' title='bbox 637 559 875 615; x_wconf 75' lang='grc' dir='ltr'><em>α’μφίπολος</em></span> <span class='ocrx_word' id='word_1_55' title='bbox 902 559 1082 615; x_wconf 85' lang='grc' dir='ltr'><em>πρόχοόν</em></span> <span class='ocrx_word' id='word_1_56' title='bbox 1109 563 1152 604; x_wconf 70' lang='grc' dir='ltr'>θ’</span> <span class='ocrx_word' id='word_1_57' title='bbox 1176 556 1266 614; x_wconf 80' lang='grc' dir='ltr'><em>ἅμα</em></span> <span class='ocrx_word' id='word_1_58' title='bbox 1290 562 1439 616; x_wconf 76' lang='grc' dir='ltr'><em>χερσῖν</em></span> <span class='ocrx_word' id='word_1_59' title='bbox 1465 559 1634 616; x_wconf 81' lang='grc' dir='ltr'><em>ἔχουσα.</em></span> 
     </span>
     <span class='ocr_line' id='line_1_8' title="bbox 271 627 1715 684; baseline 0.001 -15"><span class='ocrx_word' id='word_1_60' title='bbox 271 630 308 670; x_wconf 90' lang='grc' dir='ltr'>Ε</span> <span class='ocrx_word' id='word_1_61' title='bbox 323 642 405 683; x_wconf 92' lang='lat' dir='ltr'>quo</span> <span class='ocrx_word' id='word_1_62' title='bbox 426 629 515 668; x_wconf 90' lang='lat' dir='ltr'>loco</span> <span class='ocrx_word' id='word_1_63' title='bbox 537 627 653 668; x_wconf 84' lang='lat' dir='ltr'>simul</span> <span class='ocrx_word' id='word_1_64' title='bbox 676 635 800 681; x_wconf 84' lang='lat' dir='ltr'>patet,</span> <span class='ocrx_word' id='word_1_65' title='bbox 829 627 1027 680; x_wconf 76' lang='grc' dir='ltr'><strong><em>χέρνιβον</em></strong></span> <span class='ocrx_word' id='word_1_66' title='bbox 1043 661 1054 681; x_wconf 84' lang='grc'><strong><em>,</em></strong></span> <span class='ocrx_word' id='word_1_67' title='bbox 1083 630 1191 684; x_wconf 90' lang='lat' dir='ltr'>quod</span> <span class='ocrx_word' id='word_1_68' title='bbox 1211 631 1252 668; x_wconf 92' lang='lat' dir='ltr'>in</span> <span class='ocrx_word' id='word_1_69' title='bbox 1268 630 1441 683; x_wconf 87' lang='lat' dir='ltr'>probatis</span> <span class='ocrx_word' id='word_1_70' title='bbox 1455 633 1622 670; x_wconf 84' lang='lat' dir='ltr'>vetustis</span> <span class='ocrx_word' id='word_1_71' title='bbox 1642 645 1715 671; x_wconf 88' lang='lat' dir='ltr'>au-</span> 
     </span>
     <span class='ocr_line' id='line_1_9' title="bbox 273 683 1714 740; baseline 0.001 -15"><span class='ocrx_word' id='word_1_72' title='bbox 273 685 452 725; x_wconf 87' lang='lat' dir='ltr'>ctoribus</span> <span class='ocrx_word' id='word_1_73' title='bbox 478 698 560 723; x_wconf 94' lang='lat' dir='ltr'>non</span> <span class='ocrx_word' id='word_1_74' title='bbox 593 686 790 738; x_wconf 88' lang='lat' dir='ltr'>reperitur</span> <span class='ocrx_word' id='word_1_75' title='bbox 830 683 910 735; x_wconf 92' lang='lat' dir='ltr'>(illi</span> <span class='ocrx_word' id='word_1_76' title='bbox 935 686 1041 724; x_wconf 87' lang='lat' dir='ltr'>enim</span> <span class='ocrx_word' id='word_1_77' title='bbox 1071 685 1226 740; x_wconf 81' lang='grc' dir='ltr'><em>χέρνιψ</em></span> <span class='ocrx_word' id='word_1_78' title='bbox 1255 686 1415 736; x_wconf 84' lang='lat' dir='ltr'>dicunt)</span> <span class='ocrx_word' id='word_1_79' title='bbox 1454 686 1534 724; x_wconf 88' lang='lat' dir='ltr'>iam</span> <span class='ocrx_word' id='word_1_80' title='bbox 1557 694 1645 726; x_wconf 88' lang='lat' dir='ltr'>tum</span> <span class='ocrx_word' id='word_1_81' title='bbox 1672 689 1714 727; x_wconf 91' lang='lat' dir='ltr'>in</span> 
     </span>
     <span class='ocr_line' id='line_1_10' title="bbox 272 739 1715 794; baseline 0.001 -14"><span class='ocrx_word' id='word_1_82' title='bbox 272 756 350 780; x_wconf 89' lang='lat' dir='ltr'>usu</span> <span class='ocrx_word' id='word_1_83' title='bbox 372 740 518 789; x_wconf 85' lang='lat' dir='ltr'>fuisse,</span> <span class='ocrx_word' id='word_1_84' title='bbox 554 747 601 778; x_wconf 91' lang='lat' dir='ltr'>ut</span> <span class='ocrx_word' id='word_1_85' title='bbox 632 739 760 779; x_wconf 89' lang='lat' dir='ltr'>multa</span> <span class='ocrx_word' id='word_1_86' title='bbox 787 740 950 779; x_wconf 89' lang='lat' dir='ltr'>fuerunt</span> <span class='ocrx_word' id='word_1_87' title='bbox 979 755 1144 792; x_wconf 84' lang='lat' dir='ltr'>eorum,</span> <span class='ocrx_word' id='word_1_88' title='bbox 1174 755 1277 794; x_wconf 90' lang='lat' dir='ltr'>quae</span> <span class='ocrx_word' id='word_1_89' title='bbox 1304 742 1346 778; x_wconf 93' lang='lat' dir='ltr'>in</span> <span class='ocrx_word' id='word_1_90' title='bbox 1374 740 1452 780; x_wconf 92' lang='lat' dir='ltr'>hoc</span> <span class='ocrx_word' id='word_1_91' title='bbox 1483 749 1622 781; x_wconf 89' lang='lat' dir='ltr'>nostro</span> <span class='ocrx_word' id='word_1_92' title='bbox 1645 756 1715 781; x_wconf 87' lang='lat' dir='ltr'>co-</span> 
     </span>
     <span class='ocr_line' id='line_1_11' title="bbox 274 795 1715 849; baseline 0 -13"><span class='ocrx_word' id='word_1_93' title='bbox 274 796 362 836; x_wconf 91' lang='lat' dir='ltr'>dice</span> <span class='ocrx_word' id='word_1_94' title='bbox 394 795 669 849; x_wconf 85' lang='lat' dir='ltr'>similibusque</span> <span class='ocrx_word' id='word_1_95' title='bbox 693 809 800 835; x_wconf 88' lang='lat' dir='ltr'>nova</span> <span class='ocrx_word' id='word_1_96' title='bbox 833 795 1078 836; x_wconf 89' lang='lat' dir='ltr'>videbuntur</span> <span class='ocrx_word' id='word_1_97' title='bbox 1110 798 1210 835; x_wconf 86' lang='lat' dir='ltr'>viris</span> <span class='ocrx_word' id='word_1_98' title='bbox 1245 796 1393 845; x_wconf 90' lang='lat' dir='ltr'>doctis,</span> <span class='ocrx_word' id='word_1_99' title='bbox 1434 803 1504 834; x_wconf 91' lang='lat' dir='ltr'>aut</span> <span class='ocrx_word' id='word_1_100' title='bbox 1533 804 1715 836; x_wconf 89' lang='lat' dir='ltr'>veterum</span> 
     </span>
     <span class='ocr_line' id='line_1_12' title="bbox 272 849 1718 904; baseline 0.001 -13"><span class='ocrx_word' id='word_1_101' title='bbox 272 854 553 904; x_wconf 82' lang='lat' dir='ltr'>novorumque</span> <span class='ocrx_word' id='word_1_102' title='bbox 581 849 699 890; x_wconf 91' lang='lat' dir='ltr'>simul</span> <span class='ocrx_word' id='word_1_103' title='bbox 721 866 802 891; x_wconf 92' lang='lat' dir='ltr'>non</span> <span class='ocrx_word' id='word_1_104' title='bbox 823 853 917 891; x_wconf 91' lang='lat' dir='ltr'>satis</span> <span class='ocrx_word' id='word_1_105' title='bbox 946 851 1209 890; x_wconf 84' lang='lat' dir='ltr'>familiaribus</span> <span class='ocrx_word' id='word_1_106' title='bbox 1224 881 1235 900; x_wconf 92' lang='lat'>‚</span> <span class='ocrx_word' id='word_1_107' title='bbox 1265 858 1334 890; x_wconf 92' lang='lat' dir='ltr'>aut</span> <span class='ocrx_word' id='word_1_108' title='bbox 1354 865 1436 889; x_wconf 89' lang='lat' dir='ltr'>non</span> <span class='ocrx_word' id='word_1_109' title='bbox 1457 852 1552 890; x_wconf 72' lang='lat' dir='ltr'>satis</span> <span class='ocrx_word' id='word_1_110' title='bbox 1579 853 1718 892; x_wconf 81' lang='lat' dir='ltr'>firmae</span> 
     </span>
     <span class='ocr_line' id='line_1_13' title="bbox 274 906 1716 961; baseline 0.001 -16"><span class='ocrx_word' id='word_1_111' title='bbox 274 908 506 946; x_wconf 84' lang='lat' dir='ltr'>memoriae.</span> <span class='ocrx_word' id='word_1_112' title='bbox 568 906 721 945; x_wconf 84' lang='lat' dir='ltr'>Habuit</span> <span class='ocrx_word' id='word_1_113' title='bbox 757 908 890 946; x_wconf 89' lang='lat' dir='ltr'>omnia</span> <span class='ocrx_word' id='word_1_114' title='bbox 907 937 918 958; x_wconf 87' lang='lat'>,</span> <span class='ocrx_word' id='word_1_115' title='bbox 969 921 1071 961; x_wconf 88' lang='lat' dir='ltr'>quae</span> <span class='ocrx_word' id='word_1_116' title='bbox 1099 906 1309 946; x_wconf 91' lang='lat' dir='ltr'>manifesto</span> <span class='ocrx_word' id='word_1_117' title='bbox 1345 920 1451 945; x_wconf 85' lang='lat' dir='ltr'>nova</span> <span class='ocrx_word' id='word_1_118' title='bbox 1478 913 1519 945; x_wconf 86' lang='lat' dir='ltr'>et</span> <span class='ocrx_word' id='word_1_119' title='bbox 1544 907 1716 947; x_wconf 89' lang='lat' dir='ltr'>barbara</span> 
     </span>
     <span class='ocr_line' id='line_1_14' title="bbox 274 961 1716 1014; baseline 0.002 -14"><span class='ocrx_word' id='word_1_120' title='bbox 274 977 356 1001; x_wconf 91' lang='lat' dir='ltr'>non</span> <span class='ocrx_word' id='word_1_121' title='bbox 386 969 502 1012; x_wconf 91' lang='lat' dir='ltr'>sunt,</span> <span class='ocrx_word' id='word_1_122' title='bbox 541 961 610 1001; x_wconf 85' lang='lat' dir='ltr'>sed</span> <span class='ocrx_word' id='word_1_123' title='bbox 639 962 802 1002; x_wconf 91' lang='lat' dir='ltr'>sordida</span> <span class='ocrx_word' id='word_1_124' title='bbox 827 970 985 1002; x_wconf 86' lang='lat' dir='ltr'>tantum</span> <span class='ocrx_word' id='word_1_125' title='bbox 1017 970 1134 1012; x_wconf 89' lang='lat' dir='ltr'>sunt,</span> <span class='ocrx_word' id='word_1_126' title='bbox 1179 962 1448 1001; x_wconf 81' lang='lat' dir='ltr'>vetustissima</span> <span class='ocrx_word' id='word_1_127' title='bbox 1482 975 1623 1014; x_wconf 88' lang='lat' dir='ltr'>graeca</span> <span class='ocrx_word' id='word_1_128' title='bbox 1649 977 1716 1003; x_wconf 89' lang='lat' dir='ltr'>ae-</span> 
     </span>
     <span class='ocr_line' id='line_1_15' title="bbox 273 1016 1656 1070; baseline -0.001 -13"><span class='ocrx_word' id='word_1_129' title='bbox 273 1024 360 1070; x_wconf 84' lang='lat' dir='ltr'>tas3</span> <span class='ocrx_word' id='word_1_130' title='bbox 390 1031 533 1056; x_wconf 89' lang='lat' dir='ltr'>verum</span> <span class='ocrx_word' id='word_1_131' title='bbox 561 1019 609 1056; x_wconf 92' lang='lat' dir='ltr'>iis</span> <span class='ocrx_word' id='word_1_132' title='bbox 639 1025 820 1058; x_wconf 85' lang='lat' dir='ltr'>auctores</span> <span class='ocrx_word' id='word_1_133' title='bbox 849 1018 1135 1057; x_wconf 85' lang='lat' dir='ltr'>munditiarum</span> <span class='ocrx_word' id='word_1_134' title='bbox 1163 1017 1329 1056; x_wconf 90' lang='lat' dir='ltr'>studiosi</span> <span class='ocrx_word' id='word_1_135' title='bbox 1355 1016 1656 1067; x_wconf 73' lang='lat' dir='ltr'>abstinuerunt.</span> 
     </span>
     <span class='ocr_line' id='line_1_16' title="bbox 386 1069 1715 1127; baseline 0.002 -16"><span class='ocrx_word' id='word_1_136' title='bbox 386 1072 433 1111; x_wconf 91' lang='lat' dir='ltr'>C.</span> <span class='ocrx_word' id='word_1_137' title='bbox 452 1089 492 1127; x_wconf 85' lang='lat'>7.</span> <span class='ocrx_word' id='word_1_138' title='bbox 531 1072 595 1127; x_wconf 85' lang='lat'>[9‚</span> <span class='ocrx_word' id='word_1_139' title='bbox 617 1073 708 1127; x_wconf 88' lang='lat'><strong>22.]</strong></span> <span class='ocrx_word' id='word_1_140' title='bbox 752 1069 823 1112; x_wconf 81' lang='grc' dir='ltr'>διὰ</span> <span class='ocrx_word' id='word_1_141' title='bbox 851 1074 926 1113; x_wconf 84' lang='grc' dir='ltr'>τοῦ</span> <span class='ocrx_word' id='word_1_142' title='bbox 951 1069 1164 1123; x_wconf 83' lang='grc' dir='ltr'><em>νεύματος.</em></span> <span class='ocrx_word' id='word_1_143' title='bbox 1222 1073 1299 1111; x_wconf 88' lang='lat' dir='ltr'>Hic</span> <span class='ocrx_word' id='word_1_144' title='bbox 1331 1071 1505 1111; x_wconf 87' lang='lat' dir='ltr'>habetur</span> <span class='ocrx_word' id='word_1_145' title='bbox 1534 1072 1715 1113; x_wconf 88' lang='lat' dir='ltr'>scholion</span> 
     </span>
     <span class='ocr_line' id='line_1_17' title="bbox 275 1127 1716 1182; baseline 0 -14"><span class='ocrx_word' id='word_1_146' title='bbox 275 1130 318 1168; x_wconf 91' lang='lat' dir='ltr'>in</span> <span class='ocrx_word' id='word_1_147' title='bbox 348 1129 615 1178; x_wconf 85' lang='lat' dir='ltr'>membranis,</span> <span class='ocrx_word' id='word_1_148' title='bbox 644 1129 753 1181; x_wconf 90' lang='lat' dir='ltr'>quod</span> <span class='ocrx_word' id='word_1_149' title='bbox 778 1130 872 1182; x_wconf 85' lang='lat' dir='ltr'>quia</span> <span class='ocrx_word' id='word_1_150' title='bbox 897 1130 938 1167; x_wconf 91' lang='lat' dir='ltr'>in</span> <span class='ocrx_word' id='word_1_151' title='bbox 968 1136 1141 1168; x_wconf 83' lang='lat' dir='ltr'>extremo</span> <span class='ocrx_word' id='word_1_152' title='bbox 1169 1135 1372 1181; x_wconf 89' lang='lat' dir='ltr'>praesecto</span> <span class='ocrx_word' id='word_1_153' title='bbox 1407 1127 1584 1181; x_wconf 86' lang='lat' dir='ltr'>margine</span> <span class='ocrx_word' id='word_1_154' title='bbox 1615 1131 1716 1168; x_wconf 89' lang='lat' dir='ltr'>scri-</span> 
     </span>
     <span class='ocr_line' id='line_1_18' title="bbox 274 1182 1718 1238; baseline 0 -15"><span class='ocrx_word' id='word_1_155' title='bbox 274 1184 390 1238; x_wconf 79' lang='lat' dir='ltr'>&#39;ptum</span> <span class='ocrx_word' id='word_1_156' title='bbox 413 1191 452 1222; x_wconf 90' lang='lat' dir='ltr'>et</span> <span class='ocrx_word' id='word_1_157' title='bbox 471 1182 652 1222; x_wconf 90' lang='lat' dir='ltr'>hiulcum</span> <span class='ocrx_word' id='word_1_158' title='bbox 682 1191 793 1234; x_wconf 88' lang='lat' dir='ltr'>erat,</span> <span class='ocrx_word' id='word_1_159' title='bbox 831 1186 899 1236; x_wconf 87' lang='lat' dir='ltr'>(ut</span> <span class='ocrx_word' id='word_1_160' title='bbox 926 1185 1073 1238; x_wconf 91' lang='lat' dir='ltr'>passim</span> <span class='ocrx_word' id='word_1_161' title='bbox 1098 1191 1191 1222; x_wconf 89' lang='lat' dir='ltr'>sunt</span> <span class='ocrx_word' id='word_1_162' title='bbox 1216 1183 1354 1222; x_wconf 86' lang='lat' dir='ltr'>eadem</span> <span class='ocrx_word' id='word_1_163' title='bbox 1375 1182 1426 1222; x_wconf 90' lang='lat' dir='ltr'>de</span> <span class='ocrx_word' id='word_1_164' title='bbox 1456 1197 1575 1222; x_wconf 90' lang='lat' dir='ltr'>causa</span> <span class='ocrx_word' id='word_1_165' title='bbox 1601 1183 1718 1223; x_wconf 88' lang='lat' dir='ltr'>scho-</span> 
     </span>
     <span class='ocr_line' id='line_1_19' title="bbox 274 1237 1718 1292; baseline 0.001 -14"><span class='ocrx_word' id='word_1_166' title='bbox 274 1239 330 1278; x_wconf 89' lang='lat' dir='ltr'>lia</span> <span class='ocrx_word' id='word_1_167' title='bbox 351 1239 472 1277; x_wconf 89' lang='lat' dir='ltr'>huius</span> <span class='ocrx_word' id='word_1_168' title='bbox 495 1238 642 1278; x_wconf 83' lang='lat' dir='ltr'>codicis</span> <span class='ocrx_word' id='word_1_169' title='bbox 658 1239 694 1290; x_wconf 94' lang='lat'>,)</span> <span class='ocrx_word' id='word_1_170' title='bbox 735 1240 927 1278; x_wconf 86' lang='lat' dir='ltr'>omissum</span> <span class='ocrx_word' id='word_1_171' title='bbox 956 1239 1046 1278; x_wconf 88' lang='lat' dir='ltr'>fuit.</span> <span class='ocrx_word' id='word_1_172' title='bbox 1105 1239 1284 1277; x_wconf 89' lang='lat' dir='ltr'>Unicum</span> <span class='ocrx_word' id='word_1_173' title='bbox 1304 1237 1438 1277; x_wconf 86' lang='lat' dir='ltr'>locum</span> <span class='ocrx_word' id='word_1_174' title='bbox 1461 1237 1644 1292; x_wconf 86' lang='lat' dir='ltr'>supplere</span> <span class='ocrx_word' id='word_1_175' title='bbox 1672 1253 1718 1279; x_wconf 86' lang='lat' dir='ltr'>ex</span> 
     </span>
     <span class='ocr_line' id='line_1_20' title="bbox 275 1291 1716 1348; baseline 0 -14"><span class='ocrx_word' id='word_1_176' title='bbox 275 1294 438 1348; x_wconf 83' lang='lat' dir='ltr'>ingenio</span> <span class='ocrx_word' id='word_1_177' title='bbox 458 1308 540 1332; x_wconf 92' lang='lat' dir='ltr'>non</span> <span class='ocrx_word' id='word_1_178' title='bbox 560 1296 698 1346; x_wconf 90' lang='lat' dir='ltr'>potui,</span> <span class='ocrx_word' id='word_1_179' title='bbox 727 1295 798 1333; x_wconf 91' lang='lat' dir='ltr'>ubi</span> <span class='ocrx_word' id='word_1_180' title='bbox 823 1302 971 1347; x_wconf 87' lang='lat' dir='ltr'>puncta</span> <span class='ocrx_word' id='word_1_181' title='bbox 991 1295 1120 1348; x_wconf 90' lang='lat' dir='ltr'>posui.</span> <span class='ocrx_word' id='word_1_182' title='bbox 1152 1294 1224 1333; x_wconf 89' lang='lat' dir='ltr'>Est</span> <span class='ocrx_word' id='word_1_183' title='bbox 1241 1301 1374 1333; x_wconf 91' lang='lat' dir='ltr'>autem</span> <span class='ocrx_word' id='word_1_184' title='bbox 1394 1293 1496 1332; x_wconf 89' lang='lat' dir='ltr'>hoc:</span> <span class='ocrx_word' id='word_1_185' title='bbox 1552 1291 1716 1346; x_wconf 83' lang='grc' dir='ltr'><em>Ἰστέον,</em></span> 
     </span>
     <span class='ocr_line' id='line_1_21' title="bbox 275 1343 1722 1404; baseline -0.001 -15"><span class='ocrx_word' id='word_1_186' title='bbox 275 1344 339 1389; x_wconf 76' lang='grc' dir='ltr'><em>ὅτι</em></span> <span class='ocrx_word' id='word_1_187' title='bbox 357 1345 426 1388; x_wconf 74' lang='grc' dir='ltr'>διά</span> <span class='ocrx_word' id='word_1_188' title='bbox 445 1344 634 1388; x_wconf 86' lang='grc' dir='ltr'><em>τοιούτου</em></span> <span class='ocrx_word' id='word_1_189' title='bbox 665 1345 877 1402; x_wconf 82' lang='grc' dir='ltr'><em>σχήματος</em></span> <span class='ocrx_word' id='word_1_190' title='bbox 905 1378 916 1388; x_wconf 94' lang='grc'><strong>.</strong></span> <span class='ocrx_word' id='word_1_191' title='bbox 946 1378 958 1388; x_wconf 93' lang='grc'><strong>.</strong></span> <span class='ocrx_word' id='word_1_192' title='bbox 992 1378 1004 1388; x_wconf 89' lang='grc'><strong>.</strong></span> <span class='ocrx_word' id='word_1_193' title='bbox 1033 1346 1073 1388; x_wconf 81' lang='grc' dir='ltr'><em>εἰ</em></span> <span class='ocrx_word' id='word_1_194' title='bbox 1101 1349 1168 1404; x_wconf 81' lang='lat' dir='ltr'>[f.&#39;</span> <span class='ocrx_word' id='word_1_195' title='bbox 1187 1345 1343 1402; x_wconf 77' lang='grc' dir='ltr'>ὥσαεί]</span> <span class='ocrx_word' id='word_1_196' title='bbox 1374 1348 1419 1390; x_wconf 78' lang='grc' dir='ltr'>ἐν</span> <span class='ocrx_word' id='word_1_197' title='bbox 1448 1343 1603 1394; x_wconf 83' lang='grc' dir='ltr'><strong><em>πάσαις</em></strong></span> <span class='ocrx_word' id='word_1_198' title='bbox 1627 1351 1722 1395; x_wconf 79' lang='grc' dir='ltr'><em>ταῖς</em></span> 
     </span>
     <span class='ocr_line' id='line_1_22' title="bbox 278 1398 1723 1457; baseline 0 -14"><span class='ocrx_word' id='word_1_199' title='bbox 278 1404 430 1456; x_wconf 83' lang='grc' dir='ltr'><em>δοχαῖς</em></span> <span class='ocrx_word' id='word_1_200' title='bbox 457 1399 529 1443; x_wconf 78' lang='grc' dir='ltr'>διὰ</span> <span class='ocrx_word' id='word_1_201' title='bbox 557 1402 760 1454; x_wconf 81' lang='grc' dir='ltr'><em>νεύματος</em></span> <span class='ocrx_word' id='word_1_202' title='bbox 799 1405 878 1443; x_wconf 85' lang='grc' dir='ltr'>τοῦ</span> <span class='ocrx_word' id='word_1_203' title='bbox 906 1401 1106 1444; x_wconf 81' lang='grc' dir='ltr'><em>δεσπότου</em></span> <span class='ocrx_word' id='word_1_204' title='bbox 1146 1401 1167 1444; x_wconf 85' lang='grc' dir='ltr'><em>ὃ</em></span> <span class='ocrx_word' id='word_1_205' title='bbox 1196 1400 1469 1457; x_wconf 87' lang='grc' dir='ltr'><em>πραιπόσιτος</em></span> <span class='ocrx_word' id='word_1_206' title='bbox 1495 1398 1608 1442; x_wconf 84' lang='grc' dir='ltr'><em>νεύει</em></span> <span class='ocrx_word' id='word_1_207' title='bbox 1636 1406 1723 1450; x_wconf 79' lang='grc' dir='ltr'><em>τοῖς</em></span> 
     </span>
     <span class='ocr_line' id='line_1_23' title="bbox 274 1454 1723 1514; baseline 0 -16"><span class='ocrx_word' id='word_1_208' title='bbox 274 1458 524 1514; x_wconf 73' lang='grc' dir='ltr'><em>’ὀφείλουσιν</em></span> <span class='ocrx_word' id='word_1_209' title='bbox 552 1458 715 1507; x_wconf 81' lang='grc' dir='ltr'><em>εἶσάξαι</em></span> <span class='ocrx_word' id='word_1_210' title='bbox 747 1454 829 1498; x_wconf 86' lang='grc' dir='ltr'><em>εἴτε</em></span> <span class='ocrx_word' id='word_1_211' title='bbox 866 1455 917 1498; x_wconf 76' lang='grc' dir='ltr'>τὰ</span> <span class='ocrx_word' id='word_1_212' title='bbox 957 1456 1058 1498; x_wconf 80' lang='grc' dir='ltr'><em>κατὰ</em></span> <span class='ocrx_word' id='word_1_213' title='bbox 1099 1457 1227 1499; x_wconf 81' lang='grc' dir='ltr'><em>τύπον</em></span> <span class='ocrx_word' id='word_1_214' title='bbox 1263 1455 1512 1512; x_wconf 77' lang='grc' dir='ltr'><em>εἷσαγόμενα</em></span> <span class='ocrx_word' id='word_1_215' title='bbox 1538 1458 1648 1508; x_wconf 79' lang='grc' dir='ltr'>βῆλα</span> <span class='ocrx_word' id='word_1_216' title='bbox 1675 1457 1723 1498; x_wconf 81' lang='grc' dir='ltr'>ἐν</span> 
     </span>
     <span class='ocr_line' id='line_1_24' title="bbox 276 1509 1721 1568; baseline -0.002 -13"><span class='ocrx_word' id='word_1_217' title='bbox 276 1518 369 1561; x_wconf 81' lang='grc' dir='ltr'><em>ταῖς</em></span> <span class='ocrx_word' id='word_1_218' title='bbox 397 1514 568 1566; x_wconf 79' lang='grc' dir='ltr'><em>δοχαῖς,</em></span> <span class='ocrx_word' id='word_1_219' title='bbox 599 1510 682 1553; x_wconf 82' lang='grc' dir='ltr'><em>εἴτε</em></span> <span class='ocrx_word' id='word_1_220' title='bbox 710 1512 886 1554; x_wconf 73' lang='grc' dir='ltr'><em>ἐθνικῶν</em></span> <span class='ocrx_word' id='word_1_221' title='bbox 913 1510 1072 1560; x_wconf 84' lang='grc' dir='ltr'><em>εἴσοδος</em></span> <span class='ocrx_word' id='word_1_222' title='bbox 1100 1509 1262 1568; x_wconf 73' lang='grc' dir='ltr'><em>ὀφείλει</em></span> <span class='ocrx_word' id='word_1_223' title='bbox 1287 1513 1505 1565; x_wconf 74' lang='grc' dir='ltr'><em>γενέσθαι,</em></span> <span class='ocrx_word' id='word_1_224' title='bbox 1545 1510 1629 1552; x_wconf 85' lang='grc' dir='ltr'><em>εἴτε</em></span> <span class='ocrx_word' id='word_1_225' title='bbox 1655 1513 1721 1562; x_wconf 84' lang='grc' dir='ltr'><em>ξε-</em></span> 
     </span>
     <span class='ocr_line' id='line_1_25' title="bbox 276 1563 1720 1627; baseline -0.002 -18"><span class='ocrx_word' id='word_1_226' title='bbox 276 1569 431 1613; x_wconf 78' lang='grc' dir='ltr'><em>ναλίων</em></span> <span class='ocrx_word' id='word_1_227' title='bbox 459 1569 502 1617; x_wconf 80' lang='grc' dir='ltr'>ἔξ</span> <span class='ocrx_word' id='word_1_228' title='bbox 527 1568 762 1609; x_wconf 76' lang='grc' dir='ltr'><em>ἄλλοὲθνων</em></span> <span class='ocrx_word' id='word_1_229' title='bbox 779 1563 1011 1619; x_wconf 80' lang='grc' dir='ltr'><em>μελλόντων</em></span> <span class='ocrx_word' id='word_1_230' title='bbox 1039 1567 1227 1609; x_wconf 84' lang='grc' dir='ltr'><em>εἰσιέναι.</em></span> <span class='ocrx_word' id='word_1_231' title='bbox 1282 1569 1348 1608; x_wconf 92' lang='lat' dir='ltr'>Ad</span> <span class='ocrx_word' id='word_1_232' title='bbox 1363 1583 1449 1608; x_wconf 90' lang='lat' dir='ltr'>rem</span> <span class='ocrx_word' id='word_1_233' title='bbox 1467 1569 1593 1627; x_wconf 85' lang='lat' dir='ltr'>ipsam</span> <span class='ocrx_word' id='word_1_234' title='bbox 1611 1568 1720 1622; x_wconf 88' lang='lat' dir='ltr'>quod</span> 
     </span>
     <span class='ocr_line' id='line_1_26' title="bbox 278 1621 1720 1678; baseline -0.001 -14"><span class='ocrx_word' id='word_1_235' title='bbox 278 1626 442 1674; x_wconf 83' lang='lat' dir='ltr'>attinet,</span> <span class='ocrx_word' id='word_1_236' title='bbox 473 1621 610 1663; x_wconf 83' lang='grc' dir='ltr'><em>νεύειν</em></span> <span class='ocrx_word' id='word_1_237' title='bbox 649 1626 765 1664; x_wconf 84' lang='lat' dir='ltr'>novis</span> <span class='ocrx_word' id='word_1_238' title='bbox 787 1625 949 1664; x_wconf 88' lang='lat' dir='ltr'>Graecis</span> <span class='ocrx_word' id='word_1_239' title='bbox 983 1631 1042 1663; x_wconf 90' lang='lat' dir='ltr'>est</span> <span class='ocrx_word' id='word_1_240' title='bbox 1061 1632 1163 1664; x_wconf 91' lang='lat' dir='ltr'>nutu</span> <span class='ocrx_word' id='word_1_241' title='bbox 1191 1625 1348 1678; x_wconf 86' lang='lat' dir='ltr'>signum</span> <span class='ocrx_word' id='word_1_242' title='bbox 1385 1624 1481 1663; x_wconf 87' lang='lat' dir='ltr'>dare</span> <span class='ocrx_word' id='word_1_243' title='bbox 1507 1623 1720 1677; x_wconf 87' lang='lat' dir='ltr'>opportuni</span> 
     </span>
     <span class='ocr_line' id='line_1_27' title="bbox 279 1678 1724 1734; baseline -0.002 -15"><span class='ocrx_word' id='word_1_244' title='bbox 279 1683 470 1734; x_wconf 89' lang='lat' dir='ltr'>temporis</span> <span class='ocrx_word' id='word_1_245' title='bbox 496 1681 744 1734; x_wconf 80' lang='lat' dir='ltr'>peragendae</span> <span class='ocrx_word' id='word_1_246' title='bbox 767 1679 935 1719; x_wconf 88' lang='lat' dir='ltr'>alicuius</span> <span class='ocrx_word' id='word_1_247' title='bbox 959 1682 1176 1734; x_wconf 79' lang='lat' dir='ltr'>imperatae</span> <span class='ocrx_word' id='word_1_248' title='bbox 1198 1681 1285 1730; x_wconf 91' lang='lat' dir='ltr'>rei,</span> <span class='ocrx_word' id='word_1_249' title='bbox 1314 1694 1388 1734; x_wconf 91' lang='lat' dir='ltr'>pro</span> <span class='ocrx_word' id='word_1_250' title='bbox 1415 1692 1496 1733; x_wconf 86' lang='lat' dir='ltr'>quo</span> <span class='ocrx_word' id='word_1_251' title='bbox 1524 1681 1641 1717; x_wconf 77' lang='lat' dir='ltr'>etiam</span> <span class='ocrx_word' id='word_1_252' title='bbox 1669 1678 1724 1717; x_wconf 90' lang='lat' dir='ltr'>di-</span> 
     </span>
     <span class='ocr_line' id='line_1_28' title="bbox 281 1730 1724 1789; baseline -0.002 -15"><span class='ocrx_word' id='word_1_253' title='bbox 281 1743 378 1775; x_wconf 89' lang='lat' dir='ltr'>cunt</span> <span class='ocrx_word' id='word_1_254' title='bbox 399 1733 546 1786; x_wconf 86' lang='grc' dir='ltr'><em>καιρὸν</em></span> <span class='ocrx_word' id='word_1_255' title='bbox 574 1730 740 1775; x_wconf 82' lang='grc' dir='ltr'><em>διδόναι</em></span> <span class='ocrx_word' id='word_1_256' title='bbox 753 1768 766 1787; x_wconf 83' lang='grc'>,</span> <span class='ocrx_word' id='word_1_257' title='bbox 794 1744 839 1774; x_wconf 91' lang='lat' dir='ltr'>ut</span> <span class='ocrx_word' id='word_1_258' title='bbox 860 1743 997 1775; x_wconf 90' lang='lat' dir='ltr'>contra</span> <span class='ocrx_word' id='word_1_259' title='bbox 1015 1737 1085 1788; x_wconf 87' lang='lat' dir='ltr'>qui</span> <span class='ocrx_word' id='word_1_260' title='bbox 1104 1738 1216 1789; x_wconf 84' lang='lat' dir='ltr'>signo</span> <span class='ocrx_word' id='word_1_261' title='bbox 1236 1735 1330 1774; x_wconf 91' lang='lat' dir='ltr'>dato</span> <span class='ocrx_word' id='word_1_262' title='bbox 1348 1735 1612 1786; x_wconf 87' lang='lat' dir='ltr'>obtemperat,</span> <span class='ocrx_word' id='word_1_263' title='bbox 1638 1746 1724 1772; x_wconf 77' lang='grc' dir='ltr'><em>και-</em></span> 
     </span>
     <span class='ocr_line' id='line_1_29' title="bbox 281 1787 1721 1843; baseline -0.003 -13"><span class='ocrx_word' id='word_1_264' title='bbox 281 1787 357 1843; x_wconf 80' lang='grc' dir='ltr'>ρὸν</span> <span class='ocrx_word' id='word_1_265' title='bbox 384 1787 610 1842; x_wconf 80' lang='grc' dir='ltr'><em>λαμβάνειν</em></span> <span class='ocrx_word' id='word_1_266' title='bbox 633 1791 803 1843; x_wconf 84' lang='lat' dir='ltr'>dicitur,</span> <span class='ocrx_word' id='word_1_267' title='bbox 834 1792 1004 1830; x_wconf 87' lang='lat' dir='ltr'>formula</span> <span class='ocrx_word' id='word_1_268' title='bbox 1021 1791 1218 1843; x_wconf 86' lang='lat' dir='ltr'>frequenti</span> <span class='ocrx_word' id='word_1_269' title='bbox 1239 1793 1280 1828; x_wconf 92' lang='lat' dir='ltr'>in</span> <span class='ocrx_word' id='word_1_270' title='bbox 1305 1788 1530 1829; x_wconf 86' lang='lat' dir='ltr'>Pontificali</span> <span class='ocrx_word' id='word_1_271' title='bbox 1561 1787 1721 1827; x_wconf 87' lang='lat' dir='ltr'>Haber-</span> 
     </span>
     <span class='ocr_line' id='line_1_30' title="bbox 278 1842 1721 1897; baseline -0.002 -13"><span class='ocrx_word' id='word_1_272' title='bbox 278 1848 325 1885; x_wconf 86' lang='lat' dir='ltr'>ti.</span> <span class='ocrx_word' id='word_1_273' title='bbox 385 1847 466 1885; x_wconf 90' lang='lat' dir='ltr'>Pro</span> <span class='ocrx_word' id='word_1_274' title='bbox 496 1842 566 1886; x_wconf 70' lang='grc' dir='ltr'>διὰ</span> <span class='ocrx_word' id='word_1_275' title='bbox 595 1842 799 1897; x_wconf 81' lang='grc' dir='ltr'>νεύματος</span> <span class='ocrx_word' id='word_1_276' title='bbox 825 1844 1028 1895; x_wconf 80' lang='grc' dir='ltr'><em>κελεύειν,</em></span> <span class='ocrx_word' id='word_1_277' title='bbox 1067 1847 1207 1885; x_wconf 79' lang='lat' dir='ltr'>divina</span> <span class='ocrx_word' id='word_1_278' title='bbox 1237 1846 1487 1884; x_wconf 70' lang='lat' dir='ltr'>annmatione</span> <span class='ocrx_word' id='word_1_279' title='bbox 1518 1843 1721 1894; x_wconf 75' lang='lat' dir='ltr'>indicare,</span> 
     </span>
     <span class='ocr_line' id='line_1_31' title="bbox 279 1898 1722 1955; baseline -0.003 -15"><span class='ocrx_word' id='word_1_280' title='bbox 279 1901 444 1953; x_wconf 86' lang='lat' dir='ltr'>iubere,</span> <span class='ocrx_word' id='word_1_281' title='bbox 484 1916 628 1954; x_wconf 89' lang='lat' dir='ltr'>nempe</span> <span class='ocrx_word' id='word_1_282' title='bbox 649 1931 660 1952; x_wconf 94' lang='lat'>,</span> <span class='ocrx_word' id='word_1_283' title='bbox 704 1902 770 1940; x_wconf 92' lang='lat' dir='ltr'>hie</span> <span class='ocrx_word' id='word_1_284' title='bbox 802 1902 963 1954; x_wconf 90' lang='lat' dir='ltr'>quidem</span> <span class='ocrx_word' id='word_1_285' title='bbox 994 1901 1098 1951; x_wconf 91' lang='lat' dir='ltr'>loci,</span> <span class='ocrx_word' id='word_1_286' title='bbox 1143 1915 1328 1955; x_wconf 89' lang='lat' dir='ltr'>proceres</span> <span class='ocrx_word' id='word_1_287' title='bbox 1362 1899 1414 1938; x_wconf 91' lang='lat' dir='ltr'>ad</span> <span class='ocrx_word' id='word_1_288' title='bbox 1446 1898 1722 1938; x_wconf 85' lang='lat' dir='ltr'>venerandum</span> 
     </span>
     <span class='ocr_line' id='line_1_32' title="bbox 281 1953 1703 2011; baseline -0.003 -15"><span class='ocrx_word' id='word_1_289' title='bbox 281 1957 510 2011; x_wconf 79' lang='lat' dir='ltr'>Augustum</span> <span class='ocrx_word' id='word_1_290' title='bbox 547 1957 868 1996; x_wconf 87' lang='lat' dir='ltr'>intromittendos</span> <span class='ocrx_word' id='word_1_291' title='bbox 905 1970 1014 2006; x_wconf 90' lang='lat' dir='ltr'>esse,</span> <span class='ocrx_word' id='word_1_292' title='bbox 1060 1955 1179 1994; x_wconf 88' lang='lat' dir='ltr'>Anna</span> <span class='ocrx_word' id='word_1_293' title='bbox 1207 1955 1412 1994; x_wconf 89' lang='lat' dir='ltr'>Comnena</span> <span class='ocrx_word' id='word_1_294' title='bbox 1446 1953 1647 1992; x_wconf 85' lang='lat' dir='ltr'>Alexiadis</span> <span class='ocrx_word' id='word_1_295' title='bbox 1675 1967 1703 2006; x_wconf 91' lang='lat' dir='ltr'>p</span> 
     </span>
     <span class='ocr_line' id='line_1_33' title="bbox 281 2004 1725 2061; baseline -0.003 -9"><span class='ocrx_word' id='word_1_296' title='bbox 281 2013 378 2052; x_wconf 83' lang='lat'><strong>263.</strong></span> <span class='ocrx_word' id='word_1_297' title='bbox 411 2014 464 2051; x_wconf 91' lang='lat' dir='ltr'>D.</span> <span class='ocrx_word' id='word_1_298' title='bbox 498 2027 532 2051; x_wconf 90' lang='lat'>1.</span> <span class='ocrx_word' id='word_1_299' title='bbox 564 2013 673 2051; x_wconf 86' lang='lat' dir='ltr'>dedit</span> <span class='ocrx_word' id='word_1_300' title='bbox 703 2008 747 2051; x_wconf 86' lang='grc' dir='ltr'>τὸ</span> <span class='ocrx_word' id='word_1_301' title='bbox 781 2012 928 2050; x_wconf 79' lang='grc' dir='ltr'><em>δοῦναι</em></span> <span class='ocrx_word' id='word_1_302' title='bbox 953 2014 1039 2056; x_wconf 80' lang='grc' dir='ltr'><em>τοῖς</em></span> <span class='ocrx_word' id='word_1_303' title='bbox 1067 2007 1224 2059; x_wconf 74' lang='grc' dir='ltr'><em>ἔξωθεν</em></span> <span class='ocrx_word' id='word_1_304' title='bbox 1259 2006 1335 2061; x_wconf 80' lang='grc' dir='ltr'>τὴν</span> <span class='ocrx_word' id='word_1_305' title='bbox 1365 2006 1524 2049; x_wconf 78' lang='grc' dir='ltr'>εἴσοδον</span> <span class='ocrx_word' id='word_1_306' title='bbox 1551 2004 1624 2047; x_wconf 76' lang='grc' dir='ltr'>διὰ</span> <span class='ocrx_word' id='word_1_307' title='bbox 1650 2007 1725 2048; x_wconf 79' lang='grc' dir='ltr'>τοῦ</span> 
     </span>
     <span class='ocr_line' id='line_1_34' title="bbox 282 2062 1723 2121; baseline -0.002 -16"><span class='ocrx_word' id='word_1_308' title='bbox 282 2066 518 2118; x_wconf 84' lang='grc' dir='ltr'><em>βλέμματος</em></span> <span class='ocrx_word' id='word_1_309' title='bbox 539 2067 772 2121; x_wconf 79' lang='grc' dir='ltr'><em>ἐμφαίνειν.</em></span> <span class='ocrx_word' id='word_1_310' title='bbox 827 2068 983 2120; x_wconf 83' lang='lat' dir='ltr'>Dignus</span> <span class='ocrx_word' id='word_1_311' title='bbox 1011 2072 1095 2115; x_wconf 83' lang='lat' dir='ltr'>est,</span> <span class='ocrx_word' id='word_1_312' title='bbox 1132 2067 1201 2119; x_wconf 91' lang='lat' dir='ltr'>qui</span> <span class='ocrx_word' id='word_1_313' title='bbox 1233 2073 1341 2104; x_wconf 90' lang='lat' dir='ltr'>totus</span> <span class='ocrx_word' id='word_1_314' title='bbox 1372 2071 1622 2118; x_wconf 78' lang='lat' dir='ltr'>apponatur,</span> <span class='ocrx_word' id='word_1_315' title='bbox 1653 2062 1723 2102; x_wconf 83' lang='lat' dir='ltr'>ille</span> 
     </span>
     <span class='ocr_line' id='line_1_35' title="bbox 282 2119 1723 2175; baseline -0.001 -15"><span class='ocrx_word' id='word_1_316' title='bbox 282 2121 421 2173; x_wconf 87' lang='lat' dir='ltr'>locus;</span> <span class='ocrx_word' id='word_1_317' title='bbox 457 2130 495 2162; x_wconf 89' lang='lat' dir='ltr'>et</span> <span class='ocrx_word' id='word_1_318' title='bbox 523 2123 631 2162; x_wconf 91' lang='lat' dir='ltr'>hunc</span> <span class='ocrx_word' id='word_1_319' title='bbox 658 2129 907 2175; x_wconf 85' lang='lat' dir='ltr'>praesentem</span> <span class='ocrx_word' id='word_1_320' title='bbox 933 2129 1114 2160; x_wconf 88' lang='lat' dir='ltr'>nostrum</span> <span class='ocrx_word' id='word_1_321' title='bbox 1134 2151 1146 2170; x_wconf 95' lang='lat'>,</span> <span class='ocrx_word' id='word_1_322' title='bbox 1175 2128 1214 2159; x_wconf 92' lang='lat' dir='ltr'>et</span> <span class='ocrx_word' id='word_1_323' title='bbox 1241 2121 1339 2159; x_wconf 91' lang='lat' dir='ltr'>alios</span> <span class='ocrx_word' id='word_1_324' title='bbox 1371 2121 1508 2159; x_wconf 88' lang='lat' dir='ltr'>Nostri</span> <span class='ocrx_word' id='word_1_325' title='bbox 1537 2119 1723 2172; x_wconf 89' lang='lat' dir='ltr'>deinceps</span> 
     </span>
     <span class='ocr_line' id='line_1_36' title="bbox 273 2175 1724 2230; baseline -0.002 -15"><span class='ocrx_word' id='word_1_326' title='bbox 273 2176 418 2230; x_wconf 79' lang='lat' dir='ltr'>&#39;plures</span> <span class='ocrx_word' id='word_1_327' title='bbox 439 2178 708 2218; x_wconf 85' lang='lat' dir='ltr'>illustraturus</span> <span class='ocrx_word' id='word_1_328' title='bbox 724 2207 735 2227; x_wconf 90' lang='lat'>,</span> <span class='ocrx_word' id='word_1_329' title='bbox 765 2180 806 2216; x_wconf 93' lang='lat' dir='ltr'>in</span> <span class='ocrx_word' id='word_1_330' title='bbox 829 2177 973 2230; x_wconf 85' lang='lat' dir='ltr'>quibus</span> <span class='ocrx_word' id='word_1_331' title='bbox 999 2176 1048 2215; x_wconf 91' lang='lat' dir='ltr'>de</span> <span class='ocrx_word' id='word_1_332' title='bbox 1070 2177 1236 2215; x_wconf 91' lang='lat' dir='ltr'>Senatus</span> <span class='ocrx_word' id='word_1_333' title='bbox 1257 2178 1299 2214; x_wconf 90' lang='lat' dir='ltr'>in</span> <span class='ocrx_word' id='word_1_334' title='bbox 1329 2175 1619 2214; x_wconf 89' lang='lat' dir='ltr'>Consistorium</span> <span class='ocrx_word' id='word_1_335' title='bbox 1635 2187 1724 2227; x_wconf 79' lang='lat' dir='ltr'>pro-</span> 
     </span>
     <span class='ocr_line' id='line_1_37' title="bbox 283 2229 1723 2284; baseline -0.002 -14"><span class='ocrx_word' id='word_1_336' title='bbox 283 2235 458 2272; x_wconf 88' lang='lat' dir='ltr'>cessione</span> <span class='ocrx_word' id='word_1_337' title='bbox 490 2249 558 2272; x_wconf 88' lang='lat' dir='ltr'>seu</span> <span class='ocrx_word' id='word_1_338' title='bbox 583 2241 782 2272; x_wconf 86' lang='lat' dir='ltr'>conventu</span> <span class='ocrx_word' id='word_1_339' title='bbox 803 2241 842 2272; x_wconf 89' lang='lat' dir='ltr'>et</span> <span class='ocrx_word' id='word_1_340' title='bbox 870 2232 1044 2271; x_wconf 80' lang='lat' dir='ltr'>Silentiis</span> <span class='ocrx_word' id='word_1_341' title='bbox 1066 2233 1198 2284; x_wconf 83' lang='lat' dir='ltr'>agitur</span> <span class='ocrx_word' id='word_1_342' title='bbox 1216 2261 1227 2281; x_wconf 91' lang='lat'>,</span> <span class='ocrx_word' id='word_1_343' title='bbox 1260 2238 1306 2270; x_wconf 87' lang='lat' dir='ltr'>ut</span> <span class='ocrx_word' id='word_1_344' title='bbox 1331 2232 1400 2284; x_wconf 91' lang='lat' dir='ltr'>qui</span> <span class='ocrx_word' id='word_1_345' title='bbox 1429 2230 1534 2269; x_wconf 87' lang='lat' dir='ltr'>clare</span> <span class='ocrx_word' id='word_1_346' title='bbox 1559 2229 1723 2279; x_wconf 84' lang='lat' dir='ltr'>doceat,</span> 
     </span>
     <span class='ocr_line' id='line_1_38' title="bbox 284 2286 1723 2342; baseline -0.003 -15"><span class='ocrx_word' id='word_1_347' title='bbox 284 2289 487 2339; x_wconf 90' lang='lat' dir='ltr'>quomodo</span> <span class='ocrx_word' id='word_1_348' title='bbox 515 2289 757 2342; x_wconf 87' lang='lat' dir='ltr'>praesederit</span> <span class='ocrx_word' id='word_1_349' title='bbox 790 2289 1032 2341; x_wconf 82' lang='lat' dir='ltr'>Imperator,</span> <span class='ocrx_word' id='word_1_350' title='bbox 1069 2286 1270 2339; x_wconf 89' lang='lat' dir='ltr'>quomodo</span> <span class='ocrx_word' id='word_1_351' title='bbox 1300 2293 1543 2339; x_wconf 87' lang='lat' dir='ltr'>protectores</span> <span class='ocrx_word' id='word_1_352' title='bbox 1578 2297 1723 2336; x_wconf 89' lang='lat' dir='ltr'>corpo-</span> 
     </span>
     <span class='ocr_line' id='line_1_39' title="bbox 284 2339 1723 2398; baseline -0.003 -18"><span class='ocrx_word' id='word_1_353' title='bbox 284 2343 338 2380; x_wconf 90' lang='lat' dir='ltr'>ris</span> <span class='ocrx_word' id='word_1_354' title='bbox 366 2346 467 2382; x_wconf 88' lang='lat' dir='ltr'>sacri</span> <span class='ocrx_word' id='word_1_355' title='bbox 503 2345 727 2383; x_wconf 88' lang='lat' dir='ltr'>adstiterint</span> <span class='ocrx_word' id='word_1_356' title='bbox 742 2374 754 2395; x_wconf 87' lang='lat'>,</span> <span class='ocrx_word' id='word_1_357' title='bbox 791 2358 910 2398; x_wconf 88' lang='lat' dir='ltr'>quem</span> <span class='ocrx_word' id='word_1_358' title='bbox 949 2341 1083 2381; x_wconf 89' lang='lat' dir='ltr'>locum</span> <span class='ocrx_word' id='word_1_359' title='bbox 1118 2342 1364 2381; x_wconf 89' lang='lat' dir='ltr'>obtinuerint</span> <span class='ocrx_word' id='word_1_360' title='bbox 1393 2341 1490 2394; x_wconf 81' lang='lat' dir='ltr'>regii</span> <span class='ocrx_word' id='word_1_361' title='bbox 1520 2339 1723 2392; x_wconf 87' lang='lat' dir='ltr'>sanguinis</span> 
     </span>
     <span class='ocr_line' id='line_1_40' title="bbox 285 2394 1726 2451; baseline -0.003 -15"><span class='ocrx_word' id='word_1_362' title='bbox 285 2398 364 2436; x_wconf 84' lang='lat' dir='ltr'>viri</span> <span class='ocrx_word' id='word_1_363' title='bbox 383 2427 394 2447; x_wconf 94' lang='lat'>,</span> <span class='ocrx_word' id='word_1_364' title='bbox 424 2413 543 2451; x_wconf 89' lang='lat' dir='ltr'>quem</span> <span class='ocrx_word' id='word_1_365' title='bbox 571 2407 796 2449; x_wconf 86' lang='lat' dir='ltr'>senatores,</span> <span class='ocrx_word' id='word_1_366' title='bbox 826 2398 923 2451; x_wconf 89' lang='lat' dir='ltr'>quid</span> <span class='ocrx_word' id='word_1_367' title='bbox 955 2399 997 2436; x_wconf 88' lang='lat' dir='ltr'>in</span> <span class='ocrx_word' id='word_1_368' title='bbox 1021 2396 1185 2435; x_wconf 90' lang='lat' dir='ltr'>silentiis</span> <span class='ocrx_word' id='word_1_369' title='bbox 1213 2405 1371 2446; x_wconf 88' lang='lat' dir='ltr'>actum,</span> <span class='ocrx_word' id='word_1_370' title='bbox 1401 2394 1604 2449; x_wconf 89' lang='lat' dir='ltr'>quomodo</span> <span class='ocrx_word' id='word_1_371' title='bbox 1629 2407 1726 2446; x_wconf 90' lang='lat' dir='ltr'>pro-</span> 
     </span>
     <span class='ocr_line' id='line_1_41' title="bbox 288 2448 1725 2502; baseline -0.003 -11"><span class='ocrx_word' id='word_1_372' title='bbox 288 2467 442 2491; x_wconf 89' lang='lat' dir='ltr'>cessum</span> <span class='ocrx_word' id='word_1_373' title='bbox 462 2454 597 2493; x_wconf 87' lang='lat' dir='ltr'>fuerit.</span> <span class='ocrx_word' id='word_1_374' title='bbox 661 2451 711 2494; x_wconf 87' lang='grc' dir='ltr'>Οἱ</span> <span class='ocrx_word' id='word_1_375' title='bbox 741 2453 872 2493; x_wconf 83' lang='grc' dir='ltr'><em>πάλαι</em></span> <span class='ocrx_word' id='word_1_376' title='bbox 898 2452 980 2501; x_wconf 70' lang='grc' dir='ltr'>τῶν</span> <span class='ocrx_word' id='word_1_377' title='bbox 1007 2451 1233 2502; x_wconf 77' lang='grc' dir='ltr'><em>βασιλικῶν</em></span> <span class='ocrx_word' id='word_1_378' title='bbox 1253 2449 1458 2502; x_wconf 80' lang='grc' dir='ltr'><em>σωμάτων</em></span> <span class='ocrx_word' id='word_1_379' title='bbox 1485 2448 1725 2500; x_wconf 76' lang='grc' dir='ltr'>τεταγμένοι</span> 
     </span>
     <span class='ocr_line' id='line_1_42' title="bbox 288 2499 1730 2561; baseline -0.003 -15"><span class='ocrx_word' id='word_1_380' title='bbox 288 2505 471 2561; x_wconf 83' lang='grc' dir='ltr'><em>φύλακες</em></span> <span class='ocrx_word' id='word_1_381' title='bbox 499 2509 658 2558; x_wconf 81' lang='grc' dir='ltr'><em>πρῶτοι</em></span> <span class='ocrx_word' id='word_1_382' title='bbox 686 2505 790 2561; x_wconf 82' lang='grc' dir='ltr'>πρὸς</span> <span class='ocrx_word' id='word_1_383' title='bbox 816 2505 892 2561; x_wconf 76' lang='grc' dir='ltr'>τὴν</span> <span class='ocrx_word' id='word_1_384' title='bbox 919 2503 1140 2558; x_wconf 67' lang='grc' dir='ltr'><em>βασιλικὴν</em></span> <span class='ocrx_word' id='word_1_385' title='bbox 1170 2501 1359 2559; x_wconf 78' lang='grc' dir='ltr'><em>ἐχώρουν</em></span> <span class='ocrx_word' id='word_1_386' title='bbox 1375 2500 1551 2558; x_wconf 78' lang='grc' dir='ltr'><em>σκηνὴν,</em></span> <span class='ocrx_word' id='word_1_387' title='bbox 1581 2499 1619 2542; x_wconf 84' lang='grc' dir='ltr'>οἱ</span> <span class='ocrx_word' id='word_1_388' title='bbox 1648 2502 1730 2553; x_wconf 85' lang='grc' dir='ltr'><em>μὲν</em></span> 
     </span>
     <span class='ocr_line' id='line_1_43' title="bbox 285 2559 1728 2618; baseline -0.004 -17"><span class='ocrx_word' id='word_1_389' title='bbox 285 2562 388 2617; x_wconf 72' lang='grc' dir='ltr'>ξίφη</span> <span class='ocrx_word' id='word_1_390' title='bbox 417 2563 763 2615; x_wconf 83' lang='grc' dir='ltr'><em>περιεζωσμένοι,</em></span> <span class='ocrx_word' id='word_1_391' title='bbox 795 2563 917 2618; x_wconf 90' lang='lat' dir='ltr'>[sunt</span> <span class='ocrx_word' id='word_1_392' title='bbox 945 2562 1135 2616; x_wconf 85' lang='lat' dir='ltr'>spatharii</span> <span class='ocrx_word' id='word_1_393' title='bbox 1167 2569 1207 2600; x_wconf 91' lang='lat' dir='ltr'>et</span> <span class='ocrx_word' id='word_1_394' title='bbox 1235 2576 1373 2601; x_wconf 90' lang='lat' dir='ltr'>omnes</span> <span class='ocrx_word' id='word_1_395' title='bbox 1395 2561 1446 2599; x_wconf 93' lang='lat' dir='ltr'>de</span> <span class='ocrx_word' id='word_1_396' title='bbox 1471 2559 1622 2612; x_wconf 87' lang='lat' dir='ltr'>spathis</span> <span class='ocrx_word' id='word_1_397' title='bbox 1653 2570 1728 2596; x_wconf 91' lang='lat' dir='ltr'>no-</span> 
     </span>
     <span class='ocr_line' id='line_1_44' title="bbox 287 2610 1725 2672; baseline -0.006 -14"><span class='ocrx_word' id='word_1_398' title='bbox 287 2617 455 2671; x_wconf 84' lang='lat' dir='ltr'>minati]</span> <span class='ocrx_word' id='word_1_399' title='bbox 488 2614 588 2656; x_wconf 81' lang='grc' dir='ltr'>οἶδὲ</span> <span class='ocrx_word' id='word_1_400' title='bbox 611 2616 768 2671; x_wconf 86' lang='grc' dir='ltr'><em>δόρατα</em></span> <span class='ocrx_word' id='word_1_401' title='bbox 786 2618 1000 2672; x_wconf 82' lang='grc' dir='ltr'><em>φέροντες,</em></span> <span class='ocrx_word' id='word_1_402' title='bbox 1032 2617 1151 2671; x_wconf 88' lang='lat' dir='ltr'>[sunt</span> <span class='ocrx_word' id='word_1_403' title='bbox 1177 2614 1228 2655; x_wconf 80' lang='grc' dir='ltr'>τὰ</span> <span class='ocrx_word' id='word_1_404' title='bbox 1254 2611 1457 2668; x_wconf 58' lang='lat' dir='ltr'>”Apparet</span> <span class='ocrx_word' id='word_1_405' title='bbox 1471 2646 1483 2665; x_wconf 93' lang='lat'>‚</span> <span class='ocrx_word' id='word_1_406' title='bbox 1513 2610 1725 2666; x_wconf 84' lang='lat' dir='ltr'>armigeri]</span> 
     </span>
     <span class='ocr_line' id='line_1_45' title="bbox 287 2662 1728 2726; baseline -0.004 -14"><span class='ocrx_word' id='word_1_407' title='bbox 287 2667 327 2712; x_wconf 85' lang='grc' dir='ltr'>οῖ</span> <span class='ocrx_word' id='word_1_408' title='bbox 365 2671 412 2713; x_wconf 81' lang='grc' dir='ltr'>δὲ</span> <span class='ocrx_word' id='word_1_409' title='bbox 449 2668 527 2719; x_wconf 76' lang='grc' dir='ltr'>τὰς</span> <span class='ocrx_word' id='word_1_410' title='bbox 563 2671 877 2725; x_wconf 76' lang='grc' dir='ltr'><em>βαρυσιδήρους</em></span> <span class='ocrx_word' id='word_1_411' title='bbox 919 2669 1134 2726; x_wconf 74' lang='grc' dir='ltr'><em>ῥομφαίας</em></span> <span class='ocrx_word' id='word_1_412' title='bbox 1164 2670 1236 2711; x_wconf 76' lang='grc' dir='ltr'>ἐπὶ</span> <span class='ocrx_word' id='word_1_413' title='bbox 1268 2671 1350 2710; x_wconf 79' lang='grc' dir='ltr'>τῶν</span> <span class='ocrx_word' id='word_1_414' title='bbox 1386 2662 1514 2720; x_wconf 71' lang='grc' dir='ltr'><em>ὤμων</em></span> <span class='ocrx_word' id='word_1_415' title='bbox 1547 2664 1728 2719; x_wconf 77' lang='grc' dir='ltr'><em>ἔχοντες.</em></span> 
     </span>
     <span class='ocr_line' id='line_1_46' title="bbox 287 2721 1727 2783; baseline -0.006 -16"><span class='ocrx_word' id='word_1_416' title='bbox 287 2726 394 2783; x_wconf 87' lang='lat' dir='ltr'>[Per</span> <span class='ocrx_word' id='word_1_417' title='bbox 415 2724 494 2773; x_wconf 79' lang='grc' dir='ltr'><em>τοὶς</em></span> <span class='ocrx_word' id='word_1_418' title='bbox 522 2725 736 2781; x_wconf 78' lang='grc' dir='ltr'><em>ῥομφαίας</em></span> <span class='ocrx_word' id='word_1_419' title='bbox 766 2728 951 2781; x_wconf 82' lang='lat' dir='ltr'>intelligit</span> <span class='ocrx_word' id='word_1_420' title='bbox 979 2727 1097 2765; x_wconf 86' lang='lat' dir='ltr'>Anna</span> <span class='ocrx_word' id='word_1_421' title='bbox 1119 2734 1187 2765; x_wconf 88' lang='lat' dir='ltr'>aut</span> <span class='ocrx_word' id='word_1_422' title='bbox 1218 2722 1270 2766; x_wconf 82' lang='grc' dir='ltr'>τὰ</span> <span class='ocrx_word' id='word_1_423' title='bbox 1298 2721 1591 2776; x_wconf 76' lang='grc' dir='ltr'><em>σπαθοβάκλια</em></span> <span class='ocrx_word' id='word_1_424' title='bbox 1605 2734 1627 2771; x_wconf 83' lang='grc'>,·</span> <span class='ocrx_word' id='word_1_425' title='bbox 1656 2728 1727 2760; x_wconf 83' lang='lat' dir='ltr'>aut</span> 
     </span>
     <span class='ocr_line' id='line_1_47' title="bbox 289 2776 1727 2836; baseline -0.007 -12"><span class='ocrx_word' id='word_1_426' title='bbox 289 2797 446 2824; x_wconf 86' lang='lat' dir='ltr'>secures</span> <span class='ocrx_word' id='word_1_427' title='bbox 459 2783 750 2836; x_wconf 72' lang='lat' dir='ltr'>Bar-angorum,</span> <span class='ocrx_word' id='word_1_428' title='bbox 775 2785 958 2835; x_wconf 85' lang='lat' dir='ltr'>quamvis</span> <span class='ocrx_word' id='word_1_429' title='bbox 971 2781 1156 2822; x_wconf 86' lang='lat' dir='ltr'>vocabuli</span> <span class='ocrx_word' id='word_1_430' title='bbox 1169 2795 1249 2820; x_wconf 88' lang='lat' dir='ltr'>non</span> <span class='ocrx_word' id='word_1_431' title='bbox 1267 2781 1427 2835; x_wconf 87' lang='lat' dir='ltr'>propria</span> <span class='ocrx_word' id='word_1_432' title='bbox 1441 2776 1727 2832; x_wconf 79' lang='lat' dir='ltr'>significatione</span> 
     </span>
    </p>
   </div>
  </div>
 </body>
</html>
