1884 3132
177 149 252 192 An
290 148 595 192 consum.
636 149 834 190 ponpa.
874 149 946 188 DE
986 146 1168 189 cunm.
1209 147 1307 188 Lm.
1330 148 1382 187 11.
1427 126 1535 202 763

102 249 158 288 11.
187 265 229 304 p.
250 250 315 302 54.
370 249 629 305 *[Nieephori
658 251 860 299 Gregorae
895 250 1025 288 oratio
1066 252 1107 288 in
1137 249 1178 288 S.
1211 249 1539 302 leoplmnknm,

103 305 359 358 Imperatoris
385 307 530 344 Leonis
549 307 644 356 Vl„
674 306 899 358 philosophi
929 305 992 344 vel
1019 306 1206 357 sapientis
1230 305 1342 354 dieti,
1371 306 1540 358 primam

102 362 338 414 coniugem,
366 362 407 399 in
438 361 527 400 cod.
552 361 624 398 111.
656 361 762 414 apud
791 360 978 399 Lamhec.
1011 359 1196 413 L.111.]*

211 415 259 454 C.
278 415 320 456 6.
356 414 468 470 [643,
494 414 579 468 lh]
610 411 689 453 σὺν
719 412 899 468 Ev'd'oxae'cf
928 415 976 468 τῇ
1003 412 1185 466 θυγατρί
1219 410 1366 465 αὗτῆς.
1429 413 1540 468 *Uia

103 467 105 469 ¹
130 485 264 524 noque
282 470 519 524 Anonymus
549 472 587 508 in
613 470 771 522 origin.
833 470 938 508 Hine
965 470 1237 508 emendandus
1265 476 1322 507 est
1351 470 1540 522 supplen-

99 485 256 578 ,ilusque
284 525 351 564 Du
369 525 544 578 Cangius
562 554 573 575 ,
603 525 671 578 qui
701 526 740 563 in
771 524 917 563 Famil.
950 526 1115 577 Byzant.
1149 539 1190 577 p.
1223 522 1311 574 ¹4¹·
1352 538 1397 562 ex
1426 526 1536 574 zoe,

100 587 244 633 quarta
261 594 418 627 uxore,
462 587 595 618 natam
629 594 712 619 esse
740 580 963 618 Eudociain
1002 595 1023 618 e
1054 579 1304 618 Constantini
1344 578 1447 618 libro
1487 580 1539 619 de

100 635 250 674 admm.
281 636 449 688 imperio
474 650 512 674 c.
536 635 603 674 26.
634 636 819 683 coniicit3
860 642 997 673 contra
1027 650 1121 674 vero
1149 633 1461 686 Theophanonis
1490 635 1538 673 fi-

99 689 198 739 liae,
243 705 363 744 quam
397 696 536 729 tenera
576 697 704 728 aetate
741 697 946 728 mortuam>
979 705 1064 729 esse
1100 693 1314 743 scriptores
1355 689 1537 729 nonnulli

101 746 378 794 contendunt,
421 759 566 784 nomen
598 752 778 784 veterum
806 746 1074 784 monumentis
1111 746 1326 784 destitutus
1363 745 1540 784 indicare

919 812 938 832 ‘l

99 859 180 884 non
209 845 394 900 potuit.]*
450 846 495 884 In
524 846 766 885 membranis
794 854 852 885 est
878 845 948 895 αὐ,
978 846 1087 899 quod
1115 861 1239 900 aeque
1269 843 1404 886 αὐτοῦ
1417 854 1537 900 atque

99 897 229 952 αὖτῆς
255 900 332 953 legi
373 909 412 940 et
450 902 501 940 ad
532 902 707 940 Leonem
735 902 875 941 referri
902 909 1044 954 potest.
1099 902 1281 940 Dubium
1302 909 1432 941 tamen
1454 917 1535 941 uon

99 962 184 1005 est,
211 953 344 1007 αὐτῆς
370 957 672 1009 praeferendum
700 964 739 995 et
765 958 801 995 T
805 957 1107 1010 heophanonem
1137 958 1340 996 Eudociae
1367 965 1535 996 matrem

98 1010 235 1061 fuisse,
268 1011 360 1063 quia
387 1011 485 1050 haec
516 1013 554 1050 in
584 1011 687 1051 illius
712 1027 845 1051 arcam
877 1011 986 1051 illata
1014 1013 1105 1063 suit,
1136 1019 1176 1051 et
1203 1013 1324 1052 ambo
1353 1011 1535 1066 Catulogi

101 1061 231 1117 αὐτῆς
258 1079 416 1118 qnoque
443 1067 644 1105 exhibent.
693 1113 697 1115 -

123 1151 126 1154 ⁴
207 1121 258 1159 C.
279 1119 320 1160 8.
351 1121 461 1175 [645,
492 1120 568 1175 im]
604 1118 806 1167 Βιθυνὸς.
876 1118 1137 1176 *[Βαθυῖνὸς
1176 1119 1293 1169 λίθος
1330 1129 1388 1161 est
1428 1123 1535 1176 apud

95 1173 308 1226 Constant.
340 1177 572 1215 Continuat.
604 1177 652 1215 L.
688 1176 760 1214 Ill.
789 1191 830 1229 p.
864 1177 934 1230 89.
955 1177 1069 1231 9ι.]*
1128 1177 1245 1217 Couf.
1278 1179 1360 1217 Leo
1389 1179 1534 1217 Gram-

98 1231 233 1269 matic.
265 1245 305 1283 p.
329 1229 424 1285 479.
446 1229 495 1270 B?
514 1232 570 1279 8.,
601 1231 871 1270 emendandus
899 1247 921 1271 e
951 1234 1147 1286 Symeone
1164 1235 1272 1286 Mag.
1305 1247 1347 1286 p.
1368 1232 1462 1284 465.
1487 1233 1534 1274 Β.

98 1291 139 1323 et
165 1283 335 1324 Cedren.
366 1301 405 1338 p.
433 1285 524 1337 598.
551 1286 595 1324 B.

207 1339 255 1378 C.
282 1355 344 1378 11.
377 1332 600 1394 [64214]
634 1338 829 1379 EMom'a.
904 1340 1056 1380 Nomen
1095 1341 1173 1381 hoc
1212 1342 1334 1381 habet
1374 1357 1535 1396 quoque

97 1391 172 1432 DC
193 1423 205 1441 ‚
240 1395 390 1448 absque
403 1397 558 1434 Bainaz:
586 1403 718 1433 tamen
748 1396 1011 1448 cognomine3
1041 1411 1182 1435 verum
1210 1398 1296 1436 AB.
1316 1397 1440 1436 deest.

209 1448 252 1488 C.
291 1464 352 1488 12.
390 1450 501 1501 [642
541 1450 613 1502 15.]
661 1446 685 1500 ἦ
724 1449 1058 1502 ἑποιόμαζομένη
1086 1450 1238 1502 Βαΐνη.
1313 1452 1420 1505 *[Πε
1458 1451 1534 1492 hoc

98 1506 335 1555 cognomine
366 1505 596 1555 Eudociae,
633 1505 772 1543 tertiae
801 1506 932 1543 uxoris
962 1507 1137 1553 Leonis,
1181 1507 1283 1546 nihil
1310 1507 1417 1560 apud
1445 1522 1534 1546 cae-

98 1565 206 1597 teros
252 1559 440 1599 historiae
484 1561 725 1612 Byzantinae
767 1561 975 1612 scriptores
1018 1562 1191 1613 reperio.
1277 1564 1534 1615 Quapropter

98 1615 183 1652 eius
210 1616 402 1668 originem
431 1616 607 1653 indicare
636 1629 716 1653 non
750 1614 855 1652 licet.
916 1616 988 1654 Est
1020 1616 1121 1655 forte
1149 1631 1172 1655 a
1198 1616 1319 1667 βαῒν,
1362 1618 1530 1671 palma,

94 1668 148 1718 ‘ad
177 1669 368 1722 insignem
395 1670 733 1723 pulchritudinem
762 1670 992 1722 Augustae,
1026 1686 1147 1723 quam
1175 1673 1354 1712 Zonaras
1387 1673 1535 1726 aliique

97 1724 344 1775 praedicant,
374 1723 715 1779 designandam.]*
773 1725 817 1762 Iu
849 1727 910 1764 his
949 1726 1082 1765 verbis
1109 1727 1298 1766 desinunt
1325 1735 1443 1767 notae
1482 1728 1534 1769 cl.

95 1779 251 1828 'Leichii
281 1784 322 1818 in
342 1780 426 1829 illo,
457 1781 603 1833 dequo
624 1794 743 1833 supra
770 1779 866 1830 dixi,
896 1781 1109 1833 specimine
1135 1781 1216 1821 folii
1246 1785 1365 1822 unius
1392 1783 1533 1827 editae.

98 1833 234 1884 Βαΐνη
262 1842 319 1873 est
345 1850 488 1874 nomen
518 1835 677 1888 gentile.
747 1832 927 1874 Efid'om'a
970 1834 995 1887 ἦ
1034 1837 1111 1875 τοῦ
1140 1837 1276 1890 Βαΐνη
1298 1869 1308 1886 ,
1347 1839 1534 1877 Eudocia

98 1888 148 1925 de
172 1897 283 1939 gente
316 1890 362 1927 V
356 1891 470 1929 aenI.
530 1894 635 1929 Gens
663 1891 841 1930 Romana
870 1898 929 1929 est
959 1892 1124 1942 Vaenia,
1157 1893 1264 1931 unde
1304 1895 1344 1932 in
1375 1908 1529 1933 mascu-

95 1940 183 1980 'lino
212 1938 233 1979 ὃ
266 1943 341 1982 τοῦ
368 1945 505 1997 Βαΐιή
536 1953 574 1984 et
605 1948 646 1984 in
676 1946 891 1984 foeminino
922 1943 944 1997 ἢ
974 1946 1047 1985 τοῦ
1072 1946 1210 1999 Βαΐνη
1237 1948 1400 1987 dicitur.
1471 1950 1534 1988 De

98 1995 166 2035 illa
197 1998 403 2050 gentilium
430 2002 708 2040 terminatione
741 2001 779 2038 in
811 2015 834 2052 η
863 2001 954 2040 vide
983 2016 1103 2055 supra
1131 2003 1236 2041 dicta
1279 2004 1330 2043 ad
1370 2018 1414 2056 p.
1437 2003 1534 2054 342.

97 2051 145 2090 B.
165 2051 207 2090 8.
266 2053 341 2092 Vel
369 2056 470 2093 siin
499 2055 634 2107 Βαΐνη
674 2057 901 2095 terminatio
942 2072 967 2108 η
1005 2058 1219 2096 foeminina
1258 2067 1343 2108 est,
1388 2059 1534 2112 gentile

96 2105 174 2145 hoc
201 2122 344 2146 nomen
376 2109 542 2149 celebris
571 2110 740 2149 familiae
768 2112 920 2164 origine
945 2119 1061 2152 tenus
1089 2114 1286 2153 Avaricae
1316 2122 1387 2153 aut
1415 2115 1532 2155 Hun-

96 2163 230 2208 nicae,
264 2163 358 2201 item
386 2165 709 2218 Longobardicae
735 2173 774 2204 et
802 2166 1030 2218 Bulgaricae
1058 2169 1304 2207 Baianorum
1335 2177 1375 2208 et
1394 2169 1531 2222 Paga·

95 2229 254 2254 norum.
312 2218 533 2258 Multorum
557 2221 792 2259 Baianorum
825 2224 1012 2261 memoria
1041 2223 1086 2262 fit
1114 2226 1155 2261 in
1183 2223 1348 2263 historia
1375 2225 1532 2276 sequio-

96 2285 187 2309 rum
214 2279 455 2324 temporum.
515 2276 733 2314 Menander
759 2277 972 2315 Protector
998 2292 1038 2330 p.
1072 2278 1139 2331 89.
1173 2293 1260 2331 sqq.
1300 2280 1396 2318 edit.
1426 2281 1532 2319 Hoe-

95 2326 218 2364 schel.
250 2328 387 2366 Baiani
417 2329 584 2368 alicuius
603 2331 856 2382 Longobardi
886 2334 1083 2382 meminit,
1113 2341 1152 2372 et
1178 2348 1219 2385 p.
1251 2333 1340 2385 104.
1365 2333 1533 2374 alicuius

92 2380 259 2426 Baiani,
308 2383 488 2422 Avarum
535 2384 739 2436 Chagani‚
788 2400 905 2438 quem
934 2402 974 2439 p.
1016 2389 1102 2436 140.
1146 2391 1369 2440 promiscue
1411 2389 1532 2428 modo

94 2432 282 2474 Βαῖανὸν
310 2445 348 2475 et
375 2437 537 2477 Βαϊνὸν
565 2439 751 2491 appellat.
810 2442 1013 2480 Reinesius
1040 2443 1248 2496 Syntagm.
1277 2445 1462 2498 Inscript.
1492 2459 1532 2498 p.

94 2488 187 2538 400.
220 2490 320 2530 duos
350 2492 470 2531 habet
498 2494 696 2532 Baianios.
767 2496 887 2534 Unde
926 2505 1114 2549 apparet,
1162 2501 1194 2537 si
1230 2500 1272 2537 in
1313 2499 1533 2539 masculino

94 2545 260 2594 perinde
290 2545 476 2594 Βαϊανὸς
506 2555 546 2587 et
565 2546 734 2598 Βαϊνὸς,
772 2551 943 2589 Paiamcs
974 2559 1012 2590 et
1035 2554 1186 2592 Painus
1211 2554 1381 2601 dicitur,
1411 2556 1532 2594 etiam

94 2597 134 2634 iu
175 2600 389 2641 foeminino
417 2603 551 2654 Βαΐιή
581 2602 683 2641 idem
710 2618 792 2642 esse
820 2612 938 2657 atque
961 2604 1140 2658 Βαϊάνη.
1198 2609 1398 2652 Ammian.
1419 2611 1532 2649 Mar·

97 2650 187 2690 cell.
217 2668 258 2706 p.
294 2657 360 2694 3¹.
391 2658 427 2697 5,
457 2658 521 2696 ed.
554 2658 769 2697 Lindeubr.
797 2669 990 2699 memorat
1013 2663 1219 2702 tribunum
1239 2663 1411 2717 aliquem
1438 2665 1532 2704 Bai-

97 2706 306 2762 nobandes,
336 2719 380 2750 ut
403 2713 442 2752 T
438 2714 587 2765 luzynus
603 2719 661 2752 est
678 2714 785 2767 apud
806 2715 873 2754 Du
885 2716 1079 2771 Cangium
1093 2732 1136 2757 v.
1151 2719 1298 2760 Missae
1309 2720 1531 2774 presbyter,
