1884 3132
173 145 250 187 An
292 146 590 192 CONSTAM’.
629 150 827 193 ponpa.
864 153 936 192 m:
965 152 1147 195 cmm.
1188 155 1287 195 un.
1328 153 1382 195 11.
1421 135 1534 210 667

97 259 220 287 mune
244 247 343 289 olim
370 251 528 303 utrique
556 253 664 290 sexui
693 259 893 305 gestamen
933 261 1019 292 erat
1042 253 1132 293 talis
1159 254 1314 295 rotulus
1331 285 1344 307 ,
1374 270 1531 300 succes-

96 314 146 343 su
188 306 380 355 temporis
426 313 560 345 autem
599 308 747 359 partim
785 315 1015 347 manserunt
1059 309 1156 348 viris
1182 310 1327 358 rotuli,
1358 325 1431 365 per
1455 311 1533 350 ali-

94 364 292 408 quantum
320 363 535 413 temporis,
567 363 711 413 partim
739 363 780 401 in
809 363 1158 412 chirothecarum,
1192 368 1335 418 partim
1359 367 1534 420 denique

97 411 140 448 in
171 411 407 452 baculorum
434 416 786 468 Imperatoriorum
817 418 1240 470 (cbmmando-Stdbe)
1274 423 1535 474 gestationem

99 465 300 509 abierunt.
371 469 592 509 Foemiuae
627 478 763 510 autem
802 486 877 524 pro
903 472 1046 512 rotulis
1075 484 1302 514 sumserunt
1320 478 1362 514 in
1390 490 1533 516 manus

97 521 320 561 ventilabra
341 551 354 572 ,
385 521 576 576 ῥιπίδια,
628 526 738 579 quod
782 541 913 580 neque
948 530 1121 581 antiquis
1147 530 1394 583 temporibus
1421 539 1532 571 extra

95 589 214 614 usum
241 584 341 617 erat.
395 578 512 619 Certe
541 581 583 619 S.
612 581 861 621 pudentiana
890 582 996 635 apud
1013 583 1274 637 ,Ciampinum
1304 586 1355 624 T.
1381 586 1532 630 ll.tab.

95 628 167 683 49.
195 637 304 672 tenet
339 632 491 686 aliquid
510 637 558 673 ⁴in
603 650 724 675 manu
743 666 754 683 ‚
791 636 901 690 quod
930 637 1087 678 flabello
1115 640 1243 680 simile
1268 648 1342 679 est.
1397 643 1534 680 Mani-

94 684 236 737 pulum
266 700 319 725 an
360 688 632 729 chirothecam
673 691 869 744 appellem
909 691 949 731 id
965 722 977 742 ‚
1005 694 1116 746 quod
1144 696 1400 748 Longobardi
1441 698 1532 749 qui-

94 739 188 779 dam
215 742 258 780 in
276 740 413 782 tabula
433 745 712 785 Modoe'tianae
738 748 1007 787 coronationis
1026 751 1129 803 regis
1140 751 1396 803 Longobardi
1424 752 1532 804 apud

94 794 308 834 Horatium
343 797 535 838 Blancum
575 801 628 839 ad
665 802 838 840 Paulum
877 803 1105 843 Diaconum
1144 813 1312 859 gerunt,
1351 806 1530 855 ambigo.

92 847 176 888 Pm
201 850 343 890 rotulis
369 854 561 903 gerebant
589 857 853 909 Imperatores
882 857 1035 897 CPtani
1061 861 1225 899 extremi
1247 889 1259 910 ‚
1291 869 1433 900 ruente
1459 861 1532 901 illo

91 904 285 957 imperio,
333 905 572 961 νάρθηκας,
612 911 771 951 ferulas.
838 913 984 952 Codin.
1013 915 1151 954 XV11.
1185 915 1253 967 54,
1313 916 1418 956 Hinc
1445 917 1531 956 nati

90 958 225 999 baculi
252 975 501 1003 summorum
540 965 775 1006 militarium
813 967 964 1006 ducum
982 997 995 1019 ‚
1040 972 1110 1022 qui
1149 985 1174 1011 a
1214 972 1531 1012 commendando

90 1027 163 1053 seu
189 1015 422 1068 imperando
451 1020 796 1061 Commandostiibe
819 1022 1084 1075 appellantur.

202 1070 257 1110 D.
280 1071 322 1110 6.
355 1072 472 1128 [ἰὴ-5,
511 1075 600 1130 16.]
640 1074 692 1116 τὰ
727 1074 941 1127 Ῥωμαϊκὰ
987 1079 1194 1132 σκῆπτρα.
1253 1079 1435 1120 Romana
1460 1080 1531 1121 hio

88 1131 183 1164 sunt
210 1127 385 1179 Graeca;
413 1131 509 1169 novi
538 1134 646 1170 enim
674 1133 817 1172 Graeci
844 1147 886 1172 se
913 1133 1115 1174 Romanos
1145 1135 1351 1187 ferebant,
1380 1144 1426 1176 ut
1453 1151 1531 1176 no-

88 1184 176 1219 tum
202 1188 277 1222 est.
333 1183 498 1237 Sceptra
525 1199 621 1226 vero
649 1194 743 1226 sunt
772 1202 897 1241 genus
925 1188 1078 1242 aliquid
1105 1191 1264 1239 vexilli,
1294 1191 1403 1245 longi
1429 1205 1532 1231 con-

86 1235 119 1272 ti
140 1232 299 1277 laminis
335 1245 379 1277 et
414 1240 538 1279 clavis
582 1244 714 1282 aureis
749 1243 815 1282 vel
843 1245 1039 1297 argenteis
1073 1246 1241 1294 confixi,
1271 1253 1324 1297 et,
1353 1254 1399 1286 ut
1426 1247 1529 1287 mihi

86 1289 251 1341 quidem
277 1292 438 1334 videtur
454 1325 465 1342 ‚
496 1296 547 1334 ad
574 1299 703 1336 crucis
730 1299 902 1337 formam
942 1302 1159 1352 comparati
1177 1329 1189 1350 ‚
1217 1303 1308 1354 puri
1336 1315 1405 1340 seu
1434 1302 1528 1341 abs-

89 1356 171 1396 que
197 1345 303 1386 fizrro
338 1347 403 1387 vel
444 1364 657 1401 mucrone,
699 1353 770 1391 sed
812 1353 1129 1406 dependentibus
1166 1357 1291 1406 velis,
1320 1363 1366 1395 ut
1395 1356 1527 1411 colligi

90 1405 223 1451 potest
247 1415 271 1440 e
298 1417 340 1455 p.
364 1417 406 1456 7.
429 1404 478 1443 C.
503 1408 630 1445 nostri
675 1407 820 1446 codicis
835 1438 846 1455 ‚
892 1407 964 1447 ubi
990 1411 1142 1462 integre
1182 1411 1239 1449 sic
1266 1411 1412 1463 legitur
1430 1426 1443 1451 :
1471 1434 1529 1443 —-

87 1451 222 1493 ἐκεῖσε
247 1454 327 1509 γὰρ
357 1458 546 1499 ἵστανται
575 1483 629 1491 -
657 1458 758 1508 τούς
785 1461 989 1509 δεσπότας
1028 1462 1283 1515 ἐκδεχόμενοι
1315 1463 1528 1517 Ῥωμαϊκὰ

86 1507 307 1571 σξῆπτρα,
346 1509 399 1552 τά
428 1510 628 1565 λεγόμενα
666 1516 804 1568 βῆλα,
846 1514 1006 1567 ὁμοίως
1046 1515 1119 1557 καὶ
1140 1515 1195 1558 τά
1215 1517 1392 1572 εὕτὺχια
1412 1551 1424 1569 ,
1454 1518 1530 1560 καὶ

86 1575 137 1601 τα
166 1563 286 1616 ἔτερα
314 1568 524 1621 σκῆπτρα,
566 1567 671 1622 πρὸς
695 1567 856 1618 τούτοις
892 1569 946 1610 τὰ
985 1570 1112 1625 σκεύη
1137 1573 1221 1613 τῶν
1247 1574 1528 1628 προτικτόρων

87 1624 166 1657 ete.
222 1620 353 1661 Locus
379 1622 446 1662 ille
474 1626 630 1678 egregie
658 1633 796 1666 nostro
823 1629 1009 1680 congruit
1036 1635 1075 1666 et
1102 1643 1193 1668 enm
1209 1628 1395 1670 illustrat.
1425 1631 1527 1670 Pos-

86 1673 139 1711 sit
164 1680 299 1715 tamen
328 1678 533 1731 imperitus
561 1681 693 1719 Latini
722 1682 917 1721 sermonis
939 1682 1126 1723 librarius
1142 1684 1267 1736 βῆλα,
1301 1685 1344 1724 id
1371 1693 1430 1725 est
1456 1701 1528 1725 ve·-

85 1727 144 1775 la,
173 1743 247 1782 pro
277 1731 393 1777 πίλα,
419 1735 535 1788 pila,
568 1750 757 1780 exarasse.
822 1737 994 1776 Videtur
1019 1745 1126 1778 certe
1162 1740 1298 1779 addita
1324 1755 1401 1780 vox
1425 1739 1528 1779 ‘Pm-

86 1780 219 1831 μαϊκὰ
249 1787 436 1827 vexsslum
465 1789 618 1843 aliquid
663 1799 733 1830 aut
760 1793 1072 1831 instrumentum
1108 1794 1282 1834 militare
1309 1796 1416 1848 apud
1443 1797 1527 1834 Ro-

86 1849 227 1878 manos
253 1848 394 1880 notum
415 1851 454 1882 et
483 1846 532 1884 iis
561 1848 751 1885 usitatum
779 1849 962 1886 innuere.
1019 1848 1149 1888 Favet
1175 1849 1233 1888 illi
1262 1861 1421 1904 qnoque
1448 1865 1526 1889 vox

84 1893 297 1934 πιλατίκια
324 1898 431 1949 apud
461 1899 675 1949 Codinum,
704 1916 826 1955 quam
854 1902 960 1941 idem
996 1910 1117 1955 atque
1153 1918 1293 1944 vocem
1320 1906 1527 1957 σκῆπτρον

86 1947 309 1998 significare
338 1955 542 1994 contendit
569 1956 692 1995 Goar.
720 1957 770 1996 ad
800 1957 943 1996 Codin.
973 1973 1017 2011 p.
1040 1959 1107 2013 87.
1135 1973 1178 1998 n.
1199 1960 1268 2012 59.
1327 1961 1527 1999 Videntur

85 2001 187 2040 mihi
218 2009 350 2044 tamen
380 2009 523 2048 Graeci
551 2010 632 2062 pilo
663 2013 844 2051 Romano
885 2013 1005 2052 aliam
1032 2014 1208 2054 induisse
1234 2016 1421 2067 formam,
1450 2029 1528 2067 pro

86 2069 279 2098 mucrone
319 2061 407 2100 scil.
443 2065 641 2104 addidisse
683 2066 837 2120 lignum
875 2074 1147 2108 transversum
1193 2070 1235 2109 in
1274 2084 1454 2118 summo,
1479 2076 1527 2108 ut

86 2125 183 2150 crux
212 2115 419 2164 evaderet,
459 2119 524 2158 vel
552 2120 715 2174 simplex
733 2151 745 2172 ,
790 2122 993 2162 ordinaria
1009 2154 1020 2170 ‚
1061 2124 1220 2177 qualem
1247 2138 1384 2164 omnes
1410 2126 1527 2163 novi-

85 2180 174 2206 mus
189 2197 200 2214 ‚
232 2176 272 2207 et
299 2171 459 2222 qualem
498 2173 734 2229 plerumque
772 2178 1037 2231 Imperatores
1072 2180 1229 2218 CPtani
1269 2194 1342 2233 pro
1370 2186 1526 2232 seeptro

84 2223 194 2274 regio
220 2231 374 2276 gestare
416 2230 718 2281 conspiciuntur
756 2234 799 2270 in
822 2235 998 2272 nummis
1018 2264 1029 2281 ‚
1072 2233 1137 2273 vel
1165 2236 1398 2287 composita.
1452 2234 1528 2272 Est

85 2284 219 2316 autem
244 2283 460 2332 composita
476 2312 488 2331 ‚
530 2298 631 2337 quae
672 2286 738 2324 vel
775 2286 934 2327 duobus
969 2291 1208 2328 transversis
1242 2290 1385 2342 lignis,
1413 2290 1526 2330 inae-

84 2331 215 2382 qualis
242 2336 550 2385 magnitudinis,
580 2339 645 2378 vel
673 2340 831 2381 duobus
845 2344 973 2381 contis
1003 2345 1170 2382 minutis
1197 2350 1237 2382 et
1265 2343 1406 2382 maiori
1428 2358 1525 2382 con-

82 2392 127 2424 to
156 2388 352 2439 parallelis
383 2391 559 2445 ad'ligni
585 2397 801 2435 transversi
832 2404 1049 2449 utrumque
1088 2399 1306 2451 marginem
1338 2399 1526 2451 appositis

84 2449 239 2481 constat
258 2473 268 2489 ‚
317 2445 446 2496 qualis
482 2447 523 2486 in
554 2462 720 2489 nummo
748 2451 918 2489 Romani
947 2453 1145 2505 Lacapeni
1187 2453 1296 2506 apud
1323 2452 1391 2491 Du
1419 2453 1527 2492 Can-

85 2495 195 2546 gium
225 2498 371 2539 Famil.
410 2501 505 2554 Byz.
531 2516 574 2555 p.
603 2503 693 2542 136.
735 2512 774 2542 et
799 2520 840 2558 p.
865 2507 955 2545 123.
1006 2521 1043 2545 1.
1087 2507 1129 2546 in
1170 2507 1344 2547 nummis
1381 2509 1527 2548 Leonis

83 2548 227 2602 Isauri,
259 2553 308 2592 cf.
337 2569 378 2607 p.
401 2570 506 2609 ¹27·⁵
539 2559 582 2595 in
619 2572 784 2597 nummo
806 2560 1022 2612 Nicephori
1059 2562 1304 2615 Logothetae
1332 2564 1523 2607 cernitur.

84 2604 191 2653 Quia
218 2621 314 2646 crux
350 2618 550 2662 sceptrum
579 2613 873 2665 Imperatorum
892 2615 1147 2655 CPtanorum
1171 2617 1407 2670 plerumque
1423 2626 1522 2664 erat,

84 2665 126 2696 et
150 2659 216 2698 hic
242 2660 319 2701 loci
348 2673 502 2718 sceptra
530 2674 576 2706 ut
615 2668 849 2708 distinctum
892 2677 932 2708 et
972 2670 1172 2724 peculiare
1199 2671 1363 2726 aliquod
1391 2672 1523 2712 vexilli

84 2726 209 2766 genus
236 2727 511 2762 memorantur
531 2752 543 2774 ‚
574 2736 621 2763 ex
663 2737 710 2763 eo
742 2724 937 2765 concludo
975 2727 1097 2767 fuisse
1128 2734 1282 2783 sceptra
1305 2727 1438 2771 hastas
1473 2728 1526 2771 ad
