1884 3132
493 210 568 254 AD
608 210 906 255 CONSTANT.
954 213 1027 254 ΒΕ
1063 212 1246 255 cmm.

158 301 280 383 ρἀὅν
291 311 430 347 pannus
440 301 598 336 vilissimi
609 304 747 348 generis
759 305 840 345 503,

156 395 299 442 ῥαφεῖς
322 394 479 428 vestiarii
501 395 561 436 41,
585 395 644 431 45.

157 442 306 488 &captor
333 452 360 474 s.
388 440 551 488 ῥαφεῖον
573 444 663 481 599,
687 440 746 476 42.

160 489 274 534 ῥέντα
297 487 598 534 (rendez-Vous)
632 498 739 522 arena
761 487 839 533 gla-

204 534 355 568 diatoria
376 537 432 576 66,
457 536 491 570 5.

159 581 287 629 ῥέτινα
310 591 412 614 renes
423 606 436 623 ‚
458 582 535 615 lora
558 582 640 622 508,
651 582 709 618 29.

162 630 205 676 ῥε
232 627 456 674 ἐρενδιέριος
486 630 543 668 60,
567 631 625 664 33.
685 629 843 662 referen-

205 641 327 708 :iarius
341 674 559 709 patriarchae
576 686 609 708 v.
626 675 696 709 DC.
712 687 744 708 v.
755 679 843 710 Πα-

204 722 350 761 amotos
373 733 408 766 p.
428 723 527 758 1083-

158 767 180 812 ἧ
205 767 322 815 ῥηγία
345 767 417 800 vid.
442 767 548 811 πύλη.

159 816 292 864 ῥηγίον
324 820 445 859 portus
486 820 523 848 et
559 819 664 860 porta
698 816 736 850 in
770 815 842 849 fine

205 862 303 895 sinus
329 861 484 894 Ceratini
511 863 591 902 565,
614 865 670 899 20.

161 903 228 967 (ξὴξ
238 907 364 942 titulus
372 908 539 954 Principis
550 909 692 943 maioris
703 908 842 952 811‚36.

161 958 267 1002 ριγία
291 960 395 1000 porta
418 954 489 988 vid.
513 954 619 998 πύλη.

162 1001 333 1050 (tandem
381 1001 419 1034 in
465 1002 612 1047 praeliis
654 1002 841 1036 navalibus

210 1051 293 1088 790,
316 1047 375 1084 43-

161 1094 329 1143 ‘immam'
349 1093 611 1139 ταωνόπτερον
646 1093 718 1127 vid.
742 1106 841 1130 uuu-

205 1140 839 1224 {53:55⁰ss..1‘1¹.⁰b.‘.'5.{.g.³'327v⁶¹5¹²¹¹²·

162 1234 366 1282 ῥίπτεσθαι
389 1239 467 1268 toto
485 1245 632 1279 corpore
654 1234 838 1279 procidere

205 1280 287 1321 401,
314 1284 371 1317 27.
425 1280 494 1314 hoc
529 1280 694 1315 solebant
730 1282 839 1326 legati

204 1327 418 1406 {opulorum
446 1331 675 1409 4(οε))ζὶ1;ιῑ(τίοι·ιιιιι
721 1338 839 1361 coram

225 1385 258 1406 m
286 1379 425 1406 eratore
518 1398 527 1411 ‚
577 1397 585 1405 .

161 1386 432 1468 (idyoeplargitio
466 1419 548 1459 391,
575 1420 632 1454 26.
693 1420 837 1466 quando

209 1467 293 1501 data
317 1466 405 1507 787,
431 1465 465 1499 9.
500 1465 593 1507 819,
619 1466 675 1500 38.
735 1479 839 1510 rogae

211 1513 341 1547 diebus
366 1513 467 1546 festis
490 1512 595 1546 datae
618 1514 657 1548 in
683 1515 840 1548 vestibus

208 1566 248 1595 et.
269 1560 385 1594 numis
411 1561 478 1596 710
506 1559 572 1593 ult.

163 1617 319 1663 ῥοῆσιον
343 1615 424 1658 474,
450 1617 481 1650 1.

163 1665 347 1722 (juvenilem
371 1664 500 1697 festum
523 1662 605 1703 349,
632 1661 688 1696 24.

162 1711 302 1792 ‘'egge‘'
326 1710 546 1758 ὑποδήματα
582 1711 718 1755 insigne
753 1711 839 1756 Imp.

159 1784 421 1851 ‘Povcpimaeivm
447 1801 528 1843 574,
557 1803 611 1837 16.

164 1851 354 1898 ῥωμαϊστὶ
373 1850 498 1884 Latine
513 1855 547 1882 et
562 1849 764 1896 ῥωμαΐζειν
779 1850 845 1882 La-

205 1899 282 1931 tine
306 1898 406 1943 loqui
430 1896 552 1937 82‚34.
578 1897 658 1937 873,
672 1896 727 1930 26.
751 1908 843 1942 quo-

206 1945 473 1989 usqueLatinus
496 1955 608 1976 sermo
633 1944 668 1975 in
686 1943 767 1978 aula
780 1945 844 1988 By-

207 1992 348 2024 zantina
370 1991 526 2024 floruerit
548 1989 630 2031 443,
652 1992 695 2026 16
721 2001 796 2035 sqq.

162 2037 405 2084 ῥωμανὴσιον
429 2038 532 2077 obex,
556 2038 666 2071 vectis
690 2039 769 2076 599.
783 2040 839 2072 27.

155 2083 340 2130 Ῥωμανιά
365 2083 460 2117 orbis
487 2085 640 2118 Graecus
668 2087 737 2121 304
751 2085 814 2118 ult.

159 2131 354 2164 Romanum
380 2141 530 2164 marmor
556 2133 635 2170 756,
662 2132 715 2167 14.

155 2177 270 2223 Ῥώμη
293 2179 526 2224 πρεσβυτέρα
549 2178 656 2210 Roma
680 2181 760 2217 800,
783 2179 816 2212 3.

163 2223 370 2270 ῥωσθέλιον
426 2235 603 2269 purpurae
654 2224 839 2268 singularis

206 2271 415 2315 compositio
441 2271 496 2311 64,
508 2272 541 2306 4.
554 2273 611 2310 89,
628 2275 679 2306 12.
697 2274 778 2310 302,
804 2272 839 2305 3.

159 2316 300 2349 Literae
328 2317 477 2350 Latinae
512 2323 550 2351 et.
580 2318 733 2351 Graecae
757 2329 839 2362 per-

208 2363 339 2396 mixtae
363 2362 446 2403 401,
477 2363 533 2396 32.

162 2408 341 2442 Processio
366 2409 410 2442 ad
429 2410 463 2442 S.
479 2411 668 2443 Romanum
689 2408 836 2447 35334.

209 2457 355 2489 Romani
370 2457 456 2500 Imp.
474 2458 671 2500 sepulcrum
686 2455 764 2492 766,
780 2456 835 2488 23.

162 2511 187 2536 σ
213 2502 317 2535 initio
335 2513 459 2535 vocum
489 2503 589 2536 deest
613 2509 695 2535 aute
721 2503 840 2547 Cappa

203 2547 286 2589 496,
310 2547 368 2582 40.
419 2555 458 2582 ut
483 2550 586 2582 etiam
614 2549 649 2580 in
677 2549 747 2582 fine
772 2547 840 2583 624

205 2601 372 2639 antepen.
421 2602 502 2628 ante
522 2597 596 2628 Tau
621 2595 703 2635 828,
728 2597 784 2629 22.

166 2641 312 2685 σὰβανιι
340 2642 419 2682 208,
443 2643 498 2676 28.
527 2642 652 2677 262,1.
677 2642 757 2683 530,
785 2642 841 2677 34.

162 2687 346 2732 σάββατον
371 2686 544 2734 παγανόν
572 2689 647 2728 130,
671 2688 721 2719 10.

161 2731 364 2777 Sagarinum
391 2746 538 2769 marmor
564 2735 641 2771 761.
669 2735 724 2768 28.

162 2783 295 2826 σαγιόν
326 2782 430 2826 longa
467 2783 573 2816 vestis
608 2782 663 2822 53,
692 2783 720 2815 1.
755 2782 835 2822 233,

589 723 677 768 Imp.
705 723 784 764 115,
806 724 840 760 6.

1481 214 1599 272 9²9

949 301 1010 335 38.
1034 299 1114 342 477,
1139 302 1172 335 3.
1220 306 1343 347 sagum
1373 309 1411 338 et
1433 311 1593 340 mantum

954 348 1049 382 idem
1075 354 1130 382 est.
1152 346 1233 390 574,
1256 350 1287 382 1.

908 396 1334 442 σαγματοπασμαγάὃια
1357 408 1421 442 pro
1441 397 1589 445 σάγμα·

954 455 1000 477 ἰα
1026 448 1064 476 et
1087 443 1339 490 πασμαγάόια
1364 444 1446 486 501,
1468 444 1528 479 34,

910 481 1130 536 σαγβὰριον
1144 502 1258 536 equus
1272 492 1467 525 saumarius
1484 492 1594 537 (sorte

955 536 1152 570 cohaerens
1184 549 1263 570 cum
1287 543 1429 572 nostro:
1463 542 1593 574 Saum-

957 583 1069 625 1h1’er)
1091 583 1174 625 483,
1197 583 1256 618 38.

910 629 1151 675 σακελλιὲριος
1185 631 1317 664 sacello
1345 631 1593 667 sive-aerario

957 678 1156 722 praefectus
1182 677 1260 719 156,
1281 677 1314 711 9.

910 721 931 757 ὁ
963 724 1028 758 τοῦ
1062 725 1254 759 σακελλίου
1292 735 1366 758 non
1405 724 1500 759 idem
1528 726 1592 772 qui

956 770 1161 804 sacellarius
1185 770 1268 812 498,
1293 769 1349 804 24.

910 827 1077 868 σακκίον,
1102 834 1142 862 ut
1165 828 1370 862 hebraicum
1394 818 1593 875 §HQ-5⁶¹1·

955 875 1024 955 '5⁸17
1040 885 1104 955 pgo
1131 881 1227 910 certa
1252 875 1588 922 pecuniae'ssmuma

980 922 1001 954 5
1026 947 1038 962 ,
1089 946 1097 954 .

910 967 1032 1014 σάτρα
1059 969 1230 1002 incertum
1257 968 1344 1014 quid
1359 970 1406 1002 sit
1425 968 1506 1008 269,
1530 969 1588 1003 41.

908 1015 1062 1048 salutare
1088 1027 1152 1060 pro
1178 1016 1328 1049 osculari
1353 1014 1434 1056 426,
1460 1017 1517 1049 22.

908 1062 1043 1096 Summe
1067 1062 1162 1095 unde
1186 1063 1317 1097 dictum
1340 1062 1422 1104 294,
1447 1061 1482 1096 4.
1504 1062 1587 1103 536,

947 1108 979 1141 ’6
1017 1107 1098 1149 586,
1122 1109 1178 1143 25.

907 1154 1103 1235 σάτςιὸιχὲυχὲη
1123 1156 1188 1190 flos
1214 1155 1381 1190 odoratus
1412 1157 1590 1204 Major-an

954 1227 974 1235 ..
1026 1227 1035 1242 ,
1084 1225 1116 1235 ...

906 1250 1083 1292 Sangarus
1111 1247 1194 1281 urbs
1218 1247 1406 1291 Bithyniae
1427 1249 1510 1288 856,
1534 1249 1588 1283 18.

908 1295 1198 1341 σαξιμοὸέξιμον
1222 1301 1259 1328 et
1284 1294 1442 1340 σάξιμον
1458 1296 1587 1330 chorea

952 1342 988 1374 in
1013 1341 1200 1374 salutando
1218 1343 1304 1386 Imp.
1330 1342 1410 1380 303.
1438 1343 1492 1376 13.

906 1387 926 1432 ἧ
959 1389 1024 1422 τοῦ
1053 1390 1209 1432 σαξίμου
1244 1389 1471 1428 κατάστασις
1496 1389 1585 1435 quid

951 1433 1022 1466 vid.
1050 1435 1284 1472 κατάστασις.

908 1481 1062 1514 Saxonia
1077 1493 1139 1525 pro
1156 1487 1229 1514 tota
1243 1481 1430 1514 Germania
1438 1480 1519 1521 814,
1533 1483 1586 1516 12.

908 1531 1146 1563 σαπωνίσῐαι
1171 1528 1302 1560 lotores
1327 1527 1409 1566 680,
1433 1529 1491 1564 26.

905 1573 1115 1621 μολχάμιον
1141 1573 1392 1619 σιερακηνικόν
1406 1575 1429 1606 i.
1445 1585 1480 1630 (1.
1507 1575 1589 1608 sun·

954 1620 1075 1654 datum
1095 1621 1174 1663 716,
1193 1623 1222 1653 1.
1261 1624 1303 1655 Σ.
1320 1622 1494 1666 λωρωῐον
1507 1620 1587 1662 714,

913 1709 1014 1759 σαρά
1039 1724 1103 1758 pro
1130 1715 1292 1759 τέσσαρα
1317 1713 1397 1754 567,
1421 1713 1455 1747 8.

911 1762 1122 1806 Στιρακηνοὶ
1158 1759 1250 1792 idem
1289 1759 1444 1806 populus
1478 1765 1588 1806 atque

957 1807 1088 1840 Arabes
1110 1806 1192 1846 820,
1218 1806 1272 1840 18.

912 1852 1076 1886 Saraceni
1099 1854 1228 1898 captivi
1262 1851 1446 1886 commode
1473 1852 1587 1885 habiti

956 1898 1038 1939 698,
1056 1901 1086 1932 1.
1110 1911 1239 1933 nomen
1260 1899 1353 1933 unde
1366 1905 1480 1933 ortum
1504 1898 1586 1939 497,

958 1947 1012 1979 15.

909 1992 1073 2026 Saraceni
1101 1993 1250 2037 primum
1270 1992 1308 2026 in
1331 2003 1452 2026 mensa
1470 1993 1586 2026 locum

955 2039 1128 2072 tenebant
1151 2039 1233 2078 866,
1259 2040 1301 2073 17
1326 2051 1402 2084 sqq.

909 2085 1124 2130 σαρὰκοντα
1183 2097 1247 2131 pro
1306 2085 1586 2131 τεσσαράκοντα

951 2134 1030 2172 567,
1056 2135 1090 2167 8.

905 2178 1104 2223 Σαρδανία
1129 2178 1292 2212 Sardinia
1316 2178 1386 2212 816
1414 2190 1496 2223 peu.

905 2225 1583 2270 Za'Qd‘otinmilitiampaiatinamimpp.

953 2273 1049 2305 CPtt.
1076 2271 1241 2316 adscripti
1267 2272 1346 2311 774,
1367 2272 1423 2304 23.

907 2318 985 2356 σᾶς,
1011 2311 1079 2355 σὰς
1104 2331 1166 2363 pro
1186 2313 1252 2356 σὸς
1264 2330 1288 2350 s.
1307 2318 1412 2364 ὑμῶν
1439 2317 1514 2354 143.
1530 2317 1582 2350 18.

906 2366 1065 2400 σάσσειν
1100 2366 1228 2398 saltare
1264 2365 1351 2405 331,
1383 2365 1439 2397 24.
1501 2369 1582 2409 post

952 2412 1074 2455 epulas
1093 2411 1244 2444 saltandi
1269 2423 1343 2444 mos
1369 2412 1434 2444 710
1459 2422 1541 2454 pen.

908 2461 1156 2504 στιᾳραμέντα
1172 2460 1305 2492 incerta
1326 2458 1581 2503 significatione

953 2503 1033 2542 495,
1059 2503 1115 2537 34.

909 2554 1027 2595 σέβας,
1039 2550 1323 2595 προσκυνήσεως
1336 2562 1444 2592 genus
1455 2549 1536 2590 273,
1547 2550 1580 2582 2.

908 2597 1010 2631 Seide
1036 2597 1129 2630 uude
1157 2597 1290 2630 dictum
1315 2598 1395 2636 221,
1422 2597 1474 2630 12.

908 2641 1016 2688 σειρά
1041 2650 1184 2676 stemma
1218 2644 1293 2682 145,
1320 2643 1376 2677 26.

905 2689 1151 2736 σειρομτὶσιης
1174 2690 1272 2723 hasta
1299 2691 1402 2735 longa
1428 2689 1509 2727 689,
1522 2688 1579 2722 33.

907 2743 1050 2771 σεὶσιαι
1075 2737 1206 2778 mallei,
1231 2743 1375 2771 catenae
1403 2736 1481 2777 792,
1507 2736 1542 2770 5.

906 2783 1059 2830 σεκόρες
1085 2783 1155 2816 vid.
1182 2783 1314 2830 σιὲκρα.
