1884 3132
116 154 223 197 «ω
273 152 568 196 consum.
593 153 791 196 ponpa.
833 154 905 194 ne
945 150 1127 195 cmm.
1163 154 1260 192 un.
1301 154 1355 192 11.
1402 130 1506 207 73¹

178 258 227 298 B.
257 273 349 312 pen.
381 257 492 312 [62o‚
522 256 607 312 ιι.]
633 256 913 307 κατέρχονται.
967 258 1167 305 Redeunt,
1196 271 1340 309 nempe
1367 270 1390 295 e
1409 256 1515 294 Nm·-

73 313 189 353 thece
215 316 256 353 in
287 314 423 352 navim
451 312 639 352 ecclesiae
655 344 668 362 ,
715 312 821 351 unde
848 314 1050 353 exiverant
1078 313 1119 350 in
1147 312 1382 352 Nartheccm
1400 341 1411 355 ‚
1442 311 1513 349 ubi

74 368 351 420 baptisterium
397 375 494 407 erat.
562 368 665 406 Nam
692 381 757 406 eos
796 369 907 419 prius
942 370 983 407 in
1011 367 1159 406 Navim
1202 369 1341 414 ivisse,
1369 365 1514 404 deinde

76 423 187 463 illinc
214 424 254 462 iu
285 422 522 462 Narthecem
551 423 726 468 rediisse,
758 429 866 474 patet
893 437 938 461 ex
965 436 1028 466 eo,
1057 423 1167 475 quod
1196 429 1349 474 sceptra
1369 428 1408 459 et
1436 422 1514 459 mi-

74 477 164 518 lites
200 478 372 532 Augusti
407 484 648 531 protectores
693 477 882 517 dicuntur
917 479 958 516 in
1002 477 1086 516 Nao
1126 482 1290 530 magnae
1327 474 1514 514 ecclesiae
1581 484 1587 488 “

73 547 248 628 Μιεὲἷ.
261 586 337 627 ult.
369 585 485 641 [62o,
514 601 526 625 1
541 585 595 640 1.]
638 585 714 626 τοῦ
753 586 1037 640 φωτίσματος.
1106 587 1201 625 Gcm
1226 587 1360 640 puello
1383 600 1516 624 recens

2 680 7 684 .
74 641 284 697 baptizato.
343 642 438 681 Vid.
468 642 635 682 dicenda
664 642 715 680 ad
743 657 785 695 p.
810 641 875 693 54.
894 643 949 681 Α.
970 642 1014 693 4.
1045 647 1086 680 et
1117 640 1213 692 445.
1256 643 1303 679 C.
1335 655 1378 695 9.

183 696 231 736 C.
250 698 292 748 4.
321 695 437 751 [620‚
468 696 545 751 15.]
575 696 622 736 ἐν
648 696 704 751 τῷ
732 697 1026 749 ὑποστρέφειν.
1084 695 1195 735 Nihil
1227 696 1292 734 hic
1319 702 1515 735 memorat

73 749 125 790 de
150 765 288 804 sparso
326 766 489 791 munere
517 751 750 803 consulari,
794 754 905 791 cuius
945 751 1169 804 exemplum
1211 750 1330 805 paulo
1371 758 1462 790 ante
1489 765 1514 790 e

76 805 323 860 Theophane
351 807 534 848 citabam.
591 809 746 846 Morem
776 807 888 846 illum
917 806 1079 845 missilia
1111 806 1318 860 spargendi
1350 807 1515 844 redeun-

75 860 182 900 tibus
208 862 398 914 Augustis
435 877 458 900 a
486 863 601 915 pueri
628 863 998 916 Porphyrogenneti
1028 861 1226 914 baptismo
1253 861 1384 900 adhuc
1411 869 1515 900 tein-

75 929 175 968 pore
206 916 337 956 Basilii
369 917 598 956 Macedonis
627 917 859 967 obtinebat,
890 925 935 956 ut
964 932 986 956 e
1014 917 1160 970 Georg.
1191 917 1381 956 Mouavh.
1405 923 1514 970 patet

76 971 279 1021 (indicium
309 971 384 1010 loci
414 972 540 1011 debeo
565 971 720 1012 schedis
737 972 977 1022 Leichianis)
1006 974 1205 1011 nai-rantis
1230 973 1281 1010 de
1310 971 1379 1010 illo
1408 973 1515 1024 lmp⁸

75 1025 156 1065 sic:
189 1023 211 1064 ὁ
237 1022 436 1077 βασιλεὺς
463 1024 678 1076 προελθών
699 1029 744 1069 ἑν
773 1028 822 1081 τῇ
851 1025 983 1081 ἡμέρᾳ
1004 1025 1086 1065 τῶν
1114 1026 1309 1079 Χριστοῦ
1331 1026 1516 1078 γενεθλί-

78 1093 136 1119 ων
163 1079 207 1119 ἐν
252 1082 304 1135 τῇ
331 1079 573 1132 προελεύσει
617 1082 675 1128 εἰς
717 1080 789 1135 τὴν
836 1080 1018 1134 μεγάλην
1059 1081 1277 1134 ἐκκλησίαν
1314 1077 1512 1131 ε’βάπτισε

75 1133 286 1187 Στέφανον
313 1132 384 1175 τὸν
413 1134 505 1176 υἱὸν
533 1135 679 1177 αι’τοῦ.
757 1134 921 1189 ἀγαγών
949 1136 995 1176 δὲ
1023 1136 1175 1182 ἵππους
1201 1132 1376 1182 λευκούς
1401 1132 1510 1184 uerti

77 1186 276 1240 ἁρμάτων
314 1190 557 1246 [stipantibus
601 1207 756 1232 currum
792 1195 954 1231 armatis
998 1190 1243 1245 satellitibus]
1308 1186 1513 1243 ἐκάθησεν

75 1237 167 1294 ἅμα
194 1243 246 1297 τῇ
277 1243 503 1300 Αὕγούστῃ
524 1278 534 1292 ,
579 1245 652 1287 καί
680 1245 699 1287 ὃ
730 1244 1000 1299 πραιηόσιτος
1027 1242 1201 1299 Βασίνης
1229 1243 1308 1284 σὺν
1338 1245 1509 1295 ατῖῐυῖς,

73 1295 291 1348 βαστάζων
334 1296 381 1338 τὸ
411 1299 579 1341 παιδίον
630 1303 759 1354 μέχρι
800 1302 873 1340 τοῦ
912 1299 1145 1348 παλαι-ἴου,
1187 1301 1265 1339 τοῦ
1304 1300 1513 1351 βασιλέως

74 1349 288 1445 ι(Ξῄιποντος
324 1351 528 1395 ὑπατείαν
573 1356 617 1396 ἐν
657 1357 705 1414 τῇ
754 1354 850 1412 ὁδῷ.
908 1356 1004 1395 Vid.
1041 1356 1092 1395 ad
1130 1371 1172 1411 p.
1202 1354 1290 1407 114.
1319 1356 1375 1394 A.
1414 1369 1508 1408 pen.

104 1414 195 1447 icta.

185 1462 231 1500 C.
253 1477 347 1515 pen.
381 1463 492 1517 [620,
521 1465 604 1520 19.]
635 1462 905 1518 κουρεῦματι.
962 1466 1153 1505 Detonsio
1169 1464 1302 1517 capilli
1330 1464 1374 1502 fit
1401 1470 1509 1502 octa-

73 1529 126 1556 vo
150 1517 214 1556 die
240 1525 331 1570 post
356 1521 634 1571 nativitatem3
667 1536 707 1559 v.
741 1523 863 1559 Goar.
895 1520 1120 1574 Eucholog.
1147 1521 1335 1558 Heinecc.
1365 1518 1419 1556 de
1444 1533 1509 1557 ec-

77 1571 174 1612 cles.
203 1573 344 1612 Graee.
366 1574 439 1612 ΙΙΙ.
471 1574 567 1626 464.
624 1576 829 1614 Deductus
857 1576 983 1615 videri
1012 1583 1145 1628 posset
1171 1575 1237 1614 hie
1266 1589 1352 1613 mos
1381 1575 1512 1612 crines

72 1640 291 1680 puerorum
314 1628 558 1669 detondendi
585 1631 636 1670 ab
666 1630 735 1669 illo
770 1638 950 1671 veterum
966 1630 1190 1684 gentilium,
1218 1645 1298 1684 quo
1328 1629 1511 1668 solebant

73 1681 215 1734 ephebi
246 1683 452 1737 utriusque
477 1699 590 1726 sexus
617 1700 772 1725 comam
794 1685 911 1725 alicui
942 1686 1122 1734 numini,
1167 1687 1230 1724 cui
1270 1700 1312 1724 se
1349 1685 1511 1722 dedica-

72 1735 199 1785 bant,
242 1737 353 1777 velut
379 1741 538 1793 signum
566 1742 768 1780 servitutis
786 1741 882 1780 dare
910 1749 949 1780 et
977 1742 1186 1794 deponere.
1241 1740 1396 1780 Arabes
1422 1754 1512 1778 cer-

73 1798 115 1830 te
141 1806 292 1831 comam
322 1808 395 1846 pro
424 1797 536 1848 signo
583 1796 778 1835 libertatis
809 1796 974 1836 habent.
1030 1797 1107 1835 Cui
1135 1810 1248 1835 coma
1275 1795 1408 1843 salva,
1441 1794 1512 1833 ille

73 1845 175 1885 liber
200 1852 285 1895 est;
315 1856 353 1886 et
380 1850 416 1887 si
444 1853 532 1904 quis
560 1851 666 1890 bello
703 1866 823 1905 quem
851 1853 954 1905 cepit
982 1859 1101 1905 atque
1129 1853 1169 1891 in
1199 1851 1423 1890 libertatem
1444 1849 1509 1888 di-

71 1901 218 1949 mittit,
246 1902 443 1943 abscindit
470 1911 553 1945 eius
579 1909 706 1946 antias
733 1922 883 1960 suaque
910 1909 951 1946 in
990 1908 1175 1959 pharetra
1204 1907 1339 1946 condit
1356 1935 1368 1957 ,
1397 1904 1509 1943 velut

74 1957 231 2008 signum
254 1961 410 2011 pristini
437 1962 478 1998 in
506 1962 709 2001 dimissum
730 1963 912 2001 dominii.
969 1963 1121 2001 Verum
1148 1963 1278 2000 medio
1306 1975 1406 2000 aevo
1435 1974 1510 2012 per

74 2009 355 2053 abscissionem
387 2029 522 2054 comae
548 2017 728 2056 solebant
744 2018 844 2056 filIos
862 2018 1065 2071 adoptare.
1124 2018 1198 2055 Cui
1224 2017 1324 2055 alter
1351 2030 1508 2055 comam

73 2065 346 2117 abscindebat,
378 2071 411 2109 is
440 2084 531 2109 eum
557 2074 600 2111 in
626 2073 755 2112 filium
781 2073 1011 2126 adoptabat.
1067 2072 1277 2112 Praeclare
1303 2073 1371 2110 Du
1401 2071 1508 2109 Can-

73 2120 160 2173 gius
189 2122 240 2160 ad
271 2123 442 2164 Ioinvill.
473 2140 516 2178 p.
537 2141 650 2181 272.,
678 2127 749 2166 ubi
775 2128 825 2166 de
853 2131 973 2168 variis
1001 2128 1215 2181 adoptandi
1242 2127 1371 2166 modis
1399 2127 1505 2179 agit,

73 2189 146 2214 nos
175 2177 375 2218 lu‘storzens
389 2210 400 2230 ‚
429 2180 484 2219 ait
502 2211 513 2228 ,
552 2197 646 2221 nous
662 2185 910 2234 jburnissent
948 2198 1083 2222 encore
1120 2198 1193 2222 une
1237 2191 1346 2220 autre
1377 2182 1507 2235 espece

72 2229 302 2284 d'adoption
327 2234 564 2283 d’lzonneur‚
604 2239 674 2291 qui
695 2253 734 2276 se
743 2240 893 2290 faisoit
910 2254 958 2277 en
986 2247 1152 2292 coupant
1173 2239 1228 2275 les
1252 2238 1427 2275 cheveux
1456 2236 1507 2274 de

72 2286 175 2324 celui
201 2289 271 2340 qui
296 2288 389 2327 e'toit
422 2289 634 2344 adopte'en
654 2292 748 2345 fils.
821 2293 973 2332 Paulus
1001 2292 1248 2332 VVarnefrid.
1276 2293 1318 2329 in
1350 2292 1502 2330 Histor.

71 2338 326 2394 Longobard.
360 2344 410 2382 de
441 2344 586 2384 Carolo
625 2347 838 2387 Mai-tello:
880 2350 985 2386 circa
1015 2350 1109 2386 haec
1127 2357 1301 2400 tempora
1323 2346 1504 2396 Carolus,

68 2397 251 2450 princeps
273 2399 518 2438 Francorum
531 2431 544 2451 ‚
561 2400 746 2454 Pcpinum
772 2417 880 2441 suum
910 2404 1127 2457 parvulum
1146 2402 1279 2454 filium
1315 2401 1372 2440 ad
1392 2401 1505 2439 Laie-

69 2451 272 2501 prandiam
305 2453 482 2504 direxit,
531 2464 573 2493 ut
609 2457 689 2494 eius
728 2459 843 2496 iuxta
873 2472 1016 2496 morem
1053 2458 1239 2510 capillum
1283 2456 1504 2510 susciperet.

78 2504 159 2556 Qui
177 2507 258 2545 eius
275 2511 485 2547 caesariem
513 2509 684 2548 incidens
698 2513 738 2549 ei
767 2521 884 2565 pater
908 2511 1059 2564 effectus
1080 2521 1156 2562 est,
1182 2511 1389 2565 multisque
1416 2525 1501 2549 eum

75 2558 242 2600 ditatum
278 2566 395 2615 regiis
436 2566 654 2603 mimeribus
687 2567 855 2618 genitori
904 2568 1064 2604 remisit.
1141 2566 1372 2605 Anastasius
1406 2566 1503 2604 Vita

77 2613 280 2656 Benedicti
315 2620 367 2658 11.
404 2634 444 2672 p.
469 2620 535 2673 57.
561 2635 571 2659 :
611 2621 672 2658 lu‘c
713 2635 792 2658 una
825 2635 909 2659 cum
939 2622 1043 2660 clero
1077 2630 1115 2659 ec
1140 2623 1314 2660 exercitu
1341 2621 1503 2673 susc-epit

75 2670 261 2710 mallones
287 2672 343 2726 [id
372 2682 430 2713 est
457 2675 597 2724 cirros,
627 2674 844 2728 cincinnos]
863 2676 1095 2730 capillorum
1114 2677 1266 2715 domini
1292 2676 1505 2722 hestitu‘arzi

76 2732 114 2761 et
130 2724 329 2776 Ileraclei,
351 2730 535 2783 filiorum
573 2731 859 2770 clememissimi
893 2732 1109 2785 principis,
1149 2732 1269 2771 simd
1294 2740 1333 2771 et
1361 2732 1499 2772 iussio-
