1884 3132
51 734 116 783 Ed.
135 733 172 766 L.
196 734 256 779 433

270 117 380 183 422
559 132 632 173 10.
673 131 778 173 IAC.
815 132 1010 173 10115101
1042 131 1418 174 COMMENTARn
1464 107 1466 110 ’

271 237 492 277 vocabulis.
548 237 650 276 Mihi
686 236 849 290 quidem
890 238 933 275 in
963 243 1074 275 tanta
1102 237 1423 276 coniecturarum
1451 250 1534 275 11011
1561 239 1714 291 impro-

270 293 466 332 babilium
485 291 742 334 multitudine
769 299 808 330 et
849 293 892 330 in
917 293 973 330 rei
990 322 1001 342 ‚
1033 299 1080 330 ut
1107 294 1295 345 antiquae
1315 322 1327 342 ‚
1356 291 1599 332 obscuritate
1626 294 1711 333 dis-

268 356 420 395 tractus
451 349 494 387 in
524 348 682 387 diversa
723 348 880 386 animus
910 347 1068 386 dubitat
1086 377 1097 398 ,
1130 349 1194 386 cui
1222 346 1420 386 calculum
1448 347 1564 386 ferat.
1623 349 1715 387 Ma·-

268 405 371 442 xime
386 402 629 443 tamcnilluc
644 402 817 454 inclino,
847 410 892 440 ut
921 404 1127 456 campagia
1153 417 1176 442 a
1203 417 1344 456 campa
1364 402 1430 442 vel
1457 402 1619 456 gamba‚
1647 418 1714 450 ar-

267 457 393 498 ticulo
421 460 549 498 cruris
566 473 660 497 cum
679 458 849 505 femore,
881 457 1079 503 derivem,
1108 465 1154 496 ut
1174 472 1293 510 supra
1312 460 1391 501 iam
1411 459 1568 497 monui.
1598 459 1707 498 Con-

268 514 403 553 firmat
422 514 526 553 hanc
542 512 825 568 etymologiam
850 511 1094 553 vocabulum
1121 514 1311 560 cambale‚
1338 513 1445 567 quod
1475 519 1588 552 notat
1613 527 1710 552 can-

268 570 404 609 didam
439 569 549 608 illam
570 569 694 608 latam
721 568 988 608 orbicularem
1014 567 1179 608 linteam
1202 568 1388 618 fasciam,
1414 583 1518 622 quae
1547 569 1716 607 summi-

267 626 342 677 tati
371 639 581 664 ocrearum
617 625 857 677 supponitur
896 630 935 662 et
976 626 1096 676 genui
1135 623 1466 678 circumponitur.
1524 624 1717 663 Germani

269 680 440 720 ridicula
468 687 508 719 et
535 679 710 719 absurda
731 680 906 719 dictione
925 678 1322 730 Stiqsc'tlmansclzetcen
1340 678 1542 732 appellant
1557 709 1569 726 ‚
1599 680 1715 732 quasi

272 736 381 776 dicas
403 737 579 775 manicas
596 736 844 774 aestivalium
867 749 938 774 seu
957 748 1166 774 ocrearum
1184 749 1195 786 3
1221 749 1262 775 v.
1279 735 1346 773 Du
1367 734 1501 788 Cange
1530 748 1573 775 v.
1597 735 1718 776 Cam-

270 793 379 841 bale,
416 791 486 830 ubi
519 798 696 831 veterem
725 790 906 830 chartam
938 791 1060 840 citat,
1100 791 1143 828 111
1159 804 1239 853 (1113
1258 789 1458 829 cambalia
1477 799 1517 830 et
1536 790 1717 845 picmlia

271 854 548 889 memorantur
578 862 670 886 cum
690 846 768 885 alia
796 844 1065 898 suppellectile
1094 847 1218 898 equiti
1238 846 1471 885 necessaria.
1531 845 1716 885 Pit-ralia

270 903 328 943 ibi
355 909 448 942 sunt
474 901 660 941 calcaria.
717 901 795 940 Sed
822 902 916 940 satis
942 898 1290 954 etymologiarum.
1343 899 1562 939 Videamus
1589 914 1712 949 nunc,

272 958 371 1011 quid
406 958 465 997 rei
509 958 660 997 fuerint
701 957 919 1009 campagia‚
975 955 1181 998 Didicerat
1219 955 1436 994 Salmasius
1483 969 1507 994 a
1530 953 1721 994 Pollione

271 1014 478 1067 campagia
505 1011 715 1052 reticulata
737 1013 879 1061 fuisse,
908 1010 1016 1049 unde
1035 1010 1132 1051 hacc
1153 1010 1272 1050 edicit
1292 1011 1343 1049 ad
1361 1008 1535 1050 Tertull.
1555 1009 1714 1063 p.363.:

274 1069 493 1122 Campagia
509 1068 668 1107 diversa
687 1075 800 1106 erant
824 1081 850 1105 a
866 1066 1075 1121 peronibus
1097 1067 1164 1105 vel
1188 1066 1324 1115 bottis,·
1353 1080 1432 1105 non
1462 1067 1568 1104 enim
1586 1065 1718 1104 solida

271 1126 496 1179 integraque
510 1124 618 1178 pelle
642 1138 758 1162 crura
776 1122 1031 1176 operiebanc3
1065 1121 1135 1160 secl
1147 1122 1295 1174 fasciis
1323 1122 1452 1160 multis·
1483 1121 1717 1159 mticzdatim

271 1180 463 1234 implexis
496 1179 714 1231 cingebant.
770 1177 943 1223 Videtur
974 1177 1050 1214 Vir
1094 1190 1275 1215 summus
1302 1190 1444 1218 verum
1471 1175 1640 1224 vidisse,
1677 1183 1719 1215 et

272 1235 477 1287 campagia
512 1233 623 1272 aliud
662 1232 763 1272 nihil
802 1233 922 1271 fuisse
941 1262 952 1278 ,
1000 1245 1123 1284 quam
1156 1233 1318 1284 fasciae
1339 1262 1350 1278 ‚
1388 1230 1535 1285 quibus
1564 1237 1720 1275 veteres

272 1304 392 1330 crura
421 1288 645 1329 vestiebant
664 1318 676 1339 ‚
707 1295 747 1327 et
774 1287 825 1327 de
856 1287 1002 1341 quibus
1030 1288 1113 1339 ipse
1133 1286 1260 1326 multa
1282 1286 1342 1325 dis
1370 1287 1499 1325 utavit
1525 1285 1578 1325 ad
1598 1287 1719 1324 Lam-

272 1345 393 1398 pridii
422 1343 639 1389 Alexandr.
655 1344 849 1382 Severum
868 1357 910 1395 p.
929 1343 1026 1396 975.
1047 1356 1156 1396 sqq.,
1185 1356 1311 1394 eoque
1332 1301 1447 1384 illum
1467 1340 1551 1380 salli
1569 1371 1580 1389 ‚
1608 1341 1720 1393 quod

273 1400 477 1452 campagia
506 1399 705 1442 barbarici
736 1398 993 1437 calceamenti
1021 1411 1145 1450 genus
1178 1396 1363 1450 perhibet
1393 1396 1513 1436 fuisse
1540 1396 1592 1437 ad
1618 1396 1720 1436 Τ1·6-·

272 1454 383 1494 1161111
413 1454 607 1493 Ρο11101115
635 1452 867 1492 Gallienum
894 1468 938 1506 p.
974 1451 1068 1504 254..
1095 1483 1107 1504 ,
1151 1453 1223 1492 ubi
1252 1453 1410 1504 copiose
1446 1451 1496 1491 de
1524 1452 1723 1505 campagis

274 1509 448 1548 disserit.
506 1509 731 1562 Apparebit
769 1509 846 1548 hoc
886 1523 932 1547 ex
971 1509 1054 1547 eius
1091 1507 1226 1548 verbis
1268 1507 1438 1556 clarius,
1480 1521 1584 1561 quae
1609 1506 1724 1546 illinc

273 1579 356 1603 non
385 1565 491 1618 piget
518 1579 741 1617 excerpere.
801 1564 946 1603 Verius
969 1578 1060 1616 ergo
1076 1594 1086 1611 ‚
1118 1565 1174 1602 ait
1200 1563 1229 1603 1.
1259 1578 1296 1602 c.
1318 1577 1360 1616 p.
1383 1563 1479 1617 237.
1496 1592 1510 1614 ‚
1550 1563 1724 1601 reticulis

273 1620 363 1658 ideo
381 1621 526 1659 similes
545 1621 650 1658 visos
684 1619 869 1659 Gallieno
895 1633 1106 1674 campagos
1132 1628 1298 1674 propter·
1322 1619 1498 1657 lor-otum
1532 1625 1572 1656 ec
1595 1619 1724 1659 corri-

272 1676 446 1727 giarum,
467 1675 602 1730 quibus
626 1675 733 1713 circa
761 1689 878 1714 crura
913 1674 1197 1726 alligabantur,
1232 1674 1390 1713 variam
1405 1682 1444 1711 et
1469 1673 1723 1727 multiplicem

274 1730 578 1784 decussatimque
607 1731 782 1769 volutam
815 1730 1145 1784 implicationem,
1185 1743 1286 1785 quae
1323 1727 1565 1775 oeticulaaan
1595 1727 1721 1781 plane

276 1799 372 1838 opus
407 1786 582 1836 refert-et.
655 1786 792 1838 Magni
830 1787 1022 1824 momenti
1054 1785 1106 1824 ad
1155 1784 1260 1823 hanc
1294 1797 1380 1823 rem
1435 1781 1723 1829 conficiendam

275 1838 388 1879 10605
429 1839 496 1878 1116
527 1839 720 1879 Pollionis
761 1847 844 1889 est,
888 1854 969 1892 quo
1011 1840 1134 1886 refert
1170 1839 1399 1878 Gallienum
1432 1837 1722 1890 Imperatorem

275 1908 486 1948 campagos
513 1896 691 1934 reticulos
723 1894 957 1948 appellasse.
1014 1895 1075 1935 Ex
1113 1894 1183 1933 illo
1211 1895 1318 1933 enim
1347 1893 1536 1932 discimus
1564 1892 1607 1935 id
1637 1906 1722 1931 esse

275 1951 510 2003 campagia,
545 1950 656 2003 quod
687 1964 812 2003 paene
846 1950 998 2004 ubique
1028 1951 1069 1989 in
1095 1949 1264 2004 pedibus
1295 1947 1583 2002 spiculatorum
1613 1961 1725 1988 marr

276 2011 386 2056 tyres
417 2005 652 2044 christianos
686 2005 871 2044 omnibus
899 2005 1102 2058 suppliciis
1129 2006 1359 2045 necantium
1387 2004 1651 2055 conspicimus
1678 2002 1720 2040 in

280 2059 524 2112 imaginibus
553 2059 771 2113 Menologii
797 2060 984 2099 Basiliani
1003 2090 1015 2110 ‚
1038 2059 1294 2099 reticulatum
1322 2072 1438 2112 opus,
1469 2057 1576 2111 quod
1606 2071 1727 2110 saepe

280 2127 364 2155 non
392 2129 509 2152 crura
538 2114 668 2159 solum
687 2145 697 2162 ‚
739 2115 808 2154 sed
845 2116 928 2167 ipsa
968 2129 1127 2168 quoque
1166 2113 1375 2154 femoralia
1413 2127 1495 2156 uno
1529 2111 1722 2152 continuo

282 2175 414 2207 tractu
443 2169 578 2208 vestit.
636 2170 794 2222 Operae
823 2172 996 2222 pretium
1035 2178 1094 2209 est
1123 2170 1174 2215 ad
1200 2168 1514 2224 cognoscendam
1539 2181 1624 2207 rem
1650 2180 1722 2205 ve-

282 2230 414 2261 terum
452 2224 677 2263 vestiariam
711 2224 799 2263 illas
833 2226 1025 2278 imagines
1043 2254 1055 2275 ‚
1097 2225 1216 2264 rudes
1254 2224 1464 2279 quamviS,
1514 2222 1724 2274 inspicere,

285 2279 495 2328 Quaedam
530 2279 674 2323 talium
701 2293 985 2332 compagorum
1013 2295 1083 2319 seu
1126 2280 1510 2333 compagohosarum
1549 2275 1724 2326 habent,

284 2347 447 2384 prorsus
463 2342 509 2373 ut
526 2342 684 2373 nostrae
697 2335 954 2386 Camasehae,
972 2342 1011 2374 et
1028 2343 1073 2373 ut
1094 2335 1215 2374 hosae
1233 2336 1497 2384 [iusim-orum,
1518 2344 1645 2383 usque
1669 2330 1723 2368 ad

287 2402 489 2426 summum
516 2390 646 2428 femur
674 2390 715 2427 in
744 2398 905 2429 externa
934 2398 1048 2443 parte
1075 2390 1270 2441 nodulos,
1299 2388 1446 2443 quibus
1473 2385 1663 2437 adstringi
1684 2391 1724 2423 et

283 2441 429 2490 resolvi
442 2458 612 2484 rursusa
624 2458 789 2498 corpore
808 2453 988 2498 possunt.
1019 2445 1146 2484 Unde
1170 2447 1307 2485 venias
1321 2445 1360 2483 in
1376 2443 1639 2495 suspicionem
1655 2453 1724 2482 res

283 2496 604 2537 ticulatumillud
624 2514 724 2552 opus
754 2514 836 2538 non
861 2514 906 2539 ex
939 2501 1186 2540 diversarum
1214 2501 1424 2539 fasciarum
1448 2495 1664 2535 artificiosa
1685 2501 1726 2533 et

283 2550 462 2590 taediosa
490 2553 791 2606 complicatione
819 2563 1016 2606 constare,
1045 2556 1114 2594 sed
1142 2569 1276 2608 panno
1296 2555 1487 2592 intextum
1519 2564 1602 2589 esse
1621 2579 1633 2600 ,
1650 2556 1723 2588 aut

285 2603 363 2652 alia
393 2621 630 2660 quacunque
659 2617 742 2648 arte
768 2611 1019 2662 impressum.
1052 2612 1189 2660 Quum
1211 2617 1345 2647 tamen
1370 2605 1531 2644 aliunde
1550 2612 1719 2651 constet,

285 2671 411 2710 usquc
439 2661 490 2698 ad
519 2663 637 2701 Vlll.
666 2664 867 2703 saeculum
895 2674 934 2703 et
973 2665 1139 2704 ulterius
1179 2670 1352 2702 veterem
1381 2661 1607 2699 Romanum
1635 2674 1724 2699 mo-

286 2725 371 2762 rem
401 2714 530 2754 fasciis
560 2717 794 2758 decussatim
822 2719 946 2772 plexis
976 2735 1093 2759 crura
1132 2717 1324 2759 vestiendi
1364 2716 1470 2770 apud
1498 2715 1729 2763 occidenta-.
