1890 3112
229 179 304 219 An
342 177 641 220 comum.
681 175 879 218 Ponrn.
911 176 982 216 nr.
1023 173 1203 217 cmm.
1242 178 1340 217 mn.
1385 179 1417 216 1.
1478 178 1550 232 79

106 279 227 333 primi
248 280 333 320 eius
359 281 590 319 inventores
602 309 615 331 ,
635 279 718 319 sive
734 280 777 316 in
794 291 842 317 eo
856 278 1074 317 imitatores
1091 278 1366 318 Romanorum
1384 279 1547 320 fuerint.

105 335 284 374 Graecos
309 342 464 375 veteres
493 342 600 375 certe
616 335 660 376 in
686 334 818 373 forum
841 335 1077 387 processisse
1107 334 1339 374 candidatos
1353 363 1366 386 ,
1384 344 1549 390 apparet

40 401 44 405 ’
107 404 155 430 ex
171 389 432 430 Artemidoro
450 404 492 444 p.
512 389 582 430 83.
607 390 670 430 13.
691 389 756 428 ed.
777 387 924 442 Rigalt.
971 389 1200 428 Traductus
1222 389 1328 428 idem
1348 390 1400 429 ad
1416 399 1548 444 poste-

107 446 216 485 riora
249 453 430 500 tempora
462 445 539 485 fuit
556 475 568 496 ,
613 451 659 486 ut
686 443 817 483 adhuc
846 442 923 482 sub
950 443 1093 483 lustin.
1112 445 1171 483 Μ.
1196 445 1247 483 ad
1264 445 1548 487 celebrandum

107 499 289 540 hilariter
297 500 583 554 splendideque
595 499 703 539 diem
716 498 859 538 festum
872 500 915 537 in
931 499 1109 538 candidis
1118 499 1288 553 populus
1298 502 1546 542 conveniret.

106 555 365 610 Quapropter
380 554 534 595 Paulus
557 554 809 594 Silentiarius
832 554 873 592 in
897 553 1092 607 Ecphrasi
1110 569 1333 608 provocans
1358 557 1410 596 ad
1443 557 1546 597 cele-

104 609 302 653 brandam
324 609 480 651 solenni
508 617 548 650 et
573 610 677 666 laeto
702 611 784 649 ritu
800 609 1091 648 dedicationem
1107 611 1150 649 S.
1168 610 1342 664 Sophiae
1360 613 1415 651 sic
1430 614 1486 653 ait
1504 629 1517 654 ε

213 671 340 730 δεῦρό
375 689 451 727 μοι
484 671 751 728 ἅχλυόεσσαν
783 671 1096 728 α’ποῤῥήμαντες
1124 672 1242 729 α’νιήν
1253 707 1267 727 ,

208 729 403 783 χιονέους
427 730 608 771 ἕσσασθε
638 727 863 783 γεγηθότες
890 726 1022 781 ὕψεσι
1058 729 1253 778 πέπλους.

31 815 36 819 ·
99 796 417 838 Candidatorum
447 797 584 837 stricte
614 799 670 838 sic
707 797 908 837 dictorum
945 798 1141 852 originem
1170 805 1361 852 repetunt
1388 815 1412 840 a
1439 801 1543 842 Gor-

102 852 258 904 dianis3
290 866 333 894 v.
369 853 568 894 Auctores
601 867 723 908 supra
761 855 850 892 citt.
883 860 922 892 et
951 852 1121 893 Salmas.
1150 853 1204 893 ad
1228 854 1316 894 Scr.
1344 855 1400 895 H.
1431 856 1542 911 Aug.

103 907 156 946 T.
182 908 238 947 11.
262 922 308 962 p.
339 907 407 964 75.
463 907 543 948 Sed
572 909 654 948 iam
680 909 877 959 instituit,
907 915 978 948 aut
1005 916 1112 948 certe
1139 911 1350 950 renovavit
1379 911 1542 963 desitos,

102 961 332 1004 Alexander
355 964 528 1004 Severus
546 993 558 1016 ,
591 971 637 1003 ut
664 978 686 1004 e
715 963 947 1018 Lampridio
974 964 1027 1003 Τ.
1050 965 1086 1003 Ι.
1113 964 1200 1004 Ser.
1231 965 1286 1004 H.
1307 965 1362 1005 A.
1379 981 1422 1020 p.
1443 968 1541 1023 939.

97 1025 259 1058 constat
273 1049 285 1072 ,
313 1020 387 1060 ubi
421 1020 477 1060 a'it
490 1049 502 1070 ‚
531 1020 695 1068 milites,
731 1034 826 1075 quos
850 1020 1122 1059 ostenszbnales
1145 1029 1309 1070 vocant,
1345 1036 1424 1062 non
1445 1038 1543 1077 pre—

101 1074 229 1123 tiosis,
278 1075 351 1114 sed
383 1076 563 1130 specto-5125
589 1075 782 1130 clarisque
821 1075 986 1115 vestibus
1019 1074 1200 1114 ornabat.
1257 1075 1462 1130 Significat
1488 1079 1542 1118 li-

48 1128 51 1130 ’
101 1142 196 1167 neas
237 1129 447 1181 candidas,
494 1145 598 1184 quae
638 1131 778 1184 exiguo
815 1132 944 1184 pretio
983 1138 1288 1184 comparantur,
1334 1139 1374 1171 et
1406 1140 1542 1174 tamen

99 1182 219 1223 oculo
232 1183 394 1238 placent
410 1193 531 1239 atque
543 1186 689 1226 nitent.
727 1185 871 1225 Clarae
895 1193 1026 1225 vestes
1047 1193 1141 1225 sunt
1159 1187 1366 1226 candidae.
1398 1189 1540 1230 Graeci

98 1252 264 1294 quoque
297 1239 492 1295 λαμπρὸν
519 1249 559 1281 et
585 1235 777 1295 καθαρόν
805 1256 881 1294 pro
906 1240 1039 1296 λευκῷ
1061 1249 1243 1295 ponunt,
1285 1250 1324 1282 et
1351 1244 1541 1294 λαμπρο-

98 1298 250 1347 <papatu
273 1309 349 1349 pro
380 1297 676 1349 λευχειμονεῖν.
731 1295 791 1335 Ita
816 1298 968 1350 accipio
995 1296 1094 1336 illud
1116 1297 1285 1336 Diodori
1304 1297 1427 1337 Siculi
1444 1300 1535 1339 XX.

131 1376 143 1387 .
175 1363 220 1402 p.
239 1349 336 1402 410.
352 1365 395 1406 9.
451 1348 672 1405 προελθών
699 1349 744 1392 ἐν
770 1347 920 1403 ἱματίω
949 1351 1128 1402 λαμπρῶ
1154 1354 1195 1391 in
1216 1362 1320 1392 veste
1347 1355 1537 1395 candida.

98 1361 164 1442 {ta
188 1404 429 1459 λαμπρότης
455 1421 530 1461 pro
559 1401 758 1460 λευκότης
782 1392 914 1461 Ροευίἷ
931 1407 1051 1446 Iobus
1071 1391 1295 1447 Monachus
1313 1409 1419 1461 apud
1434 1410 1538 1449 Pho-

96 1459 200 1498 tium
225 1459 332 1501 Bibl.
358 1475 402 1514 p.
435 1461 532 1502 308.
560 1469 600 1501 et
635 1463 949 1516 λαμπροφορεῖν
982 1477 1057 1515 pro
1096 1464 1308 1502 candidam
1334 1479 1467 1516 gerere
1493 1466 1537 1504 in

98 1511 179 1552 illis
213 1511 263 1554 τὸ
308 1515 448 1566 μέντοι
486 1519 802 1570 λαμπροφορεῖν
845 1515 942 1564 τούς
979 1516 1308 1568 βαπτιζομένους
1343 1519 1414 1570 τῆς
1455 1521 1538 1559 τῶν

97 1565 283 1620 ἀγγέλων
311 1566 522 1621 σύμβολόν
547 1571 636 1610 ἐστι
656 1568 964 1623 λαμπρότητος,
990 1568 1037 1611 τὸ
1067 1569 1253 1624 καθαρὸν
1274 1573 1444 1620 ἐκείνοις
1461 1574 1538 1614 τοῦ

98 1621 178 1662 νοῦ
201 1621 496 1679 διατυπούσηξ.
552 1626 658 1665 Hinc
678 1626 762 1665 dies
790 1626 999 1665 Paschatis
1028 1624 1054 1678 ἦ
1083 1623 1381 1681 λαμπροφόρος
1415 1624 1536 1694 ἐορτη1

95 1677 205 1718 dicta
229 1679 329 1732 fuit,
364 1688 411 1720 ut
446 1681 582 1721 multis
610 1681 800 1734 exemplis
839 1681 985 1734 prohat
1011 1682 1079 1720 Du
1109 1682 1241 1736 Gange
1266 1696 1309 1721 v.
1339 1683 1534 1735 Λαμπρα

96 1739 138 1771 et
166 1732 367 1788 Κυριακὴ
400 1751 494 1790 pag.
515 1736 628 1791 769„
655 1751 739 1776 non
759 1737 868 1789 quod
884 1738 926 1774 in
954 1735 1190 1790 splendidis,
1222 1739 1404 1790 pretiosis
1421 1741 1538 1779 vesti-

95 1786 199 1839 bus,
228 1789 299 1829 sed
324 1792 434 1844 quod
463 1794 506 1831 in
531 1792 710 1831 candidis
735 1792 1031 1845 procederetur.
1091 1792 1166 1831 Illo
1190 1795 1296 1831 enim
1317 1793 1383 1832 die
1413 1802 1452 1833 et
1468 1795 1536 1834 alii

59 1875 65 1887 .
94 1850 136 1882 et
163 1858 300 1885 reeens
325 1845 516 1901 baptizati
545 1849 587 1886 in
617 1847 718 1886 albis
745 1847 1029 1901 procedebant.
1086 1847 1211 1886 Plura
1236 1848 1411 1901 exempla
1440 1865 1535 1890 usus

95 1897 216 1939 huius
229 1913 273 1940 v.
301 1900 496 1955 λαμπρὸς
526 1917 601 1956 pro
623 1903 734 1942 albus
754 1903 874 1941 habet
890 1903 956 1941 Du
979 1903 1115 1956 Gange
1133 1902 1264 1942 Gloss.
1282 1903 1355 1942 Gr.
1373 1919 1416 1957 p.
1438 1904 1532 1959 787.

96 1954 301 1994 Gerebant
319 1956 363 1996 hi
387 1958 589 1997 candidati
606 1965 792 2011 torquem
811 1972 976 1997 aureum
991 1987 1002 2009 ,
1032 1965 1078 1997 ut
1096 1972 1118 1997 e
1134 1958 1270 1998 multis
1289 1959 1414 1998 nostri
1433 1961 1535 1999 codi-
1606 1983 1609 1985 ·

93 2009 153 2048 cis
171 2018 326 2050 constat
341 2012 463 2065 locis3
488 2020 527 2052 et
544 2028 656 2053 arma
677 2015 935 2068 Imperatoris
952 2043 963 2063 ,
994 2013 1036 2052 id
1054 2020 1112 2054 est
1132 2021 1290 2053 scutum
1307 2021 1348 2054 et
1360 2014 1531 2065 hastam,

46 2071 48 2073 '
95 2077 188 2103 eum
213 2068 492 2119 procedentem
524 2071 774 2109 comitantes.
830 2069 1048 2122 Propterea
1081 2064 1369 2123 συνεμπόρους
1410 2069 1533 2110 α’σπι-

92 2114 252 2168 διώτας
277 2135 344 2162 eos
367 2124 542 2177 appellat
555 2125 707 2165 Paulus
725 2125 976 2164 Silentiarius
995 2124 1189 2178 Ecphras.
1211 2125 1256 2164 S.
1286 2124 1457 2178 Sophiae
1488 2141 1530 2165 v.

99 2173 189 2226 124.
206 2204 220 2228 ,
253 2175 326 2216 ubi
352 2180 686 2232 processionalem
714 2181 970 2236 Imperatoris
1015 2180 1176 2219 turbam
1202 2181 1259 2220 sic
1291 2179 1476 2219 describit
1489 2196 1502 2220 :

623 2246 700 2290 οῦκ
729 2249 930 2303 ἀνέμιμνε
957 2250 1216 2302 συνέμπορον
1244 2245 1530 2306 ἆσπιδιοότην,

254 2303 438 2354 χρυσὲον
465 2301 721 2356 ἆγνάμπτοιο
750 2308 840 2352 κατ’
867 2304 1044 2358 αὖχένος
1073 2301 1204 2358 ὅρμον
1227 2301 1393 2357 ἔχοντα.

258 2355 311 2420 οιΞ
335 2359 526 2410 χρυσοῦν
551 2374 643 2400 τινα
672 2356 834 2413 ῥάβδον
860 2360 932 2401 αἐἱ
956 2359 1238 2414 προκέλευθον
1266 2356 1475 2414 α’νάκτων,

259 2424 309 2450 ου
339 2410 522 2465 στρατὸν
553 2413 750 2471 ἦνορέῃσι
787 2416 1038 2467 κεκασμένον
1065 2408 1240 2464 εὕποδος
1264 2410 1399 2469 ἥβης,

256 2462 492 2521 σύνδρομον
518 2465 713 2510 εὕόπλοιο
740 2470 1029 2525 μεγακρηπΐδα
1056 2468 1270 2512 κελεύθου.

90 2540 230 2582 Primo
257 2542 345 2583 loco
373 2553 568 2585 memorat
595 2547 865 2599 Candidatos3
905 2555 992 2587 tum
1018 2548 1226 2600 ostiarios,
1254 2555 1325 2588 aut
1352 2548 1528 2588 silentia-

90 2596 201 2648 rios,
227 2599 391 2639 tandem
419 2601 641 2654 spatharios
656 2633 668 2654 ,
699 2612 768 2643 aut
797 2603 1059 2657 Maglabitas;
1106 2604 1312 2644 obscurius
1340 2605 1446 2643 enim
1467 2606 1530 2644 rsi-

90 2652 309 2703 gnificavit.
368 2655 744 2698 Commemorantur
789 2672 949 2712 quoque
995 2658 1407 2712 spatharocandidati,
1458 2661 1529 2712 qui

94 2714 208 2746 erant
235 2709 436 2762 Spatharii
477 2719 516 2751 et
546 2713 788 2764 Candidati,
835 2714 1040 2753 diversum
1070 2714 1236 2754 militiae
1261 2729 1386 2769 genus
1403 2744 1414 2765 ,
1458 2715 1529 2768 qui

91 2769 251 2812 praeter
267 2771 424 2806 scutum
443 2774 482 2807 et
496 2782 627 2822 arma,
654 2769 957 2810 candidatorum
977 2769 1194 2825 peculium,
1213 2772 1332 2812 etiam
1350 2769 1526 2824 spathas,
