1884 3132
248 118 376 188 '408
536 136 610 178 ιο.
652 134 760 178 mc,
799 135 996 176 maisnil
1036 133 1415 182 COMMENTARu

267 255 398 295 neque
426 254 526 294 opus
553 247 655 289 erat,
686 247 731 279 ut
760 239 870 279 doct.
889 240 1105 279 Piersonus
1115 238 1347 279 Verosimil.
1375 253 1418 294 p.
1442 235 1529 287 149.
1546 253 1711 281 versum

265 298 334 336 50.
386 296 573 350 Cyclopis
619 302 659 334 et
698 297 933 335 Barnesium
948 325 960 346 ‚
997 295 1055 334 ibi
1093 295 1257 347 quidem
1300 294 1393 345 loci,
1424 297 1711 336 contumeliose*

266 352 447 392 haberet.
508 351 613 391 Hinc
654 350 907 404 παραμένων
943 357 1028 389 erat
1071 349 1168 388 olim
1205 350 1310 389 inter
1348 352 1513 390 nomina
1557 353 1719 404 pansi--

264 409 371 458 tica,
400 408 494 460 quia
525 409 745 459 parasitus,
775 406 970 459 degressis
1000 404 1166 458 reliquis
1191 406 1384 455 convivis,
1402 413 1582 445 maneret
1599 406 1710 459 apud

266 461 411 501 herum
437 470 476 502 et
503 475 636 516 regem
665 476 810 512 suum,
841 468 942 500 esset
962 491 973 508 ⁷
1002 467 1139 513 ageret
1176 474 1333 513 semper
1377 462 1483 500 circa
1523 475 1642 512 eum,
1670 468 1717 501 et-

267 517 393 557 veluti
424 524 550 558 stator
568 548 579 568 ‚
612 519 818 570 apparitor
845 516 1058 555 excubaret
1083 515 1192 568 apud
1220 529 1339 567 eum3
1368 516 1450 558 vid.
1469 515 1709 569 Alcipbron.

266 572 398 626 Epist.
429 581 470 613 et
497 572 768 625 Theophrast.
803 571 991 610 charact.
1023 585 1060 610 c.
1091 585 1131 610 2.
1191 571 1296 610 Nam
1339 568 1379 610 οἱ
1408 570 1712 623 παραμένοντες

269 636 364 668 sunt
389 635 581 678 statores,
611 629 679 681 qui
712 627 763 666 ad
792 626 879 666 heri
909 627 1014 665 iussa
1041 626 1292 678 exsequenda
1319 628 1449 679 parati
1475 633 1608 676 stant,
1630 640 1712 665 πα-

265 682 521 735 ραμένουσι,
548 683 847 736 praestolantur
865 712 877 735 ‚
906 681 1106 734 numquid
1132 681 1201 720 ille
1237 681 1367 732 velit3
1404 689 1446 728 ‚et
1473 680 1715 734 παραμοναί

268 746 363 779 sunt
390 739 578 778 excubiae
598 739 822 792 principem
842 752 915 790 per
936 737 1043 776 vices
1064 735 1354 788 custodientes3
1383 737 1468 775 vid.
1491 737 1558 775 Du
1579 737 1712 789 Gange

270 794 322 833 ad
351 794 537 834 Cinnam.
570 808 611 847 p.
631 793 726 847 476.
746 801 786 832 et
815 793 882 832 Gl.
914 792 986 831 Gr.
1018 806 1059 845 p.
1089 806 1205 831 1111.
1264 788 1504 844 Παραμονὴ
1527 791 1632 831 dicta
1650 792 1714 830 fe-.

270 851 331 888 ria
361 852 549 902 septima,
581 864 651 888 seu
679 849 763 888 dies
793 848 987 897 sabbati,
1017 849 1208 899 quoniam
1236 845 1371 885 fideles
1397 853 1495 886 tunc
1514 847 1557 885 in
1585 846 1713 886 eccle-

270 906 328 943 sia
357 920 378 943 a
417 919 579 958 vespera
616 900 866 957 παρέμενον,
906 903 1146 951 manebant,
1177 901 1456 955 exspectabant
1496 901 1715 942 adventum

269 959 508 999 dominicae.
567 953 898 1011 Παραμονάριοι
916 987 928 1009 ,
968 959 1331 1005 circummanentes,
1378 955 1545 996 alicuius
1583 955 1713 996 eccle-

273 1016 355 1054 siae
383 1022 476 1054 sunt
509 1015 716 1054 domestici
744 1015 829 1053 eius
856 1042 868 1064 ‚
908 1027 1033 1067 prope
1071 1014 1198 1065 ipsam
1226 1018 1431 1050 manentes
1486 1025 1556 1050 seu
1595 1011 1713 1050 habi-

271 1077 403 1109 tantes
436 1077 475 1110 et
517 1071 600 1109 eius
639 1069 809 1108 servitiis
836 1075 1038 1108 vacantes.
1098 1067 1448 1106 Circwnmanentes
1476 1074 1515 1106 et
1541 1081 1715 1106 comma-

272 1134 402 1164 nentes
428 1132 522 1164 sunt
548 1125 702 1163 Latinis
730 1123 852 1162 medii
883 1123 1003 1173 aevi,
1036 1123 1106 1175 qui
1134 1114 1296 1161 manent'
1314 1152 1325 1172 ‚
1359 1122 1401 1160 id
1428 1129 1486 1161 est
1513 1121 1714 1173 habitant,

275 1188 399 1233 agunt·
417 1209 429 1230 ‚
472 1186 685 1219 versantur
703 1209 716 1230 ‚
747 1179 897 1219 circum
925 1178 1100 1231 aliquem
1125 1177 1191 1216 vel
1219 1191 1310 1216 cum
1340 1176 1487 1231 aliquo.
1544 1176 1715 1216 Gaufre-

276 1235 353 1275 dus
381 1234 598 1275 Malaterra
624 1234 655 1273 l.
678 1233 741 1285 4.;
768 1248 795 1273 α
810 1235 951 1273 marito
968 1234 1061 1289 plus
1080 1233 1289 1271 amabatur
1302 1240 1341 1271 et
1361 1247 1388 1275 a
1409 1233 1723 1271 circummanen-

276 1291 376 1329 tibus
391 1292 611 1345 plurimum
631 1289 940 1344 appretiabatur.
999 1287 1147 1326 Charta
1175 1287 1370 1338 Ludovici
1398 1287 1462 1326 Pii
1492 1286 1611 1340 (apud
1647 1287 1722 1326 Du

274 1345 412 1399 Gange
440 1360 482 1386 v.
512 1345 773 1398 Distringere)
786 1362 798 1382 .·
849 1344 1024 1383 homines
1060 1343 1241 1386 ecclcsiae
1269 1352 1350 1381 tam
1374 1343 1557 1394 ingenuos
1578 1355 1719 1397 quam-

277 1416 352 1456 que
370 1415 503 1440 servos
519 1429 531 1450 ,
574 1415 691 1454 super
715 1408 861 1438 terram
897 1400 978 1437 eius
1007 1407 1303 1437 commanentes,
1361 1396 1597 1436 Catholicon
1625 1410 1719 1449 par-

278 1468 407 1495 vum:
469 1456 679 1494 Genecizmz
708 1451 978 1508 [γυναικεῖον]
1003 1462 1130 1507 potest
1156 1452 1239 1491 dici
1255 1452 1406 1504 Sayria
1431 1451 1488 1507 [id
1516 1459 1575 1491 est
1617 1452 1719 1505 Say-

279 1509 394 1550 daria
409 1541 420 1559 ‚
449 1510 607 1550 officina
633 1511 842 1560 sericaria‚
871 1508 941 1548 ubi
967 1508 1099 1561 Sayda
1117 1537 1129 1559 ,
1158 1507 1235 1547 hoc
1267 1515 1325 1547 est
1341 1507 1532 1555 sericum,
1563 1507 1726 1546 labora-

281 1564 386 1618 tur]‚
419 1566 487 1605 abi
511 1575 670 1604 manent
690 1564 835 1619 [agunt
848 1593 860 1616 ‚
890 1563 1061 1618 degunt]
1090 1563 1268 1602 mulieres
1285 1563 1346 1608 ,de
1371 1577 1456 1609 sero
1473 1562 1601 1602 nendo
1614 1602 1617 1604 ,
1631 1561 1722 1616 [seu

281 1635 456 1674 quarum
484 1635 584 1675 opus
615 1628 674 1660 est
701 1621 871 1659 sericum
891 1617 1020 1672 nere].
1078 1618 1173 1658 Vid.
1203 1618 1272 1658 Du
1300 1618 1433 1671 Cange
1460 1632 1502 1659 v.
1528 1617 1719 1666 Manere,

281 1690 477 1715 emanere.
533 1677 615 1717 Pro
642 1674 784 1726 μένειν
810 1674 1013 1713 interdum
1049 1687 1211 1730 quoque
1249 1671 1478 1723 κοιμᾶσθαι
1505 1671 1692 1711 dicebant
1707 1701 1720 1722 ‚

282 1738 331 1769 ut
370 1732 537 1780 cubare,
574 1731 768 1770 excubare
807 1730 957 1769 Latini.
1013 1725 1184 1769 Hinc‘w‘
1218 1724 1588 1779 παρακοιμοόμενος
1615 1726 1723 1765 idem

282 1787 355 1838 qui
384 1783 406 1825 ὃ
442 1785 718 1836 παραμένων,
755 1785 959 1824 excubitor
973 1800 989 1835 ,·
1028 1784 1112 1823 vid.
1145 1797 1247 1836 quae
1276 1782 1329 1821 de
1362 1782 1725 1834 parakoemomeno

284 1841 391 1881 dico.
449 1840 583 1879 Latini
614 1853 775 1893 quoque
795 1842 959 1891 morari,
989 1839 1174 1878 dicebant
1199 1851 1272 1891 pro
1300 1837 1488 1876 habitare.
1541 1837 1722 1876 Morato-

283 1910 346 1935 res
371 1909 447 1949 pro
476 1896 627 1934 incolae
663 1895 852 1948 Hispanis
878 1895 1150 1948 perfrequens.
1190 1892 1327 1932 Nostri
1359 1896 1530 1946 ‚quoq'ue
1554 1893 1727 1937 maiores

284 1953 431 1990 ›weilen
451 1979 463 2000 ‚
489 1964 665 1998 maner-e,
691 1951 853 1999 morari,
882 1964 954 2003 pro
982 1949 1163 1988 habitare
1191 1947 1395 1998 dicebant,
1415 1954 1465 1986 *et
1499 1944 1568 1985 PV
1563 1947 1619 1985 eil
1649 1961 1726 2000 pro

285 2006 473 2045 habitatio
489 2035 500 2056 ,
524 2007 691 2044 mansio.
748 2005 955 2044 Remansit
979 2004 1056 2042 hoc
1084 2002 1325 2043 vocabulum
1353 2009 1550 2054 superstes
1579 2016 1624 2040 ex
1653 2015 1723 2041 ve-

286 2062 363 2100 teri
390 2074 573 2099 sermone
599 2061 641 2098 in
674 2060 955 2099 terminatione
994 2061 1206 2098 nominum
1245 2057 1466 2096 multarum
1502 2057 1724 2102 civitatium

287 2115 554 2155 Alamanniae
574 2145 585 2164 ,
614 2114 723 2167 quod
749 2121 885 2154 tamen
913 2114 980 2153 alii
1009 2128 1032 2152 a
1059 2114 1160 2152 villa
1186 2113 1384 2158 derivant.
1431 2131 1434 2133 ’

398 2171 446 2210 Β.
467 2171 508 2209 5.
528 2168 642 2220 [4ιο,
668 2168 721 2222 ῐ.]
750 2169 873 2221 μέρη.
898 2170 1118 2216 Portiones,
1136 2169 1369 2222 particulas,
1398 2166 1547 2220 dapum
1564 2179 1719 2218 nempe.

290 2223 431 2263 Partes
460 2238 620 2278 quoque
649 2225 783 2262 Latini
812 2223 997 2263 dicebant
1014 2237 1026 2275 3
1055 2223 1139 2263 vid.
1154 2224 1239 2263 Ser.
1254 2223 1306 2263 H.
1326 2222 1434 2277 Aug.
1452 2223 1503 2261 Τ.
1521 2223 1553 2263 1.
1567 2235 1606 2275 Ρ.
1623 2223 1720 2274 951.

289 2285 330 2320 et
357 2280 493 2332 Legat.
521 2279 774 2332 Luitprandi.

399 2336 449 2379 B.
473 2333 513 2385 4.
537 2333 646 2388 [4ιο,
677 2333 730 2387 1.]
761 2332 805 2373 ἐν
831 2336 925 2379 ταῖς
953 2327 1116 2384 ἑορταῖς
1142 2335 1235 2379 ταῖς
1261 2329 1495 2384 ἡμετέραις.
1549 2331 1724 2382 Reposui

290 2385 513 2440 ἡμετέραις
551 2403 626 2442 pro
662 2385 865 2440 ἡμέραις,
909 2389 1017 2441 quod
1045 2388 1300 2427 membranae
1331 2387 1494 2426 dabant.
1551 2385 1676 2436 Saepe
1701 2398 1726 2423 a

291 2440 466 2482 librariis
491 2458 609 2483 voces
637 2441 774 2496 ἡμέρα
804 2450 844 2482 et
871 2440 1052 2495 ἡμετέρα
1079 2450 1360 2496 permutantur
1382 2456 1395 2492 ς
1433 2440 1516 2482 vid.
1544 2438 1726 2478 Cinnam.

292 2509 335 2551 p.
365 2498 452 2536 126.
473 2499 527 2537 D.
552 2514 607 2554 7.,
636 2499 887 2537 Constantin.
909 2499 1025 2537 Tact.
1042 2512 1082 2551 p.
1109 2497 1179 2549 44.
1202 2498 1274 2536 lin.
1303 2511 1366 2549 17.
1422 2496 1484 2533 De
1512 2493 1626 2532 donis
1654 2507 1724 2546 per

294 2553 541 2598 occasionem
569 2553 725 2591 dierum
753 2553 945 2592 festorum
975 2553 1025 2592 ad
1053 2553 1199 2591 amicos
1227 2553 1331 2590 mitti
1359 2549 1482 2589 solitis
1502 2578 1513 2598 ‚
1555 2549 1598 2587 in
1633 2550 1727 2601 qui-

294 2603 370 2643 bus
396 2608 515 2644 etiam
544 2608 675 2646 edulia
693 2637 703 2657 ‚
734 2623 777 2647 v.
800 2609 867 2646 Du
884 2609 1019 2661 Cange
1044 2622 1087 2648 v.
1109 2608 1275 2645 Fesa'lia
1298 2612 1337 2643 et
1365 2604 1581 2642 Feriatica.

404 2661 452 2699 B.
470 2660 509 2699 8.
529 2661 642 2714 [4,10,
667 2661 724 2714 5.]
753 2656 1039 2715 ἆναγόρευσις.
1094 2662 1194 2700 Item
1223 2653 1453 2712 ἅνάῤῥησις
1470 2687 1481 2707 ,
1525 2659 1728 2696 renuntia·

295 2715 349 2766 (io
366 2743 378 2767 ,
405 2714 619 2768 usurpatur
646 2717 868 2770 promiscue
899 2717 949 2758 de
976 2715 1285 2771 Imperatoribus
1299 2743 1311 2766 ‚
1340 2714 1538 2767 posterius
1566 2726 1731 2767 quoque
