1884 3132
211 125 288 168 An
326 125 627 168 coNsTAm.
669 127 866 169 Pomm.
905 129 977 169 nr,
1016 127 1198 170 cmm.
1244 130 1342 170 Lm.
1383 131 1416 170 1.
1471 108 1582 165 223

250 227 360 267 Tum:
385 230 517 267 senior·
540 228 683 267 Levita
709 243 830 268 manu
854 229 1041 269 diadema
1069 239 1257 271 wcmlum

242 283 414 338 Imperii
438 285 615 336 signwn,
650 285 823 339 pavonis
849 286 992 324 cortice
1017 287 1210 336 candens,

241 339 476 377 Parum-um
504 340 655 378 intexto
677 340 839 392 gemmis
866 340 1115 380 radiantibus
1144 356 1243 382 auro

243 393 453 432 Vallatum
480 394 524 432 in
546 407 716 445 grncm,
752 395 818 432 ati
842 408 991 434 summo
1017 397 1062 435 in
1086 399 1231 436 vertice
1258 397 1378 438 carbo
1434 403 1436 405 ’

239 448 407 488 Evomit
430 457 470 487 et
494 449 622 487 subtus
645 463 890 501 gemmarum
916 452 1100 490 maxima
1110 451 1326 507 flammas.

130 515 180 554 In
210 514 369 554 statutis
394 513 706 552 Massiliensibus
733 521 980 554 memoratur
1008 517 1139 570 (apud
1168 517 1236 556 Du
1256 519 1392 574 Cange
1409 535 1453 562 v.
1478 522 1580 563 Gan-

124 569 378 620 dacor-simu)
419 568 718 621 gardae-omium
744 570 931 609 muliebre
964 570 1016 610 de
1038 586 1179 627 panno
1206 576 1324 614 van'o
1351 577 1580 619 cabrionato

121 638 215 663 cum
234 637 372 679 penna
396 632 437 662 et
459 625 656 679 caputium
691 625 762 663 vel
800 625 989 665 almussia
1016 641 1104 666 cum
1123 629 1269 682 pennis
1282 659 1293 677 ‚
1333 639 1372 669 et
1401 647 1579 685 guarna—

126 680 218 718 clu’a
247 693 335 718 cum
353 691 503 734 penna.
562 678 647 718 Ubi
675 679 926 720 cabn‘onatus
954 695 1114 736 pannus
1140 690 1199 722 est
1219 694 1410 739 paratus,
1456 702 1578 728 orna-

125 742 186 784 tias
221 743 363 799 [hodie
388 744 621 783 clmmmare'
645 744 806 800 dicunt]
837 745 890 785 ab
919 746 1097 787 Arabico
1119 749 1318 790 vocabulo
1347 762 1578 806 J.—.2.—.²-

125 813 297 850 ornam,
326 813 494 839 mmet-e.
552 799 663 851 Quid
692 808 827 840 autem
843 815 968 855 porro
995 802 1061 842 hic
1090 802 1167 843 loci
1196 805 1277 845 sint
1305 807 1463 855 ταῶνες
1489 823 1576 862 xoy-

123 850 275 907 χευτοὶ
298 868 381 894 non
410 854 550 908 liquet.
607 856 733 895 Forte
762 857 900 896 intexti
929 866 1045 898 erant
1070 858 1219 899 talibus
1245 861 1423 902 vestibus
1450 863 1576 918 aliqui

123 909 236 948 sinus
250 939 263 960 ,
301 911 492 950 cavitates
512 939 525 963 ,
563 911 740 951 conchae
769 914 942 966 speciem
970 915 1172 954 imitantes
1186 945 1199 967 ‚
1239 917 1311 970 qui
1339 916 1453 958 velut
1482 933 1575 958 um-

123 963 290 1005 bracula
330 965 502 1020 desuper
544 972 725 1020 tegerent
767 982 961 1022 pavones.
1020 969 1130 1022 Quid
1174 967 1421 1025 μαρζαῦλια
1464 975 1545 1015 sint
1561 1004 1576 1028 ‚

123 1032 289 1073 prorsus
316 1034 398 1059 non
426 1028 585 1075 exputo.

231 1074 279 1115 C.
303 1074 346 1115 6.
400 1090 490 1132 129,
511 1075 574 1131 7.]
607 1075 667 1125 εἰς
693 1074 757 1117 τό.
811 1079 871 1118 Μ.
903 1078 964 1126 εἰς
991 1075 1077 1120 τὸν.

233 1130 283 1170 C.
299 1075 493 1225 παίξας),
518 1130 605 1186 ιο.]
633 1131 869 1184 ἐνέγκαντος
898 1130 1134 1187 ἀπόκρισιν.
1187 1137 1309 1178 Recte
1336 1152 1495 1180 versum
1514 1143 1572 1181 ἰη-

119 1182 253 1238 ἆίωις
298 1185 355 1224 αἰι
383 1200 518 1238 κρισις
558 1188 666 1226 enim
703 1201 787 1227 non
824 1195 982 1228 tantum
1014 1205 1236 1247 responswn
1274 1194 1333 1233 ad
1356 1198 1570 1250 quaesitum

118 1247 236 1280 notat
262 1241 377 1281 novis
405 1242 566 1281 Graecis
583 1271 596 1293 ‚
636 1242 707 1282 sed
732 1245 852 1283 etiam
879 1245 1224 1301 signficatzbnem,
1268 1250 1571 1307 notificationem

118 1309 432 1350 quamcunque,
472 1298 626 1336 etiamsi
660 1312 752 1337 cum
782 1299 949 1352 imperio
977 1301 1059 1340 fiat.
1121 1302 1229 1342 Hinc
1264 1305 1367 1345 infra
1398 1320 1442 1359 p.
1474 1306 1568 1347 118.

122 1349 173 1389 C.
200 1365 295 1404 pen.
331 1359 391 1391 est
428 1348 651 1402 ἀπόκρισιν
693 1352 915 1405 δέχεσθαι,
965 1357 1195 1397 mandatum
1238 1370 1492 1415 exspectas-e,
1528 1369 1570 1401 et

120 1417 166 1456 p.
205 1419 298 1444 122.
326 1406 380 1445 A.
399 1420 442 1460 9.
500 1405 666 1445 δίδοται
693 1404 916 1461 α’πόκρισις
958 1408 1222 1462 ἄλλαξίμων,
1251 1414 1373 1454 datur
1396 1417 1568 1455 manda-

118 1467 203 1498 tum
233 1460 284 1499 de
315 1462 547 1500 minatoriis.
605 1461 722 1500 conf.
763 1463 910 1516 Script.
949 1472 1040 1517 post
1073 1466 1312 1520 Theophan.
1348 1484 1441 1524 pag.
1475 1472 1565 1510 123.

120 1513 175 1552 D.
212 1514 252 1553 5.
270 1544 283 1564 ‚
325 1515 399 1554 ubi
441 1515 654 1554 combefis.
695 1530 778 1555 non
817 1525 924 1557 recte
960 1533 1183 1573 responsum
1221 1524 1357 1563 vertit.
1416 1526 1483 1565 Gl.
1515 1526 1567 1565 L.

119 1568 231 1622 apud
257 1569 346 1609 DC.
375 1585 418 1610 v.
448 1570 496 1610 V
489 1571 664 1609 eredat-ii
674 1585 686 1610 :
745 1571 795 1610 V
787 1573 963 1611 emdarii
987 1574 1170 1614 dicuntur
1195 1590 1223 1614 a
1243 1579 1433 1629 vehendo,
1470 1581 1568 1637 quia

101 1625 350 1675 fiscinanter
374 1626 416 1666 ἰη
438 1627 546 1681 equis
574 1634 758 1678 currunt,
799 1642 878 1667 non
903 1629 1137 1668 descendunt
1161 1630 1211 1669 de
1230 1647 1328 1687 equo
1355 1645 1567 1692 antequam

117 1693 303 1734 oesponsa
339 1694 409 1719 sua
453 1681 644 1730 liberant,
688 1680 732 1719 id
772 1689 831 1721 est
869 1683 1117 1723 reddiderint
1154 1689 1450 1731 commissiones
1487 1690 1565 1731 sibi

119 1733 358 1788 imperatas,
387 1735 599 1789 delegatas.

136 1786 140 1789 ’
229 1803 295 1843 77.
311 1790 358 1828 C.
378 1804 416 1829 2.
433 1790 551 1845 [130,
566 1789 656 1844 23.]
669 1792 959 1846 προβληθῆναι
989 1795 1060 1837 M.
1082 1809 1164 1835 non
1182 1803 1272 1851 post
1294 1798 1372 1839 hoc
1391 1801 1564 1843 verbum

118 1841 397 1896 distinguunt,
428 1846 497 1885 sed
525 1853 616 1900 post
641 1845 785 1901 ταύτῃ.
1300 1879 1308 1883 -

229 1898 276 1936 C.
303 1899 489 1954 6.[151‚
512 1901 576 1956 2.]
606 1898 651 1942 τὸ
692 1902 871 1954 βέργιον.
927 1903 1030 1944 Erat
1071 1919 1166 1958 ergo
1205 1907 1320 1960 virga
1357 1909 1563 1952 Sci-ibonis

120 1952 276 2005 insigne
291 1984 303 2004 ‚
331 1969 413 2008 quo
440 1965 600 2011 accepto
628 1957 861 2010 dignitatem
891 1959 1044 1998 obibat.
1093 1957 1150 2000 Τὸ
1179 1958 1430 2017 στρογγύλον
1455 1967 1564 2006 vide-

117 2013 189 2045 tm·
215 2009 437 2049 aedificium
463 2011 627 2066 aliquod
653 2013 873 2052 rotundum
903 2022 1058 2054 notare.
1123 2011 1175 2055 Οἱ
1200 2017 1279 2054 τοῦ
1314 2018 1560 2070 λογοθεσίου

117 2069 213 2101 sunt
226 2090 239 2111 ‚
268 2065 338 2116 qui
366 2065 417 2104 ad
447 2070 645 2106 aerarium
674 2075 714 2107 et
741 2069 1039 2122 dispositionem
1066 2070 1311 2124 Logothetae
1341 2075 1558 2126 pertinent.

228 2117 284 2156 D.
304 2117 347 2170 4.
373 2119 488 2174 [151‚
515 2121 601 2176 12.]
633 2119 866 2176 ὦρατίωνα.
903 2125 1012 2175 Quid
1029 2125 1106 2164 hoc
1126 2127 1200 2175 sit,
1232 2126 1358 2167 fateor
1370 2143 1436 2168 me
1450 2132 1559 2183 igno-

117 2184 233 2219 rare,
278 2181 319 2212 et
343 2189 395 2214 ne
432 2178 659 2216 coniectura
696 2180 858 2232 quidem
889 2180 1058 2234 assequi.
1116 2181 1192 2220 Est
1226 2183 1390 2234 quidem
1429 2187 1558 2226 oracio

116 2226 319 2267 interdum
351 2229 459 2268 idem
492 2239 613 2285 atque
650 2233 753 2272 liber
793 2249 982 2287 precum,
1029 2235 1285 2275 breviarium.
1345 2238 1442 2280 Vid.
1487 2241 1557 2281 Du

116 2280 252 2335 Gange
286 2283 418 2323 Gloss.
444 2286 577 2326 Latin.
633 2288 711 2327 Sed
736 2290 834 2343 quid
864 2289 941 2329 hoc
972 2290 1023 2330 ad
1049 2291 1282 2331 Comitem?

232 2337 372 2391 78.A.
394 2339 561 2394 ¹.[151,
587 2341 672 2397 ¹7.]
700 2345 871 2396 χαρτία.
924 2346 984 2384 Μ.
1016 2341 1069 2385 τοὶ
1094 2346 1266 2400 χαρτία.
1324 2352 1326 2355 ’

225 2391 283 2431 A.
307 2393 350 2433 3.
374 2394 489 2448 [ιδῃ
517 2395 602 2451 19.]
633 2394 808 2438 ἑαυτῶν.
862 2401 922 2440 Μ.
949 2398 1100 2440 αὐτῶν.

226 2446 280 2486 A.
312 2463 353 2502 7.
377 2450 496 2504 [ιδ’.
515 2451 605 2506 22.]
634 2453 810 2505 σχολῶν.
839 2456 1103 2494 Consentiunt
1124 2456 1286 2509 quidem
1304 2457 1411 2499 edito
1430 2475 1551 2502 mem·

114 2499 265 2540 branae
281 2531 292 2549 ‚
331 2510 373 2542 at
398 2505 527 2545 nihilo
555 2509 686 2547 minus
706 2516 858 2548 certum
886 2517 960 2560 est,
990 2510 1203 2564 legendum
1239 2526 1323 2552 esse
1349 2514 1550 2568 βενέτων,

115 2562 188 2593 aut
221 2557 407 2598 excidisse
439 2562 659 2614 quaedam,
707 2570 753 2601 ut
780 2578 816 2602 e.
850 2579 888 2618 g.
925 2562 948 2603 ὃ
975 2561 1196 2617 nepai-1263
1223 2564 1355 2620 δῆμος
1373 2569 1456 2610 τῶν
1477 2571 1549 2623 βε-

115 2606 242 2648 νέτων
268 2609 376 2660 μετὰ
403 2615 477 2655 καί
499 2616 578 2655 τοῦ
602 2616 847 2668 δομεστίκου
875 2619 960 2660 τῶν
996 2619 1177 2671 σχολῶν.

118 2714 197 2768 364
225 2663 278 2758 Λή
303 2665 378 2762 ug)
404 2669 606 2727 [132,4.]
642 2673 840 2727 χροακῆς.
894 2670 958 2715 De
990 2674 1067 2715 hac
1104 2689 1203 2717 voce
1239 2677 1329 2718 dico
1362 2678 1414 2719 ad
1452 2693 1545 2735 pag.
