1884 3132
261 134 369 190 302
547 151 620 194 10.
659 150 766 195 iAc.
805 153 1000 195 1111151111
1042 151 1420 198 communen

266 259 338 299 bat
364 265 438 312 pro
470 248 742 310 εὖτυχειόις,)
772 258 958 299 habuisse
985 267 1160 310 stantes,
1191 260 1373 313 quamvis
1399 261 1442 299 in
1470 269 1606 302 nostro
1633 278 1702 304 00-

264 315 352 353 dice
378 312 534 351 nullum
563 314 646 352 eins
675 315 732 353 rei
762 316 973 368 vestigium
1001 315 1312 368 deprehendam.

354 369 442 422 167.
468 369 514 406 B.
542 381 602 408 πο.
625 368 741 424 [287.
764 370 828 424 5.]
857 369 903 408 τὸ
934 366 1177 423 ῥωσθέλιον.
1206 370 1400 423 Nuspiam
1423 370 1584 412 invenio
1597 372 1702 414 hanc

259 439 402 464 vocem
452 424 586 463 eiusve
648 426 991 478 significationem.
1059 427 1182 466 Forte
1230 425 1486 466 sclavonicae
1536 429 1702 482 originis

263 487 334 518 aut
372 479 509 519 similis
543 487 629 529 est,
662 493 743 519 non
774 489 880 520 certe
918 482 1132 520 Arabicae.
1189 481 1362 520 Videtur
1390 489 1524 521 autem
1552 484 1704 536 signifi-

263 550 355 574 care
386 534 570 574 laciniam
609 538 729 575 vestis
766 536 817 575 ad
847 536 1012 575 modum
1046 536 1158 576 illum
1188 535 1404 590 digitorum
1442 539 1702 591 compositam

262 598 303 630 et
331 590 544 644 plicatam,
586 605 666 644 quo
696 591 930 630 benedicere
958 591 1107 646 populo
1137 592 1279 631 Graeci
1306 592 1528 632 sacerdotes
1556 593 1700 633 solent.

366 646 411 684 B.
438 660 502 685 11.
526 645 641 700 [287‚
662 645 726 702 4.]
750 643 954 687 ἀνελθών.
1012 648 1118 698 Quia
1153 662 1296 700 nempe
1331 647 1381 686 ad
1423 649 1615 688 cathisma
1655 650 1700 688 in

261 702 428 741 editiore
458 704 754 755 contignatione
769 732 778 750 ‚
822 703 897 741 sub
929 717 1007 756 qua
1032 704 1209 756 porticus
1234 710 1319 742 erat
1335 732 1346 753 ‚
1369 703 1557 756 gradibus
1578 703 1700 744 debe-

260 758 331 796 bat
356 757 528 796 ascendi.
592 757 696 796 Hinc
711 789 722 810 ,
751 759 984 811 ubicunque
1008 759 1171 797 tandem
1196 758 1247 796 de
1268 759 1511 811 Imperatore
1537 759 1697 808 dicitur,

260 827 354 851 eum
384 815 423 859 in
453 813 604 851 circum
633 813 748 852 ivisse
785 813 898 852 ludos
919 821 1136 867 spectatum
1154 843 1165 863 ‚
1188 813 1337 852 dicitur
1369 807 1585 865 oivswec‘m
1613 815 1700 854 vid.

259 868 529 921 Theophanes
557 883 599 921 p.
631 868 700 907 63.
722 869 768 907 C.
787 867 827 907 8.
864 868 975 907 Alias
1002 877 1133 922 posset
1156 883 1315 923 quoque
1337 868 1434 908 haec
1461 871 1564 908 ratio
1587 870 1699 909 verbi
1718 864 1720 867 ἵ

261 923 376 973 dari,
408 924 515 976 quod
550 925 730 977 Byzantii
758 925 986 978 quicunque
1014 939 1035 963 e
1061 924 1176 978 plaga
1213 923 1512 976 septentrionali
1545 923 1596 963 ad
1626 938 1699 963 au-

258 979 420 1018 stralem
450 980 549 1028 iret,
582 979 782 1018 diceretur
821 977 1100 1031 ἀνέρχεσθαι,
1130 987 1169 1018 et
1200 980 1268 1032 qui
1313 985 1468 1030 contra,
1503 979 1701 1031 κατέρχε-

260 1035 380 1073 σθαι.
438 1034 535 1073 Vid.
569 1035 703 1073 Nostri
728 1050 768 1088 p.
794 1050 863 1088 97.
885 1035 939 1073 A.
971 1037 1007 1076 5.
1027 1064 1038 1084 ‚
1068 1035 1138 1073 ubi
1168 1035 1387 1088 Imperator
1425 1049 1448 1073 e
1474 1034 1516 1073 S.
1550 1034 1702 1087 Sophia
1767 1086 1771 1091 .

262 1089 303 1128 in
334 1090 466 1128 forum
492 1097 532 1128 et
557 1090 608 1128 ad
635 1097 807 1129 statuam
830 1091 1085 1129 Constantini
1116 1091 1175 1129 M.
1213 1089 1432 1142 procedens
1460 1087 1701 1140 ἀνέρχεται.

262 1145 402 1184 Circus
423 1153 557 1184 autem
578 1145 726 1198 palatio
757 1146 806 1184 ad
827 1153 1007 1184 austrum
1029 1147 1125 1184 situs
1155 1152 1252 1184 erat.
1309 1145 1427 1183 Patet
1453 1158 1475 1183 e
1505 1143 1593 1182 loco
1614 1145 1699 1183 Lu-

259 1201 435 1253 itprandi
460 1201 611 1239 Histor.
648 1202 722 1240 Vl.
744 1202 782 1240 5.
802 1231 813 1252 ,
833 1202 932 1254 qui,
963 1210 1018 1239 est
1041 1201 1189 1248 domm,
1227 1201 1305 1249 ait,
1335 1201 1450 1238 iuxta
1485 1199 1702 1254 hippodro-

258 1270 362 1295 mum
404 1257 626 1311 aquilonem
660 1271 792 1295 versus
820 1259 945 1295 mirae
979 1266 1017 1295 et
1050 1256 1268 1295 altitudinis
1300 1262 1338 1292 et
1366 1254 1670 1309 pulchrituslinis
1685 1283 1698 1304 ‚

257 1326 358 1365 quae
384 1312 606 1350 decae'nnea
649 1312 823 1351 accubita
856 1317 1058 1350 vocantur.
1116 1311 1242 1363 Atqui
1286 1323 1476 1362 magnum
1506 1308 1702 1361 palatium

260 1374 299 1405 et
321 1366 539 1405 triclinium
567 1367 680 1406 XIX.
708 1367 983 1406 accubitorum
1009 1373 1121 1405 erant
1143 1367 1345 1417 contigua.
1401 1364 1517 1403 Patet
1539 1377 1701 1417 quoque

262 1435 284 1460 e
315 1422 455 1461 Niceta
475 1452 486 1472 ‚
512 1423 581 1475 qui
601 1437 831 1475 processum
854 1421 1052 1472 incendii,
1082 1421 1188 1475 quod
1218 1418 1317 1459 CPli
1350 1419 1540 1473 contigit,
1573 1433 1700 1472 quum

258 1491 306 1515 ea
346 1477 443 1516 urbs
472 1492 495 1515 a
524 1479 676 1517 Latinis
719 1485 928 1531 caperetur
950 1508 961 1530 ‚
1008 1477 1233 1516 describens
1257 1489 1295 1528 p.
1335 1477 1429 1527 294.
1464 1476 1615 1513 circum
1659 1475 1701 1514 in

258 1535 420 1586 reglone
440 1533 552 1572 urbis
592 1533 756 1572 australi
782 1535 895 1586 ponit
912 1564 923 1584 ‚
955 1540 994 1572 et
1021 1533 1063 1571 S.
1089 1532 1278 1586 Sophiam
1302 1529 1342 1568 in
1366 1529 1532 1569 boreali.

369 1589 415 1626 C.
439 1588 479 1627 6.
500 1587 615 1643 [287‚
645 1588 728 1642 12.]
761 1587 988 1635 αὐλοῦντος
1030 1587 1102 1626 καί
1133 1586 1207 1626 τοῦ
1238 1580 1432 1636 ὀργάνου.
1489 1583 1610 1634 Quod
1633 1598 1700 1623 or-

262 1658 364 1697 gana
384 1646 425 1682 in
447 1645 553 1683 circo
584 1645 748 1683 CPtano
769 1674 780 1695 ‚
826 1644 867 1682 id
902 1643 1155 1697 praestabant
1184 1643 1225 1679 in
1261 1641 1444 1679 Romano
1468 1640 1643 1678 citharae
1662 1647 1703 1679 et

263 1699 447 1753 cymbala
479 1707 598 1752 atquc
619 1707 825 1753 tympana.
886 1701 1080 1739 V.Reim.
1104 1695 1319 1750 adXiphil.
1345 1708 1385 1747 p.
1413 1708 1523 1733 1000.
1550 1697 1591 1737 n.
1609 1694 1700 1734 138.

349 1754 506 1795 168.A.
530 1755 568 1794 5.
595 1754 712 1809 [288‚
735 1754 795 1808 8.]
840 1755 911 1794 καί
946 1752 1210 1806 ἧλλαγμέιόι.
1280 1750 1537 1788 Mcmbranae
1573 1749 1701 1788 nihilo

261 1809 376 1849 editis
403 1810 694 1863 locupletiores.
751 1810 1022 1850 Nihilominus
1053 1816 1186 1847 tamen
1210 1813 1362 1845 certum
1394 1812 1476 1855 est,
1503 1811 1542 1842 et
1573 1803 1702 1857 liquet

260 1879 282 1903 e
316 1881 357 1918 p.
386 1880 471 1918 170.
491 1867 536 1904 B.
557 1882 615 1920 7.,
643 1869 697 1905 ita
714 1866 991 1920 integrandum
1018 1878 1101 1903 esse
1130 1863 1238 1900 hunc
1271 1861 1431 1899 locum:
1467 1855 1539 1897 καί
1566 1857 1700 1899 ὀπίσω

258 1918 394 1959 αὕτοῦ
421 1920 610 1960 ἵστανται
641 1920 838 1972 εὐνοῦχοι
865 1913 1239 1973 πρωτοσπαθάριοι
1267 1913 1529 1967 ἦλλαγμένοι.

374 1978 419 2015 Β.
442 1977 493 2017 “6.
529 1975 653 2031 [288‚
698 1976 782 2030 18.]
809 1974 1066 2015 συντίθεται.
1127 1971 1345 2018 Consentis,
1398 1970 1539 2008 annuit
1571 1969 1666 2023 ipsis
1685 1998 1696 2015 ‚

256 2032 442 2085 spondet,
473 2039 518 2071 ut
550 2040 656 2071 recte
693 2034 812 2071 vertit
839 2032 1037 2083 Interpres
1067 2043 1106 2080 p.
1140 2040 1226 2081 ¹70·
1251 2026 1296 2064 C.
1320 2037 1390 2079 7.;
1424 2025 1587 2087 proprie
1615 2037 1705 2062 sese-

257 2090 372 2139 ponit
394 2090 435 2126 in
458 2087 596 2126 eodem
618 2102 710 2126 cum
733 2089 827 2140 ipsis
846 2086 934 2125 loco
946 2084 1184 2131 voluntatis-‚3
1214 2088 1426 2135 postquam
1441 2109 1451 2126 ‚
1485 2086 1540 2117 ait
1554 2109 1564 2126 ‚
1585 2085 1700 2116 terna

260 2142 311 2180 ad
335 2142 508 2197 singulas
537 2144 762 2196 rogationes
782 2156 921 2181 manus
942 2140 1007 2179 illa
1027 2170 1038 2190 ‚
1060 2152 1180 2191 quam
1207 2152 1249 2190 p.
1277 2135 1368 2174 165.
1385 2136 1432 2174 Β.
1449 2149 1488 2189 7.
1511 2134 1698 2183 diximus,

259 2199 547 2251 compositione
576 2199 831 2251 Imperatoris
865 2209 1067 2235 assensum
1084 2192 1379 2246 significaverit.
1662 2242 1670 2250 .

366 2255 413 2292 Β.
441 2268 506 2292 12.
528 2253 640 2307 [288,
665 2252 754 2307 24]
785 2248 830 2292 τὸ
863 2245 993 2304 ἅρμα.
1048 2250 1111 2288 La
1125 2247 1282 2303 parade
1297 2261 1312 2296 ,·
1334 2244 1479 2284 milites
1507 2245 1551 2282 in
1573 2255 1693 2281 armis

255 2311 383 2359 parati
417 2309 591 2348 adstant.
936 2335 937 2339 =

370 2365 419 2402 C.
447 2379 481 2402 1.
512 2363 629 2418 [288‚
660 2361 750 2416 25.]
790 2358 833 2401 τὸ
860 2357 1040 2412 σκάμνον
1071 2358 1144 2399 τοῦ
1174 2351 1499 2410 κουροπαλάτσυ.
1575 2351 1692 2391 Conf.

258 2431 345 2469 pag.
377 2419 463 2472 ¹73·
490 2419 542 2458 A.
562 2418 627 2471 5.‚
657 2418 726 2457 ubi
759 2432 920 2457 scamna
952 2416 1162 2456 consulum
1204 2414 1246 2451 in
1287 2409 1495 2449 Iustiniani
1531 2407 1698 2446 triclino

259 2482 548 2513 memorantur.
1412 2479 1414 2482 ⁴

371 2528 418 2566 C.
445 2543 507 2566 11.
532 2528 642 2583 [289‚
660 2527 717 2582 9,]
739 2524 826 2567 διὰ.
884 2527 1009 2566 Abest
1036 2541 1059 2565 a
1083 2525 1256 2564 Membr-

368 2582 422 2620 D.
444 2597 481 2620 2.
504 2583 617 2635 [289‚
644 2583 724 2636 13.]
757 2581 813 2629 ὠς
841 2583 1096 2635 προείρηται.
1125 2582 1178 2619 V.
1204 2579 1310 2618 dicta
1336 2575 1386 2613 ad
1408 2588 1450 2626 p.
1474 2571 1566 2635 16¹·
1583 2571 1630 2610 C.
1650 2571 1702 2612 8.

294 2635 382 2688 169.
407 2639 458 2675 A.
481 2638 518 2675 5.
545 2638 660 2691 [289‚
679 2638 764 2691 23.]
799 2638 871 2690 τῆς
900 2633 1183 2690 θερμάστρας.
1241 2633 1300 2670 Μ.
1330 2628 1403 2668 καί
1441 2641 1514 2679 της
1542 2627 1692 2681 θερμὴ,

263 2691 371 2744 quod
399 2691 582 2730 lacunam
610 2694 757 2745 prodit.

368 2746 419 2784 D.
445 2746 483 2786 6.
507 2746 703 2802 [291‚6.]
732 2747 808 2788 τοῦ
835 2743 1131 2798 καμελαυκιόυ.
1190 2742 1300 2780 Dicit
1326 2739 1391 2778 hic
1420 2743 1586 2788 auctor,
1623 2749 1694 2790 pe-
