1884 3132
0 2783 9 2793 ,
6 2761 11 2777 ...
0 2706 12 2748 ,-,..,
0 2660 11 2700 ..-
0 2634 7 2653 -.,

0 3033 21 3132 mm
0 2989 16 3029 ’,ὅ
0 2918 11 2964 .-=7·

266 170 341 213 An
378 167 670 212 consum.
708 166 903 208 roam.
946 167 1018 207 DE
1070 165 1249 208 cEmM.
1290 130 1385 206 ἐξίῃ.
1427 167 1459 205 1.
1499 144 1610 219 367

193 273 502 326 ano'Epicteteo
530 279 570 311 et
598 269 703 321 aliis,
733 277 779 308 ut
808 269 985 318 credam,
1015 264 1072 315 ὥς
1104 269 1218 308 novis
1230 269 1391 308 Graecis
1419 267 1523 307 idem
1551 274 1614 306 at·

186 343 267 382 que
293 323 328 368 οὗ
355 327 488 367 valere
513 334 570 377 et,
595 332 643 365 ut
670 324 796 364 multa
825 324 900 362 alia
929 326 1012 363 eius
1041 325 1263 374 commatis,
1291 338 1316 363 a
1342 323 1514 362 librariis
1540 337 1610 362 ve-

185 385 324 424 tustati
352 383 516 422 obtrusa
541 395 650 431 esse,
690 379 1026 433 quemadmodum
1054 372 1167 432 saepe
1194 373 1301 418 εἶναι
1321 408 1333 428 ,
1361 379 1468 431 quod
1495 379 1611 416 novis

115 438 119 439 ⁷
185 439 349 489 Graecis
386 447 443 476 est
466 436 681 491 significat,
727 448 801 488 pro
842 442 965 473 veteri
997 433 1088 476 ἐστι’
1123 433 1427 473 substituerunt.
1501 433 1612 471 Talis

183 490 409 545 καπηλείοις
432 493 506 531 καί
529 490 780 542 μαγγανείας
815 489 970 528 infinita
997 495 1214 529 occurrunt
1243 488 1416 540 exempla
1433 518 1445 538 ,
1472 496 1518 527 ut
1546 502 1610 526 sa-

181 550 236 588 tis
261 554 400 587 cautus
438 554 478 586 et
504 559 620 598 sagax
664 545 825 584 criticus
861 558 946 583 esse
986 558 1066 583 non
1106 544 1228 597 possit
1255 543 1474 582 furfuribus
1526 545 1611 581 istis

181 601 445 642 secernendis.
531 600 740 648 Ceterum,
798 599 907 654 quod
959 599 1010 638 ad
1051 602 1273 639 versionem
1310 598 1428 637 huius
1472 611 1611 636 versus

182 671 313 699 meam
339 658 481 696 attinet
498 684 511 706 ,
550 668 631 708 quo
674 654 918 709 intelligatur
945 661 984 693 et
1010 657 1112 694 tueri
1134 668 1177 693 se
1204 660 1348 706 queat,
1379 652 1613 702 tenendum,

182 727 249 752 me
266 741 280 762 ‚
307 725 432 765 quum
459 716 679 758 verterem,
710 711 766 749 sic
805 711 1065 749 construxisse
1093 708 1243 749 verba:
1274 706 1408 758 κύριοι
1442 708 1515 759 τῆς
1543 707 1609 754 ἐξ·

184 764 331 814 θυσίας
347 766 432 805 τῶν
467 763 668 817 περάτων.
736 764 898 804 Mallem
924 772 1058 804 tamen
1095 777 1204 804 nunc
1240 765 1343 802 verti
1381 763 1608 818 dor-ninist-

179 823 289 861 nium
310 822 480 876 imperii.
534 819 633 858 Nam
663 816 691 872 ἧ
729 819 896 867 ἐξουσία
922 820 1028 859 idem
1069 828 1129 860 est
1158 826 1277 872 atque
1304 819 1523 872 imperiumr,
1553 813 1605 856 τὰ

180 874 342 928 πέρατα
370 875 444 927 τῆς
469 873 662 923 ἔξουσίας
684 889 777 930 ergo
805 874 910 914 idem
935 882 1028 914 sunt
1045 883 1164 929 atque
1172 876 1284 931 fines
1302 874 1405 912 orbis
1419 874 1604 912 Romani.

179 931 298 971 Patet
323 945 370 970 ex
397 944 438 983 p.
475 928 562 981 164.
593 929 637 968 Β.
675 945 737 970 ιο.

265 985 359 1024 225.
381 986 437 1024 A.
460 986 499 1024 3.
531 984 648 1039 [586‚
670 983 756 1038 α4.]
784 985 1013 1037 μαγίοτρου
1050 982 1239 1034 Πέτρου.
1296 983 1392 1022 vid.
1434 982 1484 1022 de
1527 981 1607 1022 hoc

177 1039 302 1080 Petro
331 1041 522 1093 Magistro
549 1054 652 1093 quae
678 1041 758 1079 dixi
786 1040 951 1093 praefat.
992 1039 1042 1077 ad
1070 1046 1224 1077 tomum
1252 1041 1426 1092 primum
1453 1053 1494 1092 p.
1514 1039 1592 1078 1V.

286 1096 335 1134 B.
365 1095 437 1134 ult.
467 1095 582 1150 [587‚
604 1094 663 1149 7.]
693 1094 902 1147 ἐπιτρέπει
944 1093 1132 1144 ἐνεγκεῖν.
1187 1093 1332 1134 Inclusi
1359 1093 1482 1133 verba
1508 1094 1607 1132 haec

175 1150 290 1190 uncis
309 1180 320 1198 ‚
363 1151 457 1203 quia
498 1163 791 1203 supervacanea
819 1149 1058 1189 videbantur
1087 1163 1169 1188 esse
1216 1156 1255 1188 et
1301 1156 1371 1188 aut
1397 1163 1605 1202 perperam

175 1204 257 1244 huc
284 1218 307 1244 e
333 1204 587 1258 sequentibus
613 1205 829 1256 translata,
860 1211 930 1243 aut
957 1204 1062 1242 idem
1090 1205 1349 1257 significantia
1375 1211 1496 1257 atque
1515 1204 1607 1244 ἐπι-

174 1257 325 1299 δίδωσι
365 1260 617 1313 praecedens.
690 1259 899 1299 Notandus
926 1259 993 1298 hic
1019 1273 1224 1312 processus
1263 1259 1515 1312 dignitatum.
1568 1258 1606 1297 E

174 1313 387 1353 decurione
408 1315 452 1354 fit
490 1329 620 1354 comes
654 1315 962 1364 admissionum,
1000 1328 1046 1352 ex
1084 1314 1160 1353 hoc
1188 1314 1399 1354 Illustrius.
1453 1315 1516 1353 De
1542 1312 1606 1352 his

174 1375 218 1407 et
243 1369 497 1422 sequentibus
524 1369 806 1423 dignitatibus,
835 1377 881 1408 ut
908 1370 1108 1422 agentium
1149 1370 1189 1407 in
1233 1369 1378 1418 rebus,
1417 1375 1604 1422 augusta-

177 1421 227 1462 lis
256 1431 297 1462 et
322 1423 433 1474 aliis,
473 1421 651 1476 repetere
677 1425 795 1474 nolo,
829 1438 932 1477 quae
960 1424 1184 1473 Gutherus,
1212 1424 1279 1462 Du
1309 1424 1442 1477 Cange
1469 1432 1509 1462 et
1535 1424 1604 1463 alii

174 1476 324 1516 habent
339 1508 351 1526 ‚
384 1479 453 1531 qui
481 1478 557 1517 hoc
583 1486 858 1531 argumentum
879 1485 1189 1531 pertractarunt,
1218 1481 1447 1530 praesertim
1476 1493 1603 1531 quum

173 1545 313 1571 eorum
340 1532 528 1586 pleraque
554 1541 643 1586 post
672 1534 845 1572 Heraclii
872 1541 1052 1586 tempora
1099 1540 1139 1572 et
1166 1533 1269 1572 sorte
1297 1547 1457 1587 quoque
1486 1535 1604 1573 citius

170 1585 358 1626 desierint
373 1618 385 1638 ,
415 1594 567 1626 mutata
594 1589 727 1626 curiae
756 1595 946 1641 augustae
972 1588 1116 1626 forma.

257 1642 350 1681 226.
373 1643 420 1681 B.
438 1643 477 1683 5.
506 1641 622 1696 [388,
645 1641 704 1696 4.]
736 1642 908 1681 differat.
963 1642 1010 1681 Id
1036 1657 1082 1681 ex
1108 1657 1219 1682 more
1245 1657 1372 1682 novae
1399 1644 1602 1693 Graeciae,

173 1709 277 1749 quae
303 1695 432 1746 δι’δω,
463 1696 592 1743 δι’ὸῖις
606 1727 619 1747 ,
656 1697 763 1736 droa
789 1705 829 1736 et
856 1697 1049 1747 δίδυμαι,
1091 1696 1211 1751 δι’δῗῃ,
1242 1697 1399 1737 δι’δεται
1427 1698 1600 1749 format,

167 1751 444 1804 frequentibus
480 1753 521 1790 in
555 1759 690 1790 nostro
739 1752 874 1790 codice
918 1751 1117 1805 exemplis.
1174 1753 1222 1791 In
1250 1748 1431 1791 ἔπαυσεν
1459 1754 1600 1792 subin-

167 1805 360 1859 telligitur
401 1802 424 1845 ὃ
466 1803 738 1858 αὐτοκράτωρ
755 1837 767 1856 ,
803 1807 853 1846 de
890 1821 971 1860 quo
997 1821 1126 1846 sermo
1164 1814 1250 1846 erat
1276 1809 1317 1845 in
1357 1821 1478 1860 opere
1503 1808 1600 1847 olim

169 1861 324 1914 intfflro
341 1891 352 1903 ,
383 1861 425 1899 in
452 1860 553 1908 illis,
603 1875 706 1914 quae
736 1861 961 1915 decerptam
992 1861 1096 1900 hanc
1125 1862 1372 1915 particulam
1391 1863 1600 1902 antecede-

168 1913 280 1952 bant.
310 1914 572 1968 Augustales,
602 1916 772 1969 Aegypti
796 1917 1014 1969 praefectos
1029 1946 1040 1967 ,
1070 1916 1338 1956 Alexandriae
1366 1917 1598 1970 residentes,

168 1967 327 2009 saeculo
353 1970 451 2008 Vll.
470 1969 655 2019 desiisse,
685 1971 1082 2024 SaracenisAegypto
1109 1974 1245 2024 potitis
1261 2001 1273 2021 ,
1313 1985 1375 2010 res
1399 1979 1493 2010 nota
1520 1981 1595 2012 est.

279 2023 327 2062 C.
347 2023 387 2062 5.
417 2023 529 2078 [388‚
554 2024 631 2078 11.]
660 2021 812 2076 ῥιγίας.
839 2027 961 2079 Regia
988 2025 1084 2064 olim
1110 2026 1295 2065 audiebat
1320 2034 1451 2078 porta,
1476 2041 1594 2079 quae,

166 2079 244 2118 isto
260 2078 421 2116 nomine
440 2078 606 2131 abolito,
634 2079 820 2134 deinceps
834 2079 981 2120 Chalce
1002 2081 1225 2132 dicebatur,
1247 2088 1421 2120 extrema
1441 2081 1596 2134 palatii,

167 2134 211 2172 in
236 2132 379 2171 urbem
402 2133 584 2172 educens.

275 2187 325 2226 C.
346 2186 384 2229 5.
414 2186 526 2240 [388‚
554 2186 636 2240 12.]
666 2187 725 2234 εἷς
752 2185 799 2226 τὸ
842 2180 986 2240 ὄχημα
1016 2187 1167 2228 αὕτοῦ.
1225 2189 1471 2229 Invidiosum
1497 2189 1594 2229 olim

167 2249 254 2280 erat
283 2241 474 2281 vehiculis
517 2242 558 2280 in
587 2242 688 2280 urbe
714 2244 806 2291 uti3
849 2243 934 2282 vid.
965 2244 1129 2296 Vopisc.
1172 2246 1214 2282 in
1246 2244 1465 2282 Aureliano
1502 2259 1596 2298 pag.

167 2295 265 2347 ⁴25.
290 2296 343 2335 T.
374 2296 426 2334 11.
454 2296 509 2334 H.
539 2295 594 2334 A.
649 2296 802 2334 Verum
839 2312 969 2336 omnes
1000 2299 1204 2347 honorati,
1242 2313 1307 2336 seu
1335 2299 1563 2337 militarium
1580 2329 1593 2348 ,

164 2365 231 2390 seu
250 2352 426 2389 civilium
452 2348 636 2389 ordinum
673 2352 777 2389 intra
804 2353 934 2390 urbem
960 2354 1145 2391 velzimlis
1165 2353 1365 2404 dignitatis
1398 2368 1490 2391 suae
1506 2383 1516 2398 ,
1549 2355 1598 2393 id

167 2414 224 2444 est
246 2407 441 2452 car-meis,
476 2414 640 2444 utantor.
697 2404 833 2444 Verba
860 2414 953 2444 sunt
980 2407 1076 2459 legis
1104 2407 1251 2445 ibidem
1279 2422 1320 2459 p.
1336 2405 1431 2457 416.
1460 2422 1484 2446 a
1503 2409 1592 2447 Sal-

165 2459 291 2498 masio
318 2461 489 2506 citatae,
519 2473 639 2512 quem
667 2461 784 2497 etiam
824 2474 866 2511 p.
898 2461 990 2500 552.
1033 2462 1174 2513 inspici
1221 2461 1367 2508 velim,
1399 2469 1444 2500 ut
1471 2464 1592 2502 etiam

166 2513 302 2553 Vales.
333 2514 384 2553 ad
415 2515 550 2552 Amm.
590 2513 769 2552 Marcell.
808 2513 904 2552 illud
944 2515 1125 2553 iudiciale
1158 2525 1381 2570 carpentum
1423 2531 1463 2569 p.
1491 2517 1587 2557 630.

169 2566 275 2606 Hine
305 2570 347 2606 in
374 2583 515 2621 pompa
555 2575 594 2607 et
631 2574 822 2620 apparatu
860 2569 1046 2620 praefecti
1087 2577 1263 2608 recenset
1288 2570 1470 2610 Asterius
1498 2586 1590 2611 cur-

165 2634 257 2659 rum
295 2630 335 2660 et
376 2624 528 2676 virgam
563 2622 765 2661 silentiarii
816 2623 881 2661 vel
922 2625 1071 2661 ostiarii
1112 2638 1296 2671 auream,
1321 2632 1423 2664 orat.
1455 2627 1495 2664 in
1520 2641 1589 2665 oe-

163 2688 374 2715 conomum
410 2679 657 2730 iniquitatis:
712 2674 774 2722 τι’ς
823 2676 871 2715 δὲ
917 2676 998 2716 τῶν
1037 2674 1237 2728 ὑπάρχων
1279 2680 1352 2731 τῆς
1397 2673 1516 2728 sigla,-
1558 2679 1588 2733 ἧ

168 2726 294 2782 σκευή
313 2728 390 2781 316
420 2729 630 2786 ἀργυροῦν
656 2724 819 2784 ὄχημα,
858 2728 885 2784 ἧ
913 2728 1090 2782 καλαμίς
1114 2730 1142 2784 ἦ
1176 2734 1329 2787 χρυσῆ.
1390 2735 1587 2783 Notabile,
