1884 3132
465 227 538 268 AD
586 226 882 269 CONSTANT.
929 227 995 266 DE
1029 212 1217 268 'cunm

126 326 263 373 μετάξα
287 325 370 359 stri-1
406 328 483 364 791.
513 330 565 361 11.

127 372 332 420 paagium}
346 372 478 406 sericus
490 375 569 414 503,
583 378 640 410 21.
661 373 723 406 csr.
753 378 808 407 ta..

174 430 253 451 meu
275 420 357 459 791,
379 422 414 454 3.

127 465 408 512 μεῐιισιὰᾳιμον
444 475 601 497 secessus
638 467 724 503 192,
749 468 805 500 20.

178 512 322 546 δίδοται
335 522 487 558 pteram.
501 513 581 551 243,
592 512 648 547 44.
661 515 700 546 31
713 515 741 551 1,
754 515 807 546 12,

127 559 437 606 μεταστέλλεσθαι
461 559 626 590 arcessire
649 560 730 597 384,
750 561 807 594 29.

127 606 338 652 μετριάζειν
365 617 403 638 se
427 604 613 638 humiliare
641 607 723 642 355,
752 607 783 639 1.

127 653 226 700 μῆλα
250 653 311 695 τῆς
342 651 553 697 καρρούχας
575 650 673 695 globi
699 650 810 684 deau-

178 699 243 732 rati
266 699 304 732 in
327 700 503 743 carpentis
524 699 605 737 430,
622 697 680 732 41.

129 744 460 792 μηλινοκάθρυπιιι
486 747 563 783 128,
591 748 642 779 12-

128 791 363 838 μηῐαῐώρῑον
380 792 404 824 i.
420 803 455 836 q.
483 790 719 829 Διακονικόν,
747 799 810 821 cu-

177 838 334 871 biculum
358 837 536 883 quoddam
561 837 637 877 110,
665 839 718 872 15.

130 885 397 932 μηπροπολίιαι
432 895 504 917 non
538 884 641 916 liberi
668 887 768 916 erant
791 892 812 913 a

178 932 305 964 militia
319 934 400 972 500,
414 935 471 967 21.
519 930 705 964 certabant
732 939 812 960 eum

178 978 346 1020 syncellis
358 977 403 1010 de
414 977 653 1023 praesidentia
662 977 742 1028 613,
753 978 810 1010 29.

128 1027 399 1072 μικροπανίτης
421 1034 531 1070 penes
552 1035 658 1068 quem
687 1034 726 1056 ιο
746 1034 813 1067 μι-

176 1066 269 1118 κρὸν
289 1074 428 1106 πανίον
454 1075 531 1104 erat
554 1071 639 1110 317,
661 1072 717 1105 20.

131 1116 266 1164 μικρός
289 1129 353 1162 pro
377 1118 516 1151 iuniore
538 1118 614 1156 167,
641 1118 695 1151 14-

132 1168 269 1211 pluam
305 1165 432 1204 missae
458 1166 539 1203 600,
562 1165 618 1199 30.
678 1163 814 1209 μίνσαι

176 1215 348 1256 γίνονται
370 1211 394 1243 ἰ.
410 1223 446 1256 q.
474 1210 704 1243 dimittuntur
728 1221 811 1253 pro-

178 1268 275 1290 ceres
300 1259 381 1297 240,
405 1260 463 1293 36.
493 1256 556 1289 csr.
581 1258 660 1295 600,
685 1258 743 1291 30.

132 1306 266 1350 μίνσοι
290 1304 428 1343 missus,
456 1303 589 1335 fercula
613 1305 694 1341 865,
718 1301 752 1338 4.

133 1349 399 1397 μινσουράιωρ
424 1349 507 1390 482,
531 1348 588 1385 40·

131 1400 238 1443 μίιος
261 1401 360 1440 gutta
375 1421 385 1437 ,
409 1395 547 1428 macula
572 1396 611 1427 in
623 1399 720 1428 veste
734 1395 815 1434 539,

179 1447 236 1479 25.

134 1489 287 1523 Michael
313 1490 400 1532 Imp.
427 1488 465 1520 in
490 1486 578 1519 aede
589 1487 815 1530 SS.Aposto-

181 1537 294 1569 lorum
319 1535 482 1579 sepultus
507 1536 585 1572 700,
601 1535 636 1568 6.
654 1535 734 1572 761,
762 1534 815 1564 11.

133 1582 283 1629 μνῆμαι
313 1587 529 1614 mortuorum
566 1592 638 1612 non
678 1590 817 1623 sen-per

179 1631 335 1674 ipsorum
371 1627 429 1660 die
464 1627 630 1660 mortuali
664 1637 814 1658 renova-

179 1680 237 1708 tae
260 1675 342 1715 614,
364 1677 399 1711 8.

131 1722 319 1768 μνῆσιρογ
343 1720 571 1765 desponsatio
600 1721 668 1754 260
694 1719 758 1752 ult.

132 1770 308 1815 μοδίολος
330 1778 482 1800 coronae
513 1777 623 1810 genus
647 1765 728 1804 427,
754 1767 812 1800 30.

133 1821 252 1862 μοῖρα
279 1827 308 1850 s,
332 1813 436 1860 μόρα
462 1812 677 1856 manipulus,
706 1812 813 1844 etiarn

179 1862 290 1895 latine
315 1862 485 1904 838„32.
556 1859 659 1891 Corn.
694 1858 813 1902 Nepos

181 1909 220 1941 in
246 1908 438 1952 lphicrate:
462 1911 619 1946 “moram
633 1905 814 1938 Lacedae-

181 1953 379 1987 monlon-um
395 1952 616 1996 intercepit.”

132 2002 309 2046 processio
334 2000 380 2032 ad
401 2002 435 2032 S.
461 1999 612 2031 Mocinm
627 1999 707 2037 300,
731 1997 789 2033 44.

132 2047 344 2094 μολχάμιον
366 2046 438 2079 vid.
465 2058 491 2078 s.
516 2044 786 2090 Σιιρακηνικόν.

136 2095 176 2128 οἱ
195 2094 395 2141 portulam)
420 2088 495 2128 ἀπὸ
517 2094 737 2138 μαγίστρων
749 2102 812 2123 ve-

180 2145 273 2174 teres
300 2141 439 2185 patricii
475 2149 709 2185 proceresque
731 2139 812 2178 891,

133 2233 424 2266 monasteriorum
437 2233 520 2278 equi
530 2232 722 2265 bellatores
733 2233 813 2272 500,

132 2325 317 2357 monetarii
330 2325 366 2358 in
381 2325 563 2357 funeribus
572 2325 768 2370 Impp.438‚
777 2326 811 2361 6.

131 2371 349 2417 μονόθυρον
376 2373 452 2411 177,
480 2375 521 2407 10
539 2382 616 2415 sqq.

131 2420 366 2465 μονοπέλυκα
375 2429 513 2450 secures
523 2419 721 2462 unipennes
733 2420 814 2459 673,

130 2509 429 2557 μονοπρόσωποι
446 2510 506 2553 qui
523 2521 587 2554 pro
606 2522 643 2544 se
662 2512 812 2557 quisque

177 2559 332 2591 militant
356 2558 434 2597 779,
458 2558 515 2591 35.

135 2604 243 2637 Mosis
269 2603 414 2637 baculus
438 2601 526 2649 quid
553 2604 600 2636 sit
624 2603 681 2643 42,
706 2607 763 2640 21.

130 2650 321 2696 μοχθηρός
338 2649 472 2690 mulio,
494 2650 641 2683 camelio
665 2651 710 2682 ab
733 2661 811 2683 ara-

179 2696 259 2730 bico
284 2697 432 2730 Mucker
454 2698 534 2735 458,
556 2698 612 2731 39.

132 2741 264 2782 Muci-i,
297 2742 443 2776 Mucker
480 2744 622 2788 proprie
655 2743 809 2777 latrones

176 2789 256 2830 458,
284 2792 340 2824 31.

1453 209 1567 283 923

884 325 994 357 mulio
1021 336 1083 368 pro
1112 326 1283 370 equisone
1307 329 1391 367 822,
1420 331 1475 364 29.

885 374 922 406 οἱ
942 372 1237 418 μουλιούοιιννω
1260 374 1346 418 quid
1362 377 1406 408 sit
1422 378 1499 416 125,
1509 379 1566 412 35.

885 419 1015 452 musica
1045 430 1100 451 res
1127 420 1237 452 vetita
1263 426 1300 453 et
1325 422 1435 466 turpis
1464 424 1567 457 habi-

932 470 966 497 ta
995 465 1032 497 in
1046 467 1209 498 convivio
1233 468 1302 502 693
1316 469 1378 501 ult.
1405 470 1486 509 363,
1512 474 1564 506 12.

885 512 1016 543 musica
1060 513 1340 547 instrumentalis
1393 526 1476 548 nuru
1529 519 1567 550 in

933 558 1074 601 templis
1101 559 1251 592 usitata?
1269 563 1350 600 887,
1378 564 1434 597 39·

888 606 1146 639 ΙΙΙουσουλινοί
1177 606 1306 639 Arabes
1341 619 1360 640 e
1387 609 1570 653 provincia

932 651 1128 684 Musulensi
1159 655 1237 692 781,
1259 657 1313 688 13.

885 697 996 742 μυΐιιι
1020 699 1168 740 sagittae
1190 711 1316 743 parvae
1342 703 1420 740 791,
1444 705 1500 738 26.

886 743 1003 790 μὺϊνιι
1028 750 1141 778 vestes
1165 747 1314 779 murium
1346 749 1466 782 colore
1490 750 1570 791 446,

934 794 991 825 21.

888 835 1108 883 μυροφόροι
1151 845 1296 872 sanctae
1327 841 1493 875 mulieres
1534 845 1572 879 in

938 884 1130 926 Evangelio
1161 887 1235 926 146,
1259 889 1316 922 23·
1339 889 1420 927 351,
1447 892 1500 926 19.

888 934 1139 975 μυσιαγωγία
1165 933 1271 965 missa
1295 935 1375 975 882,
1408 940 1438 970 1.

893 976 912 1011 ὃ
934 977 1111 1023 μυστικὸς
1135 979 1169 1011 le
1195 979 1377 1013 confident
1399 983 1479 1023 622,
1503 986 1536 1018 3.

890 1024 1076 1069 μυστικῶς
1101 1026 1354 1059 convivabatur
1381 1030 1467 1073 lmp.
1492 1042 1570 1063 cum

937 1073 1091 1113 Augusta
1120 1075 1198 1112 710,
1228 1073 1280 1108 14.

890 1130 912 1154 ν
938 1114 1108 1150 imm-tum
1144 1130 1207 1164 pro
1245 1122 1422 1164 geminata
1455 1123 1574 1156 littera

939 1166 1020 1202 225,
1050 1165 1101 1196 11.

890 1223 913 1246 γ
941 1210 977 1242 in
1004 1211 1073 1243 line
1106 1209 1290 1253 additum,
1326 1218 1364 1246 ut
1397 1217 1574 1259 βασιλέων

937 1259 1017 1296 252,
1043 1258 1100 1291 29.

891 1316 914 1338 ν
939 1314 1047 1347 saepe
1070 1303 1171 1336 deest
1194 1305 1231 1337 in
1253 1305 1323 1338 fine
1348 1309 1416 1342 623
1433 1309 1497 1342 ult.
1538 1310 1575 1342 in

937 1349 1054 1381 media
1082 1361 1181 1391 voce,
1205 1357 1242 1383 ut
1259 1355 1370 1397 με’σις
1393 1366 1456 1398 pro
1475 1368 1575 1389 men-

939 1396 984 1427 sis
1010 1397 1089 1434 691,
1114 1398 1148 1431 9.

872 1453 941 1476 ’γα
968 1447 1004 1473 et
1034 1442 1132 1476 νιινὰ
1175 1444 1275 1476 nulla
1317 1445 1577 1488 significatione

940 1489 1019 1527 296,
1042 1491 1099 1524 30.
1150 1500 1212 1533 pro
1236 1491 1299 1524 rme
1322 1494 1404 1531 820,
1433 1497 1464 1529 7.

893 1534 997 1579 νᾶμα
1023 1535 1142 1566 vinnm
1156 1545 1397 1570 consecratum
1414 1540 1494 1579 224,
1517 1543 1574 1576 31.

893 1582 1133 1626 Namenslage
1169 1582 1236 1614 iam
1263 1584 1308 1615 ab
1333 1586 1490 1631 antiquis
1514 1599 1577 1621 ce-

942 1626 1067 1659 lebrati
1094 1630 1172 1667 707,
1199 1633 1257 1664 22·

894 1674 993 1706 nardi
1018 1673 1197 1706 distributi
1225 1677 1305 1715 887,
1336 1680 1390 1712 15.

892 1719 1036 1764 νάρθηξ
1058 1720 1127 1752 vid.
1155 1722 1333 1755 Ecclesiae
1352 1730 1485 1767 partes.

894 1765 913 1807 ἦ
939 1769 1006 1801 νέα
1035 1778 1125 1800 nova
1163 1769 1313 1802 ecclesia
1348 1771 1446 1804 iuxta
1484 1784 1576 1806 mare

939 1815 1020 1854 215,
1045 1817 1102 1850 20.

893 1858 914 1901 ἦ
939 1861 1005 1894 νέα
1027 1855 1181 1905 uuquam)
1205 1861 1278 1894 vid.
1302 1865 1469 1908 κυριακή.

893 1907 1082 1961 Νεμίτζιοι
1109 1907 1276 1940 Germani
1301 1911 1382 1949 814,
1408 1915 1459 1947 17.

891 1963 1012 1989 νευειν
1039 1958 1128 1986 nutu
1153 1954 1289 1997 signum
1316 1956 1399 1988 dare
1423 1960 1479 1997 62,
1494 1958 1548 1994 2-1.

939 1995 1000 2032 διὰ
1020 1999 1194 2044 χλανίδος
1209 2001 1296 2045 quid
1321 2003 1367 2035 sit
1389 2005 1447 2043 63,
1471 2002 1527 2040 34.

937 2045 1178 2090 ›effero-nitor
1217 2048 1453 2093 impensatum
1492 2053 1575 2091 371,

935 2094 993 2127 32.

891 2139 1022 2184 νεῦμα,
1067 2138 1193 2177 νεύσις
1228 2144 1314 2175 θεῖα
1350 2142 1574 2188 Imperatoris

941 2185 1146 2218 mandatum
1170 2187 1251 2226 389,
1274 2191 1333 2223 27-

894 2231 938 2263 de
957 2232 1091 2274 nigello
1119 2244 1208 2277 opus
1232 2234 1303 2267 vid.
1324 2235 1433 2280 Opus.

893 2278 1000 2324 νικζὶν
1023 2278 1186 2312 claudere
1208 2281 1287 2321 318,
1306 2283 1340 2316 8.

892 2323 1111 2369 ΜεερΙιοηιε
1138 2325 1268 2360 Ρὴοεειε
1299 2327 1386 2372 Imp.
1410 2327 1492 2367 449.
1520 2331 1573 2364 18.

938 2383 1022 2404 num
1053 2373 1244 2405 Romanum
1257 2373 1426 2408 occiderit
1444 2377 1525 2414 450,
1542 2381 1570 2411 1.

891 2417 1106 2463 νιρεγιάῐον
1139 2430 1167 2451 s.
1204 2419 1404 2464 γρεγιάιον
1449 2432 1572 2466 aggre-

937 2470 1053 2508 gatum
1081 2465 1103 2496 i.
1131 2476 1161 2498 e.
1187 2465 1345 2508 diploma
1368 2470 1449 2507 371,
1476 2471 1534 2503 20.

890 2511 1146 2557 νιψησιιάριοι
1178 2512 1391 2546 manuviarii
1429 2517 1485 2554 51,
1517 2518 1572 2551 22.

936 2559 993 2596 61,
1018 2559 1075 2592 39-
1097 2561 1178 2597 857,
1205 2558 1261 2593 41-

888 2605 1143 2650 γοβιλίσσιμος
1153 2604 1291 2649 insigne
1301 2617 1487 2651 purpuram
1502 2606 1549 2640 ha

934 2650 1044 2683 bebat
1067 2653 1148 2690 267,
1178 2653 1231 2687 18.

887 2697 1039 2742 νομικός
1061 2697 1216 2730 director
1240 2698 1390 2731 musicus
1413 2701 1471 2738 83,
1483 2702 1540 2735 20.

888 2744 1030 2775 nomina
1099 2744 1309 2776 familiarum
1367 2745 1566 2779 distinctiva

935 2801 1039 2834 niniam
1052 2790 1215 2825 vetusta?
1237 2789 1316 2833 734,
1334 2791 1387 2825 15.
