1884 3132
205 166 280 210 An
318 160 615 208 consum.
646 157 846 200 ronrn.
882 155 955 197 m:
995 151 1176 195 CERIM.
1219 149 1316 189 Lm.
1356 149 1411 187 11.
1459 144 1560 201 701

124 273 341 328 flagitasse,
359 276 405 307 ut
416 266 644 316 adstarent3
671 261 804 303 saltim
818 260 921 313 ipsos
934 254 1188 297 venientibus
1201 261 1239 293 et
1252 264 1384 292 coram
1404 264 1446 290 se
1461 256 1571 290 stan-

129 329 238 369 tibus
257 340 339 366 non
359 322 630 369 assurrexisse,
654 331 782 371 neque
803 315 942 368 capitis
956 310 1254 350 inclinationem
1277 307 1354 346 alia
1367 320 1438 346 sua
1451 319 1573 356 ‚com-

121 396 325 438 pensasse.
335 375 566 418 Boe‘mundo
578 374 813 412 Normanno
826 368 1020 422 flagitanti
1032 368 1135 404 inter
1151 364 1408 412 conditiones,
1424 360 1568 414 quibus

126 439 186 478 ad
201 437 384 476 Alexium
412 431 566 471 admitti
587 427 763 475 volebat,
791 432 836 464 ut
863 425 928 463 hic
943 422 1016 460 sibi
1047 422 1086 459 in
1112 421 1328 458 tentorium
1342 419 1571 468 Augustum

138 492 307 532 intranti
339 491 561 539 assurgeret
598 484 647 522 de
674 482 821 521 throno
866 485 906 518 et
943 482 1190 523 occurreret,
1243 486 1363 526 seque
1390 479 1495 510 stare
1523 469 1575 508 ad

129 547 255 600 scaput
283 544 419 584 throni
446 543 592 579 sineret
615 567 626 587 ‚
674 543 862 575 neutrum
890 530 1131 572 concedebat
1158 528 1322 568 Alexius
1339 558 1350 577 ,
1376 533 1422 565 ut
1451 525 1574 564 Anna

135 604 342 642 Comnena
366 613 406 651 p.
425 595 519 647 401.
547 593 685 632 refert.
757 591 910 628 Locum
938 600 1055 639 supra
1093 584 1144 623 ad
1182 599 1223 638 p.
1249 582 1314 622 55.
1335 583 1383 621 C.
1405 595 1447 621 2.
1467 587 1575 619 attu-

139 657 275 697 limus.
306 653 403 693 Vid.
433 658 473 689 et
499 663 601 702 quae
629 647 802 686 diximus
831 643 881 684 ad
910 658 952 695 p.
970 642 1013 682 6.
1035 641 1090 678 D.
1113 653 1153 678 2.

243 711 292 750 B.
313 708 354 748 6.
387 704 498 760 [597.
527 701 609 756 11.]
654 698 772 741 ἴδιοι.
844 698 971 737 Novis
1001 696 1164 734 Graecis
1207 699 1302 732 sunt
1340 691 1573 738 familiares,

129 767 271 816 amici,
299 762 443 816 quibus
469 759 678 813 praecipue
704 755 794 808 quis
821 755 963 792 utitur.
1023 751 1084 789 lta
1113 751 1154 788 in
1185 747 1336 788 Menol.
1370 745 1491 785 Basil.
1522 745 1576 782 T.

139 824 200 863 11.
231 835 271 874 p.
301 817 388 872 196.
421 815 528 854 fine:
559 811 662 852 ἰδών
698 807 770 850 τὸν
798 804 1026 848 Κλεόιίκον
1064 801 1138 845 τὸν
1176 801 1284 844 ἴδιον
1312 800 1447 842 αὐτοῦ
1473 800 1577 852 πλη-

131 875 228 918 σίον
256 869 438 921 ἑστῶτα,
467 863 556 908 εἶπε
587 875 662 907 etc.

249 929 296 968 Β.
317 926 359 967 8.
384 925 503 980 [597‚
527 921 610 976 15.]
639 919 680 973 ή.
741 919 818 958 Hic
846 926 886 958 et
911 915 1032 971 paulo
1054 922 1148 970 post
1174 915 1229 954 D.
1246 913 1283 957 5.
1303 913 1472 967 scriptus
1492 918 1578 951 erat

133 986 205 1026 hic
230 971 586 1023 numerus‘littera
613 977 778 1022 maiore,
809 987 911 1027 quae
931 973 1218 1025 significaretne
1245 980 1327 1009 octo
1357 977 1396 1008 et
1424 974 1578 1007 essetne

135 1041 244 1088 Eta,
277 1052 329 1077 an
366 1035 655 1088 quinquaginta
676 1060 688 1081 ‚
735 1037 774 1068 et
802 1036 902 1068 esset
939 1027 999 1068 Ni
1016 1057 1029 1077 ‚
1071 1026 1247 1079 dignosci
1290 1040 1372 1063 non
1400 1030 1572 1076 poterat.

131 1096 242 1136 -Tam
266 1097 498 1132 exaraverat
525 1089 712 1127 librarius
740 1085 939 1138 ambigue.
993 1083 1162 1122 Secutus
1184 1082 1242 1120 fui
1271 1080 1380 1135 quod
1407 1081 1576 1117 maxime

134 1147 344 1205 probabile
374 1145 600 1185 videbatur.

223 1202 318 1255 346.
340 1202 388 1240 Β.
413 1215 425 1239 1
441 1214 476 1239 π.
498 1199 613 1253 [599.
643 1196 719 1250 tn]
747 1190 769 1234 ὅ
793 1191 1007 1246 πρόξιμος.
1065 1192 1113 1231 In
1132 1192 1287 1231 scriniis
1302 1189 1573 1244 epistolarum,

135 1258 367 1299 libellorum
394 1263 434 1295 et
461 1255 675 1293 memoriae
702 1253 774 1306 qui
794 1251 914 1304 primi
943 1255 1056 1287 erant
1084 1249 1188 1286 inter
1215 1246 1398 1285 homines
1427 1246 1579 1285 ordinis

139 1315 232 1359 sui,
254 1311 439 1367 pratimi
481 1309 744 1358 dicebantur,
778 1309 838 1345 ait
872 1303 1039 1343 Salmas.
1083 1302 1135 1341 ad
1163 1302 1307 1354 Script.
1335 1302 1443 1339 Hist.
1466 1300 1576 1354 Aug.

139 1369 196 1409 Τ.
218 1368 271 1406 IL
301 1381 345 1420 p.
368 1365 462 1418 239.
487 1365 553 1414 B.‚
574 1371 658 1410 aut,
690 1369 737 1400 ut
765 1359 971 1401 Gutherus
989 1359 1042 1396 ait
1070 1372 1110 1410 p.
1134 1356 1226 1396 556.
1241 1386 1252 1406 ‚
1282 1357 1451 1408 proximi
1479 1357 1578 1395 scri-

139 1424 302 1463 niorum
325 1426 446 1468 sunt,
478 1420 546 1472 qui
576 1417 795 1457 secundum
819 1431 847 1455 a
885 1415 1082 1467 magistris
1110 1412 1243 1450 locum
1268 1425 1314 1449 ac
1346 1411 1579 1463 dignitatem

140 1478 186 1517 in
213 1477 365 1517 scriniis
393 1474 576 1513 obtinent
593 1503 605 1517 ,
653 1480 692 1511 et
722 1473 811 1525 quiv
845 1471 942 1510 dum
965 1470 1245 1520 magistrorum
1270 1468 1374 1504 vices
1402 1473 1577 1518 agerent,

134 1531 395 1588 pmmagzlstri
435 1528 697 1569 vocabantur.
754 1526 851 1565 Vid.
888 1525 994 1563 idem
1022 1538 1065 1575 p.
1087 1521 1200 1575 694,
1217 1521 1287 1559 ubi
1315 1520 1365 1558 de
1391 1522 1582 1572 proximis

142 1586 422 1631 rationalium,
454 1591 493 1623 et
533 1583 668 1623 Vales.
695 1582 747 1621 ad
786 1581 918 1623 Amm.
948 1577 1128 1619 Marcell.
1162 1591 1202 1630 p.
1231 1575 1316 1616 ¹58.
1344 1575 1398 1613 A.
1430 1582 1469 1613 et
1487 1575 1580 1629 276,

143 1650 187 1682 et
216 1642 283 1680 Du
312 1641 445 1693 Gange
477 1639 606 1678 Gloss.
661 1645 846 1690 utroque.
918 1636 992 1674 Est
1031 1647 1126 1687 ergo
1158 1632 1370 1686 proximus
1407 1629 1473 1669 hic
1502 1630 1580 1670 loci

142 1698 346 1751 proximus
374 1710 398 1734 a
420 1695 639 1749 drungario
675 1693 833 1747 vigiliae
871 1698 913 1730 et
939 1691 1021 1730 eius
1045 1689 1220 1728 absentis
1247 1686 1447 1738 vicarius3
1493 1685 1578 1725 vid.

144 1766 189 1806 p.
206 1753 300 1802 415.
321 1751 367 1789 Β.
393 1750 434 1789 3.

253 1807 309 1844 D.
332 1806 372 1844 5.
401 1804 523 1859 [599⁹
542 1804 630 1858 22.]
659 1803 770 1855 βίου.
829 1803 1028 1843 Videntur
1054 1800 1152 1840 mihi
1182 1801 1257 1840 hae
1285 1797 1478 1852 reliquiae
1506 1811 1583 1839 vo-

147 1862 203 1901 cis
231 1857 487 1911 Μαγλαβίου
518 1874 600 1898 esse
618 1889 630 1910 ‚
660 1860 781 1913 idque
812 1860 852 1898 in
882 1860 1034 1898 Latinis
1063 1859 1246 1910 expoessi.
1333 1873 1340 1877 ·

231 1913 325 1967 547.
348 1915 394 1952 Β.
415 1927 459 1966 9.
490 1913 605 1967 [600‚
625 1914 716 1968 αι]
746 1913 1022 1967 ἐπεφημοῦσι.
1080 1913 1144 1952 Sic
1164 1920 1223 1951 est
1252 1913 1294 1949 in
1322 1911 1581 1962 membranis3

146 1970 233 2010 vid.
254 1970 360 2007 dicta
387 1970 438 2006 ad
466 1983 507 2021 p.
537 1983 598 2007 ιι.
621 1970 675 2008 D.
695 1971 735 2009 6.
805 1970 911 2008 Novi
941 1983 1083 2021 nempe
1128 1969 1268 2006 Graeci
1298 1981 1323 2004 v
1354 1973 1400 2004 ut
1429 1980 1460 2018 φ
1490 1981 1582 2019 pro-

148 2024 366 2079 pemodum
411 2024 595 2063 efferunt.
667 2025 771 2063 Hinc
815 2024 968 2062 librarii
1013 2038 1087 2076 pro
1123 2037 1192 2061 sua
1223 2021 1402 2061 socordia
1432 2021 1584 2060 litteras

149 2078 405 2133 geminandas
436 2078 555 2117 semel
605 2079 883 2118 tantummodo
922 2086 963 2118 et
1007 2081 1178 2118 vicissim
1206 2077 1402 2130 simplices
1430 2076 1492 2115 bis
1518 2091 1585 2116 ex-

149 2135 348 2182 hibentes,
380 2134 606 2172 scribebant
634 2134 809 2187 ὲφημεῖν
836 2149 908 2186 pro
934 2131 1154 2187 εὐφημεῖν,
1192 2135 1382 2185 quoniam
1410 2131 1486 2170 hoe
1516 2129 1585 2169 εὕ-

150 2192 304 2242 φημεΐν
348 2188 443 2240 ipsis
470 2203 551 2226 non
596 2187 710 2228 aliter
736 2190 930 2238 sonabat,
960 2203 1079 2241 quam
1110 2187 1335 2240 ἐφφημεῖν.
1395 2186 1586 2224 Similiter

150 2238 372 2296 ε’φήμησαν
398 2256 472 2293 pro
501 2239 756 2295 ἑφφήμησαν
784 2250 823 2282 et
850 2244 924 2282 hoc
955 2257 1027 2296 pro
1054 2238 1303 2296 εὐφήμησαν
1332 2248 1456 2280 exstat
1476 2241 1583 2294 apud

150 2296 292 2337 Malal.
323 2297 447 2334 T.11.
478 2311 517 2348 p.
542 2296 633 2346 2¹4.
658 2298 722 2336 13.

262 2352 308 2390 C.
330 2365 365 2389 2.
401 2350 515 2404 [601‚
538 2350 602 2403 6.]
630 2347 675 2389 τὸ
703 2351 778 2390 τοῦ
804 2351 958 2403 μικροῦ
984 2349 1188 2402 βασιλέως
1215 2348 1488 2401 βρουμάλιον.
1507 2349 1587 2403 Ap-

148 2414 263 2460 paret
293 2421 341 2444 ex
365 2405 440 2444 hoc
461 2405 548 2443 loco
575 2413 614 2443 et
642 2406 743 2444 infra
761 2421 782 2444 e
799 2405 1063 2458 Cletorologio
1092 2420 1131 2457 p.
1156 2405 1248 2454 452.
1269 2407 1318 2446 D.
1340 2405 1394 2448 5.,
1418 2405 1583 2443 bruma-

153 2461 192 2500 le
221 2461 392 2514 Augusti
426 2460 590 2498 senioris
617 2468 656 2498 et
697 2461 860 2498 iunioris
888 2467 926 2498 et
955 2461 1160 2512 Augustae
1187 2461 1350 2498 seorsim
1372 2460 1492 2498 fuisse
1519 2474 1586 2498 ce-

154 2515 365 2554 lebratum.
435 2514 511 2552 Sed
550 2528 630 2566 quo
676 2515 717 2552 id
760 2515 899 2553 ordine
939 2515 1086 2552 sactum
1114 2514 1260 2563 fuerit,
1301 2528 1492 2552 omnesne
1525 2514 1583 2554 illi

158 2584 240 2608 uno
268 2571 334 2608 die
353 2599 364 2616 ‚
409 2569 478 2607 sed
507 2569 748 2616 successive,
793 2569 989 2607 brumalia
1021 2569 1227 2617 dederint,
1256 2583 1308 2607 an
1336 2569 1399 2607 die
1421 2570 1588 2622 quisque

156 2638 251 2671 suo,
282 2631 321 2663 et
347 2638 428 2676 quo
474 2637 607 2662 mense
646 2637 777 2675 quove
808 2624 952 2661 mensis
979 2623 1044 2661 die
1071 2630 1141 2661 aut
1173 2623 1313 2662 diebus
1341 2623 1383 2662 id
1410 2623 1584 2671 factum,

159 2678 446 2717 subobscurum
474 2685 531 2716 est
544 2707 556 2728 ,
598 2685 636 2716 et
677 2678 921 2716 studebimus
958 2677 1034 2716 hac
1070 2677 1351 2730 disputatione,
1378 2677 1475 2732 quid
1505 2681 1589 2718 eius

158 2734 217 2771 rei
231 2733 365 2784 suerit,
383 2733 583 2786 indagare.
610 2733 831 2785 Praecipue
852 2738 984 2785 partes
1009 2731 1252 2772 brumalium
1279 2742 1416 2786 erant,
1444 2741 1490 2773 ut
1509 2741 1592 2773 tam
