1884 3132
321 168 434 223 816
608 181 682 229 10.
724 185 829 230 1Ac.
872 187 1066 230 nmsm
1107 187 1486 233 coMiffiN’rARu
1537 207 1540 210 <

318 291 557 330 monstravit
589 291 758 335 Salmas.
798 292 851 331 ad
885 293 1031 347 Script.
1073 294 1124 336 H.
1159 294 1268 346 Aug.
1300 294 1350 336 Τ.
1379 294 1410 336 Ι.
1448 270 1619 350 127269.
1666 295 1768 336 ΡῙῸ-Υ

318 346 471 384 miscue
504 346 575 386 has
603 348 903 387 terminationes
936 351 978 387 in
1013 350 1174 399 aticum,
1210 350 1354 398 atium,
1382 349 1532 396 adium,
1569 351 1703 403 agium
1728 359 1769 393 et

318 402 450 439 arium
475 401 678 441 habebant
715 404 847 442 Latini
890 405 1011 443 medii
1043 406 1158 451 aevi,
1199 411 1246 442 ut
1279 412 1301 442 e
1335 405 1404 443 Du
1432 405 1572 458 Gangii
1603 405 1765 445 Glossa-

318 457 382 494 rio
428 459 618 496 sexcentis
655 458 843 512 exemplis
881 464 1012 512 posset
1045 459 1335 508 demonstrari,
1392 466 1438 498 ut
1464 461 1766 514 paroc-Magium

319 525 396 564 pro
427 510 736 565 παροικιάριον,
766 516 953 566 ovagium
983 528 1058 568 pro
1093 515 1360 568 pensitatione
1385 528 1431 553 ex
1463 515 1632 565 ovibus,
1668 529 1770 555 ova-

320 567 382 606 rio
398 595 412 617 ‚
463 567 680 621 pedagium
725 583 799 622 pro
837 570 1021 622 pedatico
1041 599 1052 620 ,
1083 571 1310 625 operagium
1350 583 1425 623 pro
1466 572 1650 623 operario
1697 576 1768 611 seu'

320 622 507 661 mercede
537 633 681 676 operae
724 623 790 663 vel
826 638 945 678 opere
985 625 1096 678 ipso,
1130 626 1398 680 praestagium
1430 639 1506 677 pro
1526 626 1764 678 praestatico

320 691 391 716 seu
422 680 713 730 praestatione3
746 682 993 719 summanum
1009 711 1020 728 ‚
1053 681 1316 732 summagium
1340 686 1380 718 et
1409 682 1661 719 summarium
1691 695 1768 734 pro

321 732 506 786 vectigali
537 734 588 773 de
614 736 774 774 summis
789 763 801 785 ‚
832 735 909 774 hoc
942 742 1001 774 est
1031 737 1178 774 saumis
1216 734 1281 773 vel
1318 735 1560 787 sagmatibus
1595 743 1635 775 et
1661 737 1764 789 sagi-

321 789 445 827 nariis
492 789 714 840 reddendo3
750 790 919 844 podium
956 798 996 829 et
1032 792 1195 844 pogium
1242 797 1281 828 et
1307 789 1433 840 talia,
1482 805 1585 844 quae
1622 791 1663 829 in
1701 792 1769 832 Du

324 844 466 897 Cangii
493 844 558 887 Gl.
588 846 678 888 Lat.
708 844 929 887 abundant.
962 847 1182 896 Quaeritur
1208 845 1304 896 iam,
1335 840 1500 893 ἑξάὸιον
1521 853 1590 885 aut
1606 840 1770 898 ἐξάγων

324 900 428 938 sitne
459 901 658 951 senarius,
691 900 920 955 complexus
966 915 1153 940 senorum
1198 900 1522 950 individuorum,
1561 915 1612 940 an
1650 902 1772 940 unius

324 953 523 993 individui
560 962 667 994 sexta
706 970 810 1009 pars.
868 956 996 994 Credo
1032 956 1217 1009 equidem
1247 955 1380 1009 potius
1419 970 1502 995 esse
1545 958 1766 1009 posterius,

324 1023 448 1062 quam
487 1011 628 1062 prius,
675 1011 862 1050 inductus
903 1011 955 1049 ab
997 1011 1192 1064 analogia.
1257 1012 1362 1050 Nam
1394 1012 1426 1050 si
1456 1013 1674 1064 tertiagium
1709 1018 1770 1052 est

325 1066 443 1103 tertia
474 1079 565 1117 pars
583 1094 595 1116 ‚
637 1068 784 1116 triens,
828 1068 1074 1120 quat-[agiam
1129 1073 1271 1119 quarta
1301 1080 1392 1119 pars
1436 1080 1506 1105 seu
1536 1066 1739 1118 quadrans
1755 1096 1767 1114 ‚

325 1121 538 1172 nonaginta
572 1134 663 1173 pars
694 1135 827 1172 nona,
866 1135 1040 1174 quorum
1090 1122 1344 1160 auctoritates
1373 1120 1495 1160 habet
1525 1121 1590 1160 Du
1611 1121 1770 1174 Gange,-

325 1188 484 1214 necesse
504 1182 578 1226 est,
610 1183 656 1213 ut
677 1178 897 1228 sexaginm,
918 1171 1094 1226 ἐξάγων,
1125 1184 1231 1215 sexta
1251 1191 1343 1229 pars
1369 1177 1433 1218 sit.
1468 1178 1583 1216 Patet
1608 1190 1770 1230 quoque

326 1243 349 1269 e
389 1229 477 1268 loco
521 1231 668 1269 Marini
710 1231 876 1282 Sanuti‚
928 1245 1048 1284 quem
1086 1232 1154 1270 Du
1192 1232 1326 1285 Gange
1361 1245 1410 1281 v.
1443 1231 1606 1284 Sagium
1655 1234 1765 1274 citat.-

325 1286 526 1324 Memorat
552 1285 608 1324 ibi
636 1286 811 1325 Sanutus
835 1288 1002 1341 quatuor*
1024 1288 1150 1338 sagia,
1183 1287 1225 1325 id
1250 1294 1308 1326 est
1332 1293 1505 1338 quatuor
1522 1293 1647 1326 sextas
1675 1301 1769 1340 par-

326 1346 401 1379 tes.
457 1341 562 1379 Nam
596 1342 749 1393 sagium
787 1340 888 1380 nihil
917 1341 1027 1379 aliud
1062 1349 1137 1392 est,
1174 1356 1296 1394 quam
1326 1338 1519 1393 ἐξάγων,
1565 1349 1612 1380 ut
1637 1343 1770 1382 sarcia

326 1395 435 1433 idem
465 1402 585 1448 atque
625 1391 798 1448 ἐξάρτια
811 1427 822 1444 ,
854 1398 1109 1435 instrumenta
1150 1398 1309 1436 nautica
1322 1427 1333 1448 ‚
1377 1403 1417 1435 et
1445 1397 1663 1436 selastieum
1696 1411 1772 1450 pro

327 1448 596 1505 εἶσελαστικῷ
621 1450 686 1489 vel
717 1451 974 1506 ἰσελαστικῷ.
1031 1452 1172 1502 Qualis
1193 1460 1324 1491 autem
1362 1456 1508 1491 veteris
1541 1452 1682 1491 unciae
1702 1467 1770 1492 ra-

327 1505 386 1544 tio
414 1505 466 1543 ad
497 1504 632 1544 litram
663 1507 933 1546 recentiorum
964 1507 1083 1546 suerit
1101 1537 1112 1557 ‚
1156 1522 1220 1547 me
1252 1507 1413 1560 quidem
1445 1507 1571 1558 latet,
1608 1509 1678 1560 qui
1708 1515 1771 1551 ta·-

320 1559 384 1599 .lia
414 1559 605 1614 indagare
642 1575 847 1615 nunquam
883 1564 1035 1605 curavi.
1093 1564 1223 1616 Supra
1243 1563 1538 1613 demonstravi,
1568 1563 1770 1603 Constan-

327 1615 403 1653 tini
429 1617 556 1655 nostri
584 1623 712 1656 aetate
750 1619 989 1656 numismata
1025 1619 1091 1671 74.
1128 1619 1170 1656 in
1211 1618 1344 1657 litram
1377 1618 1496 1656 fuisse
1529 1625 1771 1670 computata.

329 1669 545 1724 Vulgatior
574 1679 708 1710 tamen
734 1673 868 1725 opinio
897 1671 1012 1712 litrae
1038 1680 1196 1712 tantum
1223 1675 1462 1712 numismata
1486 1687 1551 1726 72.
1582 1674 1768 1726 imputat.

329 1725 442 1765 Haec
469 1728 591 1780 igitur
618 1727 752 1780 opinio
787 1731 820 1767 si
855 1742 951 1767 vera
975 1736 1045 1778 est,
1076 1736 1114 1767 et
1144 1728 1381 1781 hexaginm,
1419 1727 1569 1767 solidus
1614 1735 1655 1766 et
1690 1743 1770 1766 nu-

329 1783 474 1820 misma
506 1782 612 1821 idem
646 1784 679 1821 si
705 1790 820 1834 sunt,
854 1791 901 1822 ut
935 1783 1202 1836 perhibentur
1241 1797 1351 1835 esse,
1390 1790 1526 1836 estque
1556 1782 1768 1836 hexagium

331 1843 440 1875 sexta
481 1838 623 1876 unciae
655 1851 769 1890 pars:
821 1838 983 1878 fuerunt
1025 1840 1068 1877 in
1104 1838 1208 1877 libra
1244 1853 1315 1877 seu
1349 1852 1415 1892 72.
1465 1839 1771 1877 numismatibus

330 1893 473 1931 unciae
516 1893 739 1935 duodecim.
809 1893 915 1933 Nam
949 1895 983 1933 si
1006 1908 1083 1936 ,sex
1117 1908 1208 1932 cum
1247 1893 1460 1933 duodecim
1501 1892 1770 1946 multiplices,

332 1948 498 2000 emergit
536 1962 602 2002 72.
666 1948 796 1988 Porro
840 1951 1039 1989 numisma
1072 1955 1111 1987 et
1150 1949 1300 1988 solidus
1333 1963 1477 1988 aureus
1514 1948 1621 1987 idem
1662 1955 1770 1990 sunt.-

332 2002 531 2055 Pependit
562 2004 682 2057 igitur
709 2004 821 2043 bulla
854 2004 1078 2044 litterarum
1120 2004 1171 2042 ad
1207 2005 1393 2043 Emirum
1439 2003 1611 2057 Aegypti
1639 2003 1772 2042 numi-

334 2066 462 2097 smata
484 2073 605 2098 aurea
633 2059 865 2101 octodecim.
919 2057 1132 2099 Probabile
1157 2059 1234 2098 hoc
1265 2073 1347 2098 non
1374 2066 1456 2103 est,
1488 2073 1614 2112 quum
1637 2057 1774 2098 bullae

334 2113 387 2151 ad
423 2114 577 2167 Papam
607 2115 758 2153 Romae
811 2129 938 2154 unum
980 2122 1050 2154 aut
1092 2114 1143 2152 ad
1169 2128 1370 2153 summum
1397 2114 1478 2153 duo
1514 2113 1682 2162 solidos,
1733 2121 1773 2152 et

332 2182 439 2221 >quae
475 2169 696 2222 plurimum
738 2177 952 2223 quaternos
991 2170 1220 2222 pependisse
1255 2170 1451 2212 dicantur.
1517 2169 1674 2219 Quarto
1708 2170 1774 2207 in-

334 2223 504 2263 tervallo
542 2224 716 2265 vasallus
748 2225 930 2264 Chalifae
965 2225 1176 2278 Bagdadici
1197 2254 1208 2274 ‚
1247 2225 1410 2263 Emirus
1441 2225 1615 2278 Aegypti
1651 2230 1772 2276 puta,-

335 2278 449 2318 abest
482 2294 507 2319 a
535 2280 698 2319 domino
725 2293 810 2322 suo,
866 2280 920 2319 Et
947 2288 1081 2319 tamen
1117 2279 1298 2319 Chalifae
1333 2279 1444 2318 bulla
1475 2286 1646 2332 quatuor
1676 2278 1771 2317 soli-

336 2333 482 2373 dorum
528 2342 686 2374 tantum
723 2336 841 2374 missa
886 2336 1053 2384 dicitur,
1101 2335 1241 2374 Emiro
1274 2335 1448 2387 Aegypti
1482 2340 1615 2386 autem
1655 2331 1771 2372 bulla

336 2389 557 2429 octodecim
594 2390 851 2443 hexagiorum
891 2398 962 2429 aut
1003 2389 1234 2432 solidorum.
1305 2390 1397 2428 Non
1431 2402 1629 2443 compono
1667 2387 1775 2426 hanc

337 2443 625 2487 difficultatem.
681 2447 764 2484 Aut
786 2445 895 2484 aliud
924 2453 982 2484 est
1021 2445 1231 2498 hexagium
1259 2444 1449 2493 etrmulto
1469 2446 1618 2494 minus,
1649 2455 1772 2495 quam

338 2499 509 2539 diximus
529 2530 541 2551 ‚
578 2507 648 2539 aut
686 2502 866 2554 superior
897 2508 1033 2539 nostra
1063 2502 1257 2539 sententia
1297 2499 1347 2538 de
1383 2499 1613 2549 unisoldiis‚
1648 2496 1772 2535 bisol-

338 2553 432 2603 diis,
466 2555 655 2595 trisoldiis
683 2563 722 2594 et
752 2555 990 2595 tetrasoldiis
1015 2554 1136 2594 bullis
1161 2569 1257 2594 vera
1286 2569 1366 2593 non
1391 2562 1463 2596 est.
1518 2554 1582 2601 De
1608 2551 1778 2604 hexagio

338 2621 381 2649 v.
414 2610 480 2648 Du
511 2611 710 2663 Cangium
738 2612 782 2650 in
814 2609 881 2653 Gl.
919 2619 1087 2666 utroque
1119 2617 1160 2649 et
1197 2610 1350 2650 dissert.
1397 2610 1446 2648 de
1483 2607 1656 2646 nummis
1685 2607 1774 2646 aevi

338 2663 459 2701 medii
489 2669 525 2711 §,
558 2680 623 2719 77.
1261 2714 1264 2716 .

450 2719 499 2759 C.
535 2733 574 2762 2.
613 2719 817 2774 [69o‚-2.]
846 2719 1097 2773 Σαρδανίας.
1153 2720 1213 2758 Ita
1241 2717 1465 2757 scribebant
1496 2723 1535 2754 et
1558 2715 1776 2754 efferebant¹

340 2777 427 2810 tum
453 2777 658 2827 temporis;
684 2789 723 2819 v.
752 2776 880 2816 Notit.
917 2774 1055 2827 eccles.
1084 2774 1263 2816 Holsten.
1291 2779 1379 2826 post
1403 2771 1497 2822 Car.
1525 2785 1549 2810 a
1575 2771 1620 2813 Sa
1645 2769 1780 2811 Paulo’
