1884 3132
194 185 269 226 An
306 181 603 226 consum.
642 177 840 219 ronrn.
883 177 954 217 DE
991 174 1173 216 cmm.
1212 170 1312 214 Lm.
1354 176 1386 214 1.
1435 153 1547 227 3¹9

119 284 173 324 A.
199 299 271 335 q.,
297 283 394 337 quid
423 290 524 322 esset
551 276 795 331 ὄριάτόριον
842 278 925 317 τῶν
964 275 1192 326 mmuh-ont.
1257 276 1370 327 Quae
1413 281 1547 313 autem

118 329 264 387 affeit,
305 339 501 378 deteriora
547 342 641 376 sunt
686 333 787 379 illis,
834 346 937 386 quae
969 332 1091 371 codex
1130 338 1265 370 noster
1305 344 1378 368 uos
1411 330 1541 368 docet.

119 395 242 434 Recte
269 393 332 432 Cl.
360 391 547 431 Leichius
573 389 748 429 reddidit
775 389 1035 426 amatorium.
1104 386 1203 424 Erat
1245 392 1377 423 autem
1418 397 1544 422 urna-

117 449 268 487 terium
295 447 436 497 aedes,
466 448 506 485 in
534 460 614 498 qua
642 444 799 483 stabant
827 455 951 480 urnae
968 471 979 490 ‚
1013 442 1051 478 in
1080 454 1178 492 quas
1209 447 1333 478 sortes
1359 440 1546 478 coniicie-

119 502 268 542 bantur
304 509 345 541 et
386 503 426 541 in
454 501 598 555 quibus
626 505 750 537 sortes
782 496 1056 550 agitabantur,
1102 509 1181 547 quo
1218 494 1366 533 scilicet
1404 494 1545 532 ordine

118 559 283 611 aurigae
307 555 451 610 singuli
475 555 666 594 deberent
686 544 898 591 decurrere
911 581 921 598 ,
951 557 997 588 ut
1018 564 1040 587 c
1057 550 1312 602 sequentibus
1332 549 1545 588 constabit.

118 612 278 651 Scilicet
303 625 427 664 quum
455 611 497 648 in
524 607 688 661 singulis
711 605 854 660 palmis
884 606 1073 658 (quarum
1113 610 1278 643 octonae
1321 618 1393 658 per
1437 604 1545 642 diem

119 667 330 716 dabantur)
359 679 512 719 semper
537 663 881 702 committerentur
906 659 1088 714 quaterni
1115 664 1254 698 cursus
1282 661 1323 698 in
1362 673 1544 711 unaqua-

117 735 199 775 que
225 721 393 760 factione
409 749 420 771 ,
454 718 624 758 debebat
654 723 760 755 sorte
786 715 939 765 decidi,
975 716 1064 767 quis
1090 728 1113 752 e
1141 727 1298 753 carcere
1323 712 1374 752 ad
1399 721 1545 752 metam

119 777 324 829 proximo,
365 775 454 828 quis
494 787 518 813 e
558 785 718 811 carcere
761 784 785 808 a
816 777 922 808 meta
966 770 1228 808 remotissimo
1245 798 1256 819 ,
1300 782 1381 821 qua
1419 769 1461 807 in
1500 783 1545 809 re

118 831 311 874 momenti
336 829 507 868 multum
533 827 585 866 ad
614 825 822 866 victoriam
850 824 1104 863 auferendam
1135 824 1256 862 situm
1285 830 1396 871 erat,
1426 825 1543 862 emit-

108 892 286 924 ·teretur.
343 885 445 923 Nam
478 884 547 936 qui
586 881 637 920 ad
664 887 810 919 metam
842 880 1046 932 proximo,
1078 879 1264 917 interiore
1297 891 1419 931 gyro,
1451 893 1544 917 cur-

122 953 213 978 rum
237 938 425 994 agitaret,
453 934 880 984 brevioremhabebat
908 934 1079 973 orbitam
1109 934 1422 983 conficiendam,
1454 933 1543 972 lon-

116 994 281 1048 giorem,
315 994 386 1047 qui
411 995 602 1032 exteriore
628 1000 728 1045 gyro
760 989 1011 1035 decurreret,
1042 995 1089 1027 ut
1106 995 1261 1027 constat
1289 1002 1311 1026 e
1338 987 1544 1041 Sophoclis

118 1048 305 1095 Electra,
336 1055 376 1087 et
407 1047 509 1094 illis,
541 1048 611 1100 qui
645 1046 695 1084 de
721 1059 764 1083 re
799 1045 1043 1097 gymnastica
1070 1050 1249 1082 veterum
1284 1045 1539 1096 scripserunt.

118 1103 222 1142 Inde
266 1110 396 1156 patet,
448 1116 572 1156 quare
617 1102 659 1139 in
700 1101 867 1139 nummis
903 1100 1053 1137 urbium
1097 1112 1350 1136 neocorarum
1382 1107 1544 1152 praeter·

118 1158 263 1212 templa
284 1172 400 1213 saepe
415 1157 688 1211 'conspiciatur
715 1168 817 1193 urna
832 1185 842 1200 ,
871 1155 1007 1192 horum
1036 1154 1289 1191 certamimun
1319 1162 1434 1208 typus
1442 1155 1543 1203 stre

119 1212 288 1252 solennis
304 1243 315 1261 ‚
357 1226 442 1250 cum
475 1213 637 1266 palmae
665 1211 788 1248 ramis
817 1209 1106 1260 exsurgentibus
1141 1210 1327 1246 vt'ctorzmz
1356 1210 1543 1261 praemia

118 1267 313 1306 indicam.
366 1265 503 1305 Verba
530 1273 622 1304 sunt
648 1263 784 1318 paullo
811 1271 904 1302 ante
940 1263 1089 1302 laudati
1120 1263 1192 1301 Fr.
1221 1263 1363 1301 Weisii
1385 1262 1412 1301 l.
1440 1277 1475 1301 c.
1497 1277 1540 1316 p.

124 1335 214 1375 ¹97·
267 1321 465 1374 Loquitur
502 1321 556 1360 ibi
590 1321 640 1359 de
686 1319 968 1358 certaminibus
1007 1319 1189 1368 musicis,
1240 1318 1428 1370 poeticis,
1468 1332 1542 1371 gy-

118 1376 288 1425 mnicis,
331 1375 579 1428 equestribus
616 1373 904 1426 navalibusque
937 1374 977 1411 in
1021 1373 1215 1411 honorem
1251 1373 1541 1424 Imperatorum

117 1430 333 1482 quotannis
358 1437 429 1468 aut
456 1444 528 1482 per
560 1430 832 1482 quinquennia
863 1429 996 1467 iterari
1024 1427 1163 1466 solitis.
1222 1426 1407 1480 *[Urnae
1427 1441 1543 1478 prae·

119 1484 247 1522 mium
276 1485 475 1522 victorum
512 1485 554 1522 in
586 1482 706 1521 ludis.
742 1479 943 1520 'Giornali
986 1482 1049 1520 dei
1086 1482 1276 1520 Letterati
1311 1482 1362 1519 T.
1389 1482 1463 1519 IV.
1496 1496 1540 1534 p.

120 1537 214 1591 287.
273 1538 321 1577 In
348 1539 486 1576 Museo
515 1539 759 1576 Gervasiano
787 1535 938 1589 globuli
967 1543 1120 1574 exstant
1150 1535 1334 1584 eburnei,
1379 1536 1420 1573 in
1450 1538 1543 1588 qui-

117 1592 195 1631 bus
223 1594 386 1632 nomina
422 1592 611 1631 ludorum
646 1592 890 1629 Graecorum
904 1620 915 1640 ,
945 1591 1174 1639 neocoriae,
1214 1597 1254 1628 et
1283 1589 1511 1641 praesidum
1527 1620 1541 1642 ‚

118 1646 195 1685 sub
222 1646 368 1699 quibus
395 1648 471 1685 acti
498 1654 616 1697 sunt,
645 1652 851 1684 notantur.
906 1645 1078 1684 Eosdem
1105 1658 1312 1683 occurrere
1340 1645 1382 1682 in
1421 1659 1544 1684 num-

118 1702 217 1751 mis,
246 1701 298 1740 ad
332 1701 405 1740 hos
434 1701 551 1740 ludos
580 1701 892 1753 pertinentibus,
923 1713 1038 1752 saepe
1063 1713 1246 1748 mensae,
1275 1699 1356 1737 duo
1379 1699 1542 1739 vascula

118 1755 263 1810 palmis
289 1756 407 1809 plena
442 1755 683 1802 sustinenti,
722 1756 944 1808 suppositos
959 1784 971 1803 ,
1009 1755 1120 1792 aiunt
1150 1755 1402 1797 Monumenti
1437 1754 1542 1808 degli

119 1811 274 1863 antiqui
306 1810 462 1863 Pelasgi
493 1809 583 1849 dell'
612 1810 771 1848 Abbate
802 1809 970 1848 Olivieri
997 1823 1039 1861 p.
1062 1807 1169 1862 26.]*

136 1886 138 1888 v
238 1865 291 1903 A.
313 1866 352 1904 5.
397 1866 492 1916 512,
516 1863 576 1919 7.]
625 1865 836 1917 φυλητῶν.
912 1863 1112 1901 Videntur
1148 1863 1324 1902 fautores
1357 1862 1540 1903 factionis

120 1917 263 1967 fuisse,
293 1919 444 1958 etiamsi
474 1920 524 1958 ad
553 1921 766 1958 factionem
792 1933 871 1957 uon
901 1920 1159 1971 pertinerent.
1325 1923 1334 1927 “

227 1972 282 2014 A.
302 1972 343 2023 4.
362 1974 486 2028 ·[512,
507 1973 569 2026 8.]
596 1959 891 2023 a'vup'tissovbt
927 1969 977 2011 τὰ
1006 1967 1218 2022 κάγκελλα.
1270 1973 1408 2022 Quare
1443 1987 1540 2012 can-

120 2025 242 2065 cellos
268 2027 457 2066 sactiones
483 2030 588 2066 inter
614 2042 656 2066 se
694 2042 786 2066 suos
818 2041 999 2080 quaeque
1036 2035 1127 2065 cum
1161 2027 1344 2066 cancellis
1378 2027 1541 2070 alterius

123 2080 360 2131 contulerit,
393 2096 477 2120 non
505 2090 666 2135 exputo.
724 2081 897 2120 Cancelli
930 2082 1035 2119 enim
1063 2096 1199 2121 omnes
1223 2075 1433 2120 duodeciffi
1456 2096 1540 2121 uno

92 2135 338 2188 „eodemque
358 2143 536 2189 tempore
565 2136 865 2189 aperiebantur,
895 2143 965 2174 aut
993 2143 1099 2174 certe
1121 2136 1178 2174 illi
1209 2143 1298 2175 octo
1314 2165 1324 2183 ,
1355 2139 1540 2189 quaterni

98 2187 308 2241 ‘'cuiusque
350 2190 528 2229 factionis
543 2221 554 2237 ,
601 2205 623 2230 e
663 2191 808 2243 quibus
857 2192 949 2243 equi
989 2198 1027 2229 et
1068 2205 1209 2229 currus
1256 2187 1460 2230 emittendi
1497 2192 1539 2230 in

117 2258 278 2282 cursum
317 2252 453 2293 erant3
481 2259 611 2298 neque
638 2253 722 2284 erat
758 2247 996 2295 verendum,
1025 2252 1071 2283 ut
1098 2244 1296 2284 cancellus
1331 2259 1433 2284 unus
1458 2245 1539 2284 fia-

115 2297 234 2350 gilior
261 2305 362 2336 esset
393 2299 531 2337 altero.
592 2300 640 2337 In
670 2302 781 2353 equis
811 2299 887 2338 alia
920 2307 978 2338 est
1015 2300 1135 2338 ratio.
1192 2300 1297 2338 Nam
1326 2300 1378 2338 ad
1407 2302 1536 2339 victo-

117 2353 218 2391 riam
240 2353 495 2391 obtiuendam
514 2353 685 2391 multum
706 2354 863 2393 valebat
886 2354 1006 2392 sortes
1024 2361 1094 2391 aut
1124 2353 1296 2402 debiles,
1327 2368 1443 2393 sanos
1469 2363 1540 2394 aut

116 2406 318 2445 morbidos
334 2421 455 2459 equos
469 2422 565 2446 esse.
595 2407 717 2446 Forte
733 2416 865 2447 tamen
879 2423 924 2446 ea
940 2410 1104 2446 omnino
1126 2415 1211 2446 erat
1228 2409 1329 2446 ratio
1343 2408 1538 2449 cancellos

116 2461 326 2499 ambarum
348 2462 566 2500 factionum
588 2463 691 2500 inter
714 2477 755 2501 se
782 2463 1052 2515 comparandi,
1082 2464 1176 2515 quia
1194 2463 1415 2501 verendum
1428 2471 1536 2515 exat,

117 2528 169 2553 ne
194 2516 410 2562 cariosum,
441 2517 473 2555 si
501 2516 604 2554 forte
636 2517 746 2569 quod
767 2525 891 2567 esset,
931 2516 1083 2569 lignum
1109 2516 1272 2555 cancelli
1302 2528 1537 2571 perrumpe-

118 2576 207 2606 rent
230 2570 460 2611 anhelantes
484 2572 526 2608 in
553 2585 714 2610 cursum
744 2573 849 2623 equi.
903 2571 1023 2621 Quod
1051 2572 1143 2609 satis
1172 2572 1347 2610 indicare
1376 2573 1538 2612 videtur

99 2621 302 2663 *Sidonius
333 2624 575 2677 Apollinaris
610 2628 653 2664 in
686 2626 933 2678 Panegyrico
968 2625 1178 2665 Narbonae
1209 2625 1273 2666 his
1303 2623 1436 2667 verbis
1451 2642 1464 2667 :

331 2678 557 2718 Hortamur
577 2680 700 2718 obiter
725 2682 933 2733 iuvantque
962 2679 1118 2718 blandis

273 2755 277 2761 =
334 2731 449 2773 Ula-o
473 2735 671 2788 plausibus
687 2765 698 2784 ,
732 2743 769 2776 ec
795 2735 1059 2788 voltqttuosum
