1832 3126
226 166 301 221 90
501 166 576 208 10.
618 164 725 208 IAC.
766 165 960 207 REISKII
1001 164 1379 209 COMMENTARH

225 266 401 323 populus
432 267 617 308 redderet
647 269 821 322 integras
839 298 850 319 ‚
891 276 962 309 aut
991 283 1130 309 eorum
1164 276 1326 310 tantum
1359 278 1566 323 extrema,
1600 281 1671 314 aut

225 325 374 388 quibus
402 324 575 388 denique
601 325 885 364 convenientes
914 325 1010 364 alias
1038 326 1233 366 formulas
1258 327 1400 367 doctus
1430 328 1672 381 subiiceret3

226 388 274 419 ut
311 375 351 418 οἱ
380 376 663 431 κανονάρχαι,
705 381 775 433 qui
817 379 1041 433 προέλεγον
1081 378 1180 428 τούς
1212 382 1358 429 θείους
1394 397 1550 435 υμνους
1583 388 1674 432 τοῖς

225 431 484 486 ψάλλουσιν,
530 442 577 474 ut
617 437 673 474 ait
707 437 852 489 Symeo
885 436 1266 477 Thessalonicensis.
1323 438 1516 478 Excusari
1549 440 1679 493 igitur·

224 496 357 544 potest
387 491 558 529 Ioannes
590 491 891 530 Cantacuzenus
923 506 967 545 p.
1002 493 1093 531 123.
1131 493 1172 532 in
1204 495 1460 533 enarratione
1495 508 1674 534 ceremo-

224 546 385 584 niarum
407 559 503 585 suae
527 548 798 586 coronationis
815 553 967 586 cractas
996 555 1035 586 et
1062 547 1210 615 psjaltas
1237 563 1312 602 pro
1335 549 1476 589 iisdem
1492 549 1672 589 habens:

217 596 330 650 Ἐξ
312 600 524 667 εκατέρων
559 615 644 641 των
678 603 751 641 τοῦ
779 600 883 641 ναοῦ
923 615 1065 666 μερων
1093 602 1165 642 ἐπι
1201 603 1377 652 ξυλίνων
1420 601 1679 668 οἷναβάθρων

223 669 285 703 εις
314 651 420 694 αυτὸ
451 655 572 696 τοῦτο
600 656 887 724 πεποιημένων
915 653 954 696 οἱ
979 656 1288 711 πρωτοψοίλται
1321 658 1451 714 [alias
1469 656 1678 712 κανονάρω

43 716 108 751 Ed.
119 714 146 750 1.
169 710 332 764 2975at]
363 707 603 776 ἱστάμενοι,
640 710 679 751 οἱ
706 727 777 751 και
808 694 1048 763 ὁομέστικοι
1081 713 1254 794 [nempe
1278 714 1531 782 Psaltarum]
1569 713 1678 779 λεγό·

221 779 343 832 μενοι
371 780 443 805 και
477 763 615 820 ἕτεροι
646 767 720 831 τῆς
759 767 1103 832 ἑκκλησιαστικῆς
1146 766 1300 817 τάξεως
1335 765 1453 825 ᾄδειν
1491 765 1674 837 ειδόῖες,

222 817 298 868 οὓς
331 820 404 861 ἐπι
431 821 505 887 τῆς
520 818 737 885 τοιαύτης
769 823 938 875 τελετῆς
966 820 1146 876 κράκτας
1183 811 1406 875 ὀνομιαζέιν
1444 821 1540 872 ἔθος
1564 823 1677 875 ἐστι,

222 875 329 941 μέλη
371 873 465 916 τινὰ
511 870 699 932 ᾄδουσιν.
754 878 927 932 Colligas
960 893 1007 918 ex
1038 877 1116 918 hoc
1151 879 1240 918 loco
1285 876 1384 926 τούς
1418 876 1600 934 κρὰκτας
1633 886 1674 919 et

223 927 323 979 τούς
350 919 527 983 ψάλτας
541 934 700 973 eosdem
730 933 850 973 fuisse
867 963 878 985 ‚
918 934 989 973 sed
1017 941 1192 974 mutasse
1221 936 1386 974 nomina
1420 950 1494 1000 pro
1517 935 1678 975 diversa

224 988 478 1028 functionum
526 990 681 1028 ratione
696 1019 708 1040 ,
752 984 937 1042 κράκτας
973 990 1136 1043 quidem
1169 989 1386 1044 appellatos
1420 992 1463 1030 in
1497 1004 1676 1031 ceremo-

225 1044 304 1083 niis
331 1044 533 1097 profanis,
571 1052 618 1083 ut
642 1045 684 1083 in
717 1045 1046 1084 coronationibus
1080 1046 1374 1099 Imperatorum
1391 1076 1404 1098 ‚
1455 1047 1501 1086 in
1527 1046 1645 1085 Circo
1663 1075 1677 1096 ‚

226 1099 270 1138 in
296 1099 618 1152 processionibus
656 1100 708 1140 ad
739 1100 924 1139 ecclesias
940 1130 951 1150 ‚
992 1095 1162 1151 ψάλτας
1193 1109 1328 1141 autem
1357 1103 1402 1141 in
1435 1103 1522 1155 ipsa
1548 1101 1677 1141 divini

225 1154 357 1194 cultus
383 1169 454 1208 per
483 1155 656 1209 hymnos
686 1170 819 1195 sacros
849 1156 1212 1197 administratione.
1271 1157 1482 1212 Quidquid
1505 1157 1590 1197 eius
1618 1158 1677 1195 rei

224 1211 304 1260 sit,
334 1217 489 1250 certum
519 1218 577 1250 est
607 1211 681 1251 hos
710 1206 893 1263 κράκτας
926 1211 1103 1265 populo,
1134 1227 1217 1252 non
1243 1215 1355 1252 omni
1381 1221 1509 1267 puto,
1536 1212 1606 1252 sed
1623 1211 1681 1251 faa

226 1266 428 1305 ctionibus
456 1265 508 1305 ad
538 1266 676 1306 laudes
703 1267 837 1320 Impei
839 1274 926 1306 at01
928 1281 998 1306 um
1019 1267 1209 1307 dicendas
1234 1268 1444 1308 conductis
1466 1275 1506 1308 et
1532 1268 1677 1319 doctis,

277 1323 442 1361 aeivisse
484 1322 674 1361 formulas
718 1321 886 1361 laudum
899 1351 911 1372 ‚
955 1322 1169 1387 qualibus
1189 1323 1313 1362 codex
1361 1331 1498 1364 noster
1537 1329 1677 1364 scatet.

225 1335 310 1415 gro
311 1384 446 1430 pterea
481 1376 601 1417 Anna
638 1378 844 1417 Comnena
873 1392 941 1418 eos
974 1374 1073 1425 τούς
1114 1378 1190 1430 τῆς
1224 1377 1450 1446 εὕφημάκς
1473 1374 1678 1445 προεξάρ-

224 1444 379 1483 χοντας
429 1432 605 1498 appellat
651 1449 695 1487 Ρ.
749 1433 871 1488 ι67..
931 1434 1253 1474 Κωνσταντῖνον
1316 1448 1388 1474 και
1429 1429 1591 1475 ’Ἅνναν
1633 1432 1680 1473 ἐν

225 1485 366 1526 cadrei
376 1484 636 1551 ἐξεφώνουν
664 1488 710 1528 ἐν
736 1493 822 1535 τοῖς
861 1485 1076 1542 ευφημίας
1105 1492 1269 1543 καιροῖς
1295 1485 1335 1529 οἱ
1365 1488 1441 1542 τῆς
1465 1487 1680 1542 εὐφημίας

230 1527 566 1595 προεξάρχοντες.
621 1544 676 1583 V.
701 1559 806 1597 quae
834 1544 1019 1597 deinceps
1053 1543 1184 1584 dicam
1211 1545 1263 1584 de
1290 1544 1444 1598 psaltis.
1500 1544 1556 1583 Et
1583 1557 1681 1583 sane

231 1610 392 1637 necesse
417 1605 528 1650 erat,
559 1606 606 1639 ut
638 1607 678 1639 et
699 1600 784 1652 illi,
818 1601 887 1654 qui
911 1613 1054 1638 canere
1071 1599 1210 1640 laudes
1230 1601 1526 1653 Imperatorum
1557 1599 1681 1638 debe-

229 1660 322 1692 rent
339 1683 351 1704 ,
393 1667 458 1693 eas
488 1656 599 1708 prius
630 1655 870 1695 docerentur
901 1663 940 1695 et
968 1657 1162 1695 memoria
1192 1655 1605 1709 comprehenderent,
1639 1661 1680 1694 et

229 1715 277 1747 ut
302 1708 498 1750 haberent
518 1710 790 1751 moderatores
806 1742 817 1762 ‚
842 1713 911 1764 qui
933 1719 1114 1764 tempora
1139 1712 1336 1765 cuiusque
1371 1710 1570 1751 formulae
1597 1709 1679 1749 dis-

229 1772 444 1818 pensarent
461 1796 473 1816 ‚
523 1774 563 1806 et
589 1782 692 1821 quae
728 1767 946 1807 identidem
976 1766 1151 1806 formula
1181 1765 1388 1806 recitanda
1419 1772 1521 1806 esset
1537 1794 1551 1815 ‚
1590 1779 1680 1804 eam

228 1821 434 1873 praeirent
456 1829 576 1875 atque
604 1823 655 1862 de
682 1838 729 1863 ea
755 1829 991 1872 monerent,
1026 1822 1118 1861 ideo
1144 1824 1353 1862 monitores
1398 1835 1424 1860 a
1468 1819 1683 1860 Tertullia-

231 1888 288 1914 no
329 1876 456 1916 dictos
494 1878 535 1916 in
574 1876 836 1933 Apologetico
852 1908 863 1929 ‚
915 1878 1151 1931 respiciente
1173 1876 1226 1916 ad
1256 1877 1476 1917 monitores
1502 1890 1683 1930 pagano-

232 1944 325 1970 rum
343 1962 356 1983 ‚
409 1932 602 1973 formulas
637 1934 820 1974 solennes
851 1935 895 1973 in
925 1934 1047 1972 sacris
1090 1932 1192 1983 illis,
1235 1933 1306 1986 qui
1334 1946 1448 1971 sacra
1473 1931 1681 1984 facerent,

233 1995 488 2040 praeeuntes.
546 1990 680 2029 Latini
705 1990 838 2029 medio
865 2003 966 2028 aevo
991 1989 1065 2027 hos
1093 1987 1276 2028 homines
1304 1987 1566 2028 Archiclwros
1597 2001 1685 2041 per-

235 2050 330 2095 apto
362 2044 562 2084 vocabulo
590 2044 860 2099 appellabant.
916 2044 960 2083 S.
991 2042 1186 2096 Eulogius
1217 2043 1259 2083 in
1288 2042 1533 2083 documento
1573 2057 1683 2082 mar-

235 2098 332 2150 tyrii
373 2100 479 2153 apud
515 2101 583 2139 Du
614 2101 748 2155 Gange
785 2115 828 2140 v.
869 2099 1085 2139 psalmista
1123 2098 1286 2138 videtur
1323 2099 1539 2139 discrimen
1576 2099 1684 2138 inter

236 2152 482 2206 psalmistam
505 2163 546 2195 et
583 2164 789 2196 cantorem
821 2156 974 2206 facere,
1006 2154 1072 2194 his
1098 2154 1260 2194 verbis·
1299 2154 1393 2194 Non
1414 2155 1567 2217 promit
1587 2167 1686 2192 can-

237 2216 302 2247 tot·
324 2209 506 2250 divinum
535 2226 694 2251 carmen
719 2213 762 2250 in
791 2211 973 2266 publzco,
1014 2224 1094 2249 non
1120 2224 1206 2249 vox
1236 2210 1466 2265 psalmistae
1490 2209 1608 2248 tinnit
1640 2210 1683 2248 in

238 2264 356 2302 choro
386 2273 463 2305 etc.
539 2268 629 2307 Non
654 2275 789 2306 tamen
812 2266 914 2305 bene
939 2266 1035 2305 novi
1052 2265 1250 2304 rationem
1274 2265 1531 2304 discriminis.
1559 2263 1685 2303 Forte

238 2325 380 2358 cantor
405 2329 515 2361 extra
537 2324 744 2362 ecclesiam
776 2322 957 2376 praeibat
987 2319 1138 2374 populo
1165 2328 1236 2360 aut
1270 2321 1395 2360 choro
1421 2332 1587 2360 suorum
1618 2318 1682 2357 di·

241 2373 487 2425 scipulorum
531 2377 704 2443 hymnos
742 2391 874 2418 sacros
890 2407 903 2428 ‚
945 2376 1055 2431 quod
1095 2376 1202 2415 idem
1241 2375 1445 2432 psalmista
1476 2373 1553 2414 sub
1597 2373 1685 2428 ipso

241 2428 343 2467 sacri
374 2431 493 2470 officii
522 2435 708 2474 exercitio
732 2434 776 2473 in
802 2432 967 2472 ecclesia
992 2432 1154 2470 faceret.

353 2483 394 2523 8
415 2485 555 2526 A.1o.
589 2489 682 2554 [12,
712 2487 803 2543 2o.]
849 2484 888 2527 οἱ
922 2481 1231 2540 βεστιοπράται.
1286 2487 1348 2526 Μ.
1377 2482 1421 2525 οῗ
1447 2497 1492 2524 τε
1523 2484 1686 2535 βεστιοὸ

243 2533 414 2603 πράται.
467 2542 570 2582 Sunt
601 2540 640 2583 οἶ
661 2540 954 2597 βεστιοπράται
985 2551 1215 2581 mercatores
1236 2543 1442 2592 vestiarii,
1471 2546 1518 2579 ut
1545 2537 1678 2603 039yv·

241 2606 453 2646 ροπραται
478 2609 709 2639 mercatores
750 2600 904 2652 argenti
917 2629 928 2649 ‚
970 2597 1014 2637 id
1055 2604 1115 2637 est
1153 2597 1396 2648 collybistae,
1438 2595 1673 2650 trapezitae,

226 2651 522 2701 fimet-atores,
572 2653 622 2692 de
637 2669 717 2707 qua
734 2654 1020 2708 significatione
1039 2667 1081 2692 v.
1107 2653 1175 2691 Du
1206 2652 1340 2706 Gange
1367 2650 1500 2691 Gloss.
1532 2650 1608 2688 Gr.
1630 2648 1678 2686 h.

243 2712 363 2800 {⁵131
393 2705 445 2744 ad
480 2721 521 2761 p.
560 2722 623 2747 ιι.
658 2710 706 2748 C.
736 2725 774 2763 7.
837 2709 1069 2763 Argentan'i
1105 2707 1237 2746 medio
1271 2721 1371 2747 aevo
1410 2706 1564 2744 Latinis
1605 2717 1683 2742 au-

275 2775 310 2800 ιε
364 2769 424 2802 nt.
