1884 3132
304 192 419 250 356
574 209 1035 251 10.1AC.REISK11
1085 209 1476 253 COMMENTARII·

305 314 401 352 dum
428 313 690 366 Scythicum,
734 311 976 361 Gothicum,
1019 311 1282 363 Barangicum
1311 311 1376 351 vel
1403 311 1438 349 F
1440 325 1642 352 rancieum
1669 328 1738 355 ve-

303 368 756 420 stiti,produce1entui
784 366 872 405 illos
899 366 1015 405 ludos
1051 373 1288 405 exercentes.
1347 367 1488 419 Neque
1515 359 1646 407 Nostii
1671 384 1736 421 so.-¹

303 423 385 461 lum
418 423 669 462 Constantini
697 421 944 474 temporibus
963 427 1032 459 aut
1061 428 1187 459 aetate
1215 421 1347 459 Calini
1376 429 1415 459 et
1444 422 1633 475 Vopisci,
1654 438 1737 464 non

305 479 540 527 Iustiniani,
570 477 636 515 sed
667 477 786 515 etiam
817 477 960 515 Codini
978 505 989 524 ,
1034 477 1243 539 postremis
1272 477 1425 528 imperii
1456 477 1606 516 Cl'tani
1634 485 1738 517 tem-

301 533 467 585 poribus
495 531 778 571 exercebantur
804 530 860 569 illi
890 530 999 580 ludi,
1046 532 1127 569 imo
1158 531 1288 570 adhue
1315 531 1434 570 hodie
1462 532 1504 570 in
1531 531 1739 585 plebecula

301 591 499 638 nostrate,
541 587 732 626 Saxonica
762 593 894 636 celte,
936 586 1119 638 quamvis
1147 587 1278 624 minus
1311 586 1517 639 frequente
1558 589 1600 625 in
1627 602 1703 626 usu
1724 618 1737 639 ,

300 645 386 682 noti
413 651 548 682 tamen
575 650 682 681 sunt.
741 642 917 679 Codinus
947 640 1034 679 illos
1063 640 1182 680 Offic.
1212 655 1253 693 p.
1272 655 1337 694 90·
1356 655 1396 680 n.
1421 655 1484 680 12.
1516 642 1558 679 in
1587 641 1739 683 deseri-.-

300 700 442 751 ptione
481 697 730 736 hilaiitatum
771 696 885 734 aulae
930 697 1170 760 Byzantinae
1212 710 1284 748 per
1321 695 1468 735 festum
1508 696 1740 737 Nativitatis

300 754 448 791 Christi
477 754 532 792 sic
561 759 748 790 enarrat·
782 747 923 790 ἔπειτα
947 748 1142 802 ὲοχονται
1171 751 1368 798 (assidenti
1389 751 1440 789 ad
1459 765 1637 790 mensam
1654 753 1735 792 Im-

298 808 471 861 pelatori
500 815 708 860 postquam
735 820 875 859 plocei
877 820 916 844 es
944 820 1108 855 omnes,
1161 806 1394 856 demarchi,
1447 806 1626 846 eonsules
1655 808 1736 848 Ve-

300 871 442 913 uetus,
472 863 667 910 Pisanus,
700 862 977 900 Anconitanus
1004 860 1149 899 festum
1178 861 1284 899 diem
1319 859 1506 927 gratulati
1520 862 1732 926 ‘'tfuelunt,

300 921 468 957 veniunt
496 918 657 956 tandem
683 921 860 982 quoque)
888 913 960 954 καί
967 917 1156 970 πολυχρ
1136 913 1368 964 οονιζουσιν
1397 930 1466 955 και
1494 913 1533 955 οἱ
1562 914 1735 969 Βάραγψ

297 986 366 1024 γοι
394 969 501 1011 κατὰ
530 969 604 1024 τὴν
634 969 807 1022 πάτριον
836 985 904 1009 και
936 963 1054 1008 οὗτοι
1080 970 1272 1032 γλῶσσαν
1301 968 1440 1009 αὐτῶν
1463 1001 1476 1035 ἶ
1515 963 1644 1033 ἤγουν
1662 971 1737 1024 ’Iy-

298 1025 437 1066 κλιστί
457 1057 468 1077 ,
499 1025 570 1065 καί
597 1023 672 1072 τὰς
701 1026 881 1071 πελέκεις
914 1023 1051 1063 αὐτων
1076 1020 1371 1077 συγκρούοντες
1398 1021 1547 1064 κτύπον
1585 1019 1733 1072 cinere-f

298 1082 494 1131 λοῦνται,
531 1091 568 1120 et
610 1082 747 1119 multos
787 1095 822 1118 ει
861 1094 983 1118 annos
1015 1089 1228 1133 precantur
1257 1079 1467 1132 Barangi,
1499 1082 1637 1134 patria
1662 1095 1732 1120 sua

298 1138 457 1189 lmgua,
502 1151 637 1191 nempe
672 1136 817 1187 Angla
818 1149 921 1182 ana
959 1148 1218 1189 eoneusszsqzoe
1245 1136 1412 1173 znvicem
1438 1136 1630 1174 securibus
1657 1138 1742 1175 sm's'

297 1194 494 1255 strepitum
510 1192 642 1229 edunt.
674 1190 913 1229 Adscribam
945 1203 1104 1242 quoque
1131 1188 1239 1256 quod
1266 1191 1473 1252 sequitur:
1504 1187 1613 1240 μετὰ
1633 1190 1734 1242 γοῦν

295 1243 344 1286 τὸ
383 1244 542 1292 πάντας
585 1245 658 1284 τοῦ
695 1243 925 1283 παλὶατίου
963 1242 1264 1307 πολυχρονίσαι
1298 1259 1402 1283 κατα
1425 1240 1540 1292 τάξιν
1568 1259 1732 1296 αυτων,

294 1300 423 1364 μέχρι
449 1314 518 1339 και
550 1300 633 1339 τῶν
661 1297 1003 1364 Βαοὸαριωτῶν,
1040 1294 1142 1337 κατὰ
1174 1294 1250 1364 τήν
1277 1295 1450 1362 πάτριον
1476 1296 1549 1338 καί
1572 1297 1731 1339 τούτων

294 1351 467 1421 φωνὴν,
496 1368 586 1407 ητοι
604 1353 835 1418 Περσιστι,
864 1351 1138 1419 εἰσέρχονται
1151 1350 1225 1391 καί
1251 1350 1289 1392 οἱ
1318 1351 1475 1404 ψάλται
1498 1352 1572 1392 καί
1599 1355 1728 1392 πολυ-

289 1408 562 1474 χρονιζουσει,
601 1406 831 1472 ψάλλοντες
865 1407 951 1457 μετ’
959 1403 1064 1446 αὐτὸ
1095 1404 1142 1446 τὸ
1174 1406 1425 1447 κοντάκιον·
1469 1405 1495 1460 ἦ
1524 1400 1733 1461 παρθένος

295 1459 478 1515 σήμερον
506 1459 754 1515 υπερούσιον
781 1463 922 1502 τίκτει.
977 1463 1146 1516 Egregie
1174 1461 1273 1501 haee
1311 1463 1521 1516 descriptio
1548 1465 1731 1517 congruit

295 1533 389 1556 eum
418 1519 683 1571 descriptione
713 1518 843 1557 Nostii
874 1518 1151 1565 Constantini,
1199 1525 1268 1556 aut
1307 1519 1436 1570 potius
1463 1519 1727 1571 antiquioris,

294 1588 317 1612 e
343 1588 424 1626 quo
452 1574 520 1612 ille
549 1573 750 1612 transtulit
767 1603 777 1622 ‚
807 1574 1002 1622 auctoris,
1048 1573 1150 1611 forte
1178 1572 1288 1611 Petri
1320 1573 1502 1626 Magistri
1531 1581 1600 1612 aut
1627 1572 1728 1614 alius

295 1628 471 1682 aequalis
498 1628 576 1667 illis
605 1628 872 1680 temporibus,
904 1628 1048 1680 quibus
1069 1627 1192 1666 Gothi
1221 1628 1351 1666 adhuc
1379 1629 1420 1666 in
1448 1627 1623 1680 palatina
1650 1630 1726 1667 mi-

292 1683 379 1723 litia
405 1684 625 1722 merebant.
687 1684 786 1721 Nam
825 1697 847 1720 a
891 1683 1098 1720 Iustiniani
1126 1683 1209 1721 fere
1236 1683 1482 1735 temporibus
1506 1683 1622 1722 desiit
1647 1682 1725 1723 hoc

291 1752 439 1776 nomen
467 1739 598 1777 audiri
637 1745 677 1776 et
722 1745 993 1777 successerunt
1020 1739 1060 1777 in
1092 1752 1229 1776 eorum
1272 1737 1405 1776 locum
1441 1738 1484 1775 in
1513 1738 1724 1790 Hetaeria,

289 1807 359 1832 seu
391 1793 532 1832 militia
558 1793 732 1846 palatina
760 1808 782 1832 e
809 1793 1038 1831 nationibus
1063 1792 1282 1845 peregrinis
1317 1791 1507 1839 conflata,
1554 1769 1726 1846 Barangi

290 1863 359 1886 seu
390 1849 560 1899 Franci,
586 1849 797 1897 Saraceni,
827 1848 1023 1900 Fargani,
1056 1847 1222 1885 Chazari
1249 1854 1287 1884 et
1316 1846 1398 1886 alii.
1454 1846 1575 1885 Gothi
1605 1847 1724 1902 igitur

290 1902 348 1940 illi
377 1910 447 1941 aut
475 1903 632 1953 Graeci,
663 1903 713 1942 ad
742 1903 957 1941 Gothicum
985 1902 1148 1941 modum
1162 1901 1308 1951 vestiti,
1337 1901 1551 1940 veniebant
1579 1902 1621 1940 in
1649 1916 1724 1941 au-

288 1956 370 1995 lam
409 1964 448 1996 et
475 1933 632 1996 ludielo⁷
657 1957 727 1996 illo
755 1957 895 1996 habitu
935 1963 1005 1994 aut
1039 1957 1169 2007 potius
1203 1955 1386 1994 horribili
1419 1956 1723 2008 gratulabantur

290 2012 525 2065 Imperatori
561 2013 668 2051 diem
707 2013 851 2050 festum
870 2039 882 2059 ,
936 2010 987 2047 ab
1027 2024 1153 2062 eoque
1190 2010 1471 2049 munusculum
1502 2011 1722 2064 exigebant.

287 2066 417 2105 Erant
443 2080 536 2120 ergo
569 2066 608 2104 in
629 2066 816 2104 horiifieo
851 2071 1043 2117 apparatu
1064 2079 1158 2103 veie
1183 2065 1365 2114 Gothici,
1401 2065 1477 2104 hoc
1507 2073 1567 2105 est
1604 2081 1720 2105 mon-

287 2123 403 2160 strosi
438 2129 478 2160 et
505 2121 670 2159 absurdi
704 2120 916 2158 h1st110nes
944 2126 1066 2174 atque
1096 2126 1271 2172 agyrtae
1329 2120 1439 2170 Quid
1461 2135 1534 2160 nos
1562 2121 1680 2160 hodie
1700 2125 1721 2160 ’.Ρ

284 2175 467 2215 Eandem
491 2175 667 2214 fabulam
690 2173 878 2212 ludimus.
936 2174 1016 2223 Qui
1047 2180 1143 2211 tunc
1180 2176 1368 2226 tempoiis
1400 2175 1558 2214 Gothici
1582 2175 1719 2214 audie-

284 2230 414 2280 bant,
452 2231 572 2270 hodie
601 2230 771 2268 audiunt
805 2228 913 2280 apud
947 2235 1059 2266 nosti
1062 2236 1142 2266 ates
1172 2228 1238 2266 die
1266 2230 1418 2268 Kneclzt
1448 2231 1612 2284 Ruperte
1649 2244 1719 2269 seu

285 2295 428 2339 eqzates
462 2285 527 2325 vel
563 2286 704 2322 milites
738 2284 910 2321 Roherci.
969 2283 1029 2321 Ut
1063 2284 1167 2321 euim
1199 2282 1286 2333 illi,
1310 2298 1379 2322 seu
1412 2284 1534 2323 Gothi
1565 2297 1635 2323 seu
1665 2285 1719 2323 ad

285 2340 451 2379 modum
470 2339 687 2378 Gothicum
707 2339 866 2388 vestiti,
888 2337 929 2375 id
953 2345 1010 2376 est
1030 2337 1201 2389 pellibus
1222 2337 1394 2390 lupinis,
1420 2353 1470 2376 ιιι
1472 2353 1589 2385 smls
1609 2339 1717 2391 apri-⁴

286 2396 349 2433 nis
367 2424 379 2444 ,
420 2394 614 2443 cervinis,
661 2393 777 2431 hirtis
805 2399 844 2430 et
872 2394 1010 2431 setosis
1039 2392 1198 2438 induti,
1228 2408 1310 2431 non
1338 2394 1380 2431 in
1411 2393 1502 2431 aula
1524 2399 1716 2445 tantum,

284 2449 352 2486 sed
371 2451 490 2487 etiam
515 2451 556 2486 in
578 2448 678 2486 urbe
697 2447 1093 2486 circumcursitabant
1110 2476 1121 2496 ,
1142 2447 1389 2497 clamabant,
1417 2446 1715 2499 tripudiabant,

284 2502 423 2541 obvios
441 2503 644 2542 terrebant
669 2504 792 2541 armis
814 2501 983 2551 collisis,
1027 2502 1247 2554 tetricoque
1275 2516 1347 2540 suo
1380 2509 1539 2554 aspectu
1577 2503 1719 2554 stipem

284 2558 514 2608 exigebant,
548 2572 628 2596 non
651 2558 789 2596 dantes
825 2555 986 2609 flagellis
1018 2557 1255 2605 caedebant,
1285 2556 1412 2594 saltim
1441 2557 1628 2595 conviciis
1656 2556 1715 2596 la-

283 2611 500 2650 cerabant:
531 2613 586 2650 ita
606 2613 824 2650 hodienum
855 2625 1012 2664 quoque
1035 2612 1089 2650 sic
1110 2611 1203 2649 dieti
1224 2610 1366 2648 milites
1392 2610 1556 2648 Roherti
1579 2613 1714 2651 omnia

283 2663 420 2702 eadem
454 2666 602 2705 faciunt
630 2667 728 2704 sesto
757 2666 979 2705 Nativitatis
1021 2665 1116 2704 Chi
1107 2673 1167 2703 isti
1197 2672 1236 2702 et
1274 2671 1356 2702 toto
1383 2664 1710 2705 Dodecahemero

279 2719 335 2766 (ιη
361 2719 437 2757 den
464 2722 598 2771 Ζινὸψ
615 2721 803 2769 ΝὲἰιΙιίθη)
833 2734 901 2759 seu
928 2720 1137 2758 duodecim
1169 2718 1243 2756 illis
1271 2718 1408 2756 diebus
1427 2747 1438 2767 ,
1468 2721 1535 2771 qui
1563 2734 1586 2758 a
1613 2720 1712 2758 festo

279 2771 443 2813 Nativit.
476 2773 623 2813 Christi
649 2775 699 2812 ad
719 2775 863 2813 festum
891 2788 1016 2827 usquc
1034 2772 1277 2826 Epiphanias
1299 2773 1562 2813 intercedunt.
1616 2774 1712 2814 Vidi
