1884 3132
298 100 410 173 390
576 115 649 155 10.
692 113 796 155 lAC.
838 114 1032 154 musxu
1071 113 1448 155 COMMENTARH

299 222 403 262 ridet
434 221 695 271 Imperatores
724 220 899 257 Graecos
927 218 980 256 ob
1007 217 1172 258 titulum
1198 219 1351 256 memini
1373 226 1500 258 vestro
1516 246 1528 268 ‚
1550 219 1740 272 perenni-

300 278 373 316 tati
395 283 544 314 vestrae
573 281 614 313 et
641 274 798 320 similia,
831 288 872 327 p.
903 285 996 312 202.
1019 272 1107 326 6.]*
1161 273 1244 311 Iam
1275 281 1392 312 antea
1436 273 1540 312 irrisi
1577 272 1742 312 fuerunt

303 339 344 373 et
371 329 599 383 reprehensi
627 328 681 367 ob
708 328 812 367 hanc
854 327 1062 367 stultitiam
1104 329 1245 366 Graeci
1274 329 1315 367 in
1346 327 1438 367 aula
1469 327 1620 368 Attilae
1641 358 1652 377 ,
1695 333 1744 366 ut

301 393 439 425 narrat
478 385 638 423 Priscus
669 384 820 422 Rhetor
852 385 890 421 in
909 384 1093 436 Excerpt.
1121 384 1257 436 Legat.
1286 382 1498 422 Hoeschel.
1527 397 1618 435 pag.
1650 382 1741 422 36.:

303 439 327 480 ὅ
355 441 511 492 Βίγλας
538 435 637 491 ἔφη,
670 436 727 484 ὥς
757 438 830 477 οὐκ
858 436 923 489 εἴη
966 435 1063 477 θεὸν
1091 437 1162 476 καί
1203 431 1425 489 ἄνθρωπον
1469 437 1610 476 δίκαια
1646 449 1744 486 συγ-

303 493 478 549 κρίνειν,
510 487 733 547 ἄνθρωπον
774 492 852 543 μὲν
879 490 953 532 τόν
992 487 1205 543 Ἀττίλαν,
1244 491 1349 532 θεὸν
1390 492 1438 532 δὲ
1478 489 1552 531 τὸν
1592 487 1744 531 Θεοδό-

305 564 396 592 σιον
425 549 566 601 λέγων.

416 606 469 644 D.
495 619 534 642 2.
557 601 673 659 [396,
696 603 752 657 6.]
780 599 1068 648 κοινωνούσας.
1125 601 1230 640 Hinc
1269 610 1380 656 patet
1415 601 1580 642 orientis
1608 609 1648 641 et
1674 615 1746 640 oc-

307 661 473 701 cidentis
494 660 754 711 Imperatores
777 658 1034 712 collegialiter
1053 672 1176 696 unum
1201 658 1413 711 imperium
1442 658 1578 697 divisis
1594 663 1752 695 tantum

307 717 467 756 sedibus
514 715 837 764 administrasse,
883 714 1059 766 adeoque
1099 712 1332 765 figmentum
1374 727 1479 762 esse,
1509 726 1590 766 quo
1626 711 1752 760 fertur

307 771 557 811 Theodosius
584 772 638 808 ita
661 784 827 823 regnum
858 770 1026 821 partitus
1052 768 1174 806 fuisse
1207 768 1310 807 inter
1339 769 1464 814 filios,
1496 775 1542 807 ut
1572 767 1748 806 orienta-

308 825 373 865 les
397 827 660 878 Imperatores
683 839 801 863 omne
828 826 888 863 ius
917 825 955 862 in
980 823 1226 861 occidentem
1262 825 1491 863 amitterent
1511 839 1521 873 3
1552 829 1641 875 post
1663 818 1752 860 Auss-

310 880 530 935 gustulum,
546 879 732 919 ultimum
763 881 803 918 in
826 878 1028 918 occidente
1049 879 1333 930 Imperatorem
1350 908 1361 928 ‚
1392 878 1562 918 evasisse
1583 877 1753 916 Romam

310 938 353 975 in
384 935 634 984 libertatem,
664 943 709 974 ut
743 935 918 988 potuerit
957 933 1032 972 sibi
1071 934 1355 985 Imperatorem
1393 947 1439 972 ex
1477 933 1643 972 arbitrio
1678 943 1751 969 suo

309 990 444 1045 legere
462 1020 473 1040 ,
499 991 780 1043 Romanosque
802 989 990 1042 proinde,
1022 995 1068 1025 ut
1093 987 1288 1041 populum
1316 989 1376 1027 sui
1406 988 1528 1039 iuris,
1557 985 1751 1025 Carolum

312 1046 373 1084 M.
401 1045 550 1097 legisse.
606 1045 721 1095 Quae
747 1059 854 1083 mera
877 1050 1099 1081 commenta
1126 1050 1234 1080 sunt.

422 1101 476 1138 D.
497 1114 536 1153 7.
560 1098 679 1152 [396‚
702 1097 762 1152 9.]
799 1097 957 1138 Θευὸᾶ.
1016 1098 1078 1136 De
1116 1097 1311 1144 Theuda,
1337 1110 1430 1148 rege
1444 1096 1671 1134 Gothorum
1713 1095 1756 1133 in

314 1155 527 1209 Hispania,
550 1154 616 1193 hic
645 1156 713 1206 qui
736 1154 960 1206 cogitarunt
977 1183 987 1199 ,
1019 1152 1107 1192 salsi
1131 1152 1294 1191 fuerunt
1317 1159 1355 1190 et
1372 1150 1598 1190 fefellerunt
1625 1153 1758 1204 ipsum

313 1224 392 1249 me.
453 1209 570 1248 Conf.
603 1209 726 1262 praef.
754 1216 890 1247 nostra
929 1223 969 1261 p.
1005 1208 1079 1246 IV.
1102 1207 1359 1246 Theodatum
1383 1206 1564 1259 designat
1583 1207 1753 1253 Petrus,

315 1265 383 1317 qui
404 1263 656 1314 Athalarico,
685 1265 767 1317 regi
798 1263 1025 1302 Gothorum
1044 1264 1085 1300 in
1110 1261 1250 1312 ltalia,
1282 1263 1469 1300 successit
1489 1268 1528 1300 et
1557 1262 1642 1300 eius
1668 1274 1755 1298 ma-

314 1327 418 1359 trem
441 1318 771 1359 Amalasuntham
801 1318 975 1358 sustulit.
1035 1318 1115 1368 Qui
1137 1325 1268 1356 autem
1283 1317 1404 1355 Petro
1426 1316 1548 1355 Liber·
1575 1323 1654 1363 est,
1690 1314 1759 1354 ille

316 1375 518 1427 Procopio
548 1381 606 1412 est
637 1375 814 1412 Liberam
835 1403 845 1420 ,
883 1373 933 1412 de
957 1373 1031 1411 hac
1055 1372 1252 1425 legatione
1271 1374 1325 1410 sic
1347 1371 1527 1410 narranti
1551 1371 1598 1409 L.
1620 1371 1652 1409 l.
1672 1370 1758 1409 Go-

318 1430 465 1468 thicor.
488 1444 528 1482 p.
574 1442 658 1482 ¹7¹·
691 1443 729 1468 2.
789 1428 1047 1473 Theodatus,
1085 1428 1170 1477 ait,
1208 1427 1327 1476 ideo,
1358 1425 1467 1479 quod
1513 1425 1758 1465 Amalasun-

315 1484 429 1523 tham
460 1486 502 1523 in
531 1484 663 1523 lacum
693 1483 906 1522 Volsinum
933 1483 1131 1535 deportari
1176 1489 1411 1529 curaverat,
1464 1488 1644 1519 metuens
1696 1475 1758 1531 μὴ

314 1540 488 1606 βασιλεῖ
509 1536 626 1590 ἡμῶν
656 1537 725 1577 ἀπ’
752 1533 884 1589 αὐτῆς
911 1533 1249 1589 προσκεκρουκώς
1279 1532 1342 1589 εἴη
1359 1566 1370 1587 ,
1415 1529 1575 1587 ἄνδρας
1614 1535 1660 1575 ἐκ
1687 1534 1763 1586 τῆς

321 1594 534 1644 Ρωμαίων
562 1593 718 1644 βουλῆς
747 1589 951 1644 Λιβέριόν
978 1606 1022 1630 τε
1055 1591 1126 1630 καί
1166 1589 1348 1630 Ὀηίλιον
1382 1590 1548 1635 στείλας
1576 1586 1652 1636 §niv
1678 1584 1764 1628 ἐτέ-

321 1662 411 1698 ροις
449 1645 537 1687 τισί
578 1648 880 1700 παραιτεῖσθαι
918 1645 1025 1700 πάσῃ
1067 1642 1241 1696 δυνάμει
1268 1642 1488 1695 βασίλειαν
1528 1639 1764 1695 ἐπήγγειλεν

321 1701 664 1753 ἰσχυριζομένους
699 1702 833 1754 μηδὲν
875 1698 976 1753 πρὸς
1018 1699 1148 1740 αὐτοῦ
1189 1695 1323 1752 ἄχαρι
1351 1700 1403 1753 τῇ
1436 1696 1764 1751 Ἀμαλασούνθῃ

321 1757 560 1808 ξυμβῆναι,
581 1757 729 1809 καίπερ
763 1753 893 1795 αὐτὸν
922 1754 1125 1808 ἀνήκεστα
1155 1751 1267 1794 δεινά
1301 1752 1551 1807 εἰργασμένη
1579 1748 1626 1790 τὸ
1656 1749 1761 1804 πρό-

321 1825 448 1863 τερον.
503 1811 633 1851 Paulo
671 1819 759 1864 post
792 1812 903 1850 addit
946 1812 1195 1863 Procopius,
1229 1810 1378 1863 legatos
1410 1808 1484 1847 hos
1512 1806 1639 1846 CPlin
1674 1813 1764 1846 ten-

98 1869 163 1903 Issst.
185 1868 221 1901 l..
254 1869 315 1902 123
327 1866 464 1905 dentes
496 1867 534 1905 in
571 1869 636 1905 via
665 1867 772 1919 apud
805 1865 1025 1916 Aulonam,
1054 1866 1167 1918 Epiri
1199 1865 1418 1918 oppidum,
1449 1862 1659 1902 offendisse
1687 1862 1768 1900 Pe-

324 1928 436 1963 trum
465 1923 703 1974 Magistrum
732 1936 753 1960 a
771 1923 992 1960 Iustiniano
1011 1923 1053 1960 in
1071 1920 1227 1959 Italiam
1255 1921 1420 1958 missum
1435 1948 1446 1969 ‚
1476 1925 1523 1956 ut
1544 1932 1636 1956 cum
1656 1916 1767 1955 The-

326 1976 446 2020 odato
478 1979 628 2028 pariter
656 1983 775 2029 atque
796 1975 1088 2015 Amalasuntha
1105 1974 1413 2014 consultationes
1431 1973 1611 2026 agitaret.
1644 1970 1768 2011 Unde

326 2037 435 2083 patet
463 2031 566 2069 hanc
606 2031 843 2084 legationem
872 2033 912 2069 in
954 2045 1104 2069 annum
1149 2030 1290 2068 lustin.
1320 2029 1420 2070 Vll.
1458 2034 1665 2067 exeuntem
1699 2032 1770 2065 aut

326 2086 442 2125 VIII.
471 2087 750 2138 incipientem,
780 2086 821 2123 id
851 2093 907 2124 est
938 2085 1084 2124 Christi
1114 2083 1207 2135 554.
1237 2091 1307 2122 aut
1339 2083 1432 2123 535.
1463 2082 1662 2122 incidisse.

313 2144 320 2148 ’
412 2141 504 2178 251.
524 2140 578 2178 A.
601 2141 786 2195 Inscrz‘pt.
806 2155 896 2194 cap.
911 2138 980 2178 88.
1002 2155 1062 2178 vs·
1082 2140 1122 2178 3.
1160 2138 1279 2193 [396,
1320 2137 1405 2191 16.]
1435 2138 1615 2188 βεβαιοῖ.
1668 2133 1768 2174 Vid-

329 2195 428 2248 quid
457 2194 534 2233 hoe
563 2194 614 2233 de
643 2194 730 2233 loco
758 2196 1008 2234 coniecturae
1039 2194 1091 2232 ad
1118 2208 1158 2246 p.
1181 2193 1276 2232 228.
1293 2193 1338 2231 C.
1362 2193 1403 2233 8.
1424 2191 1714 2246 proposuerim.

439 2250 486 2287 C.
518 2263 551 2286 ι.
575 2249 692 2303 [397,
721 2249 801 2305 10.]
830 2250 994 2300 γνῶσιν.
1049 2248 1171 2298 Quod
1197 2248 1321 2287 Gallis
1363 2247 1483 2287 hodie
1521 2253 1580 2286 est
1616 2246 1766 2292 notice,

330 2304 370 2342 id
401 2311 460 2343 est
503 2305 665 2343 Graecis
693 2305 863 2355 γνῶσις,
911 2303 1116 2342 indiculus.
1175 2303 1253 2342 Sed
1293 2311 1378 2342 erat
1418 2314 1578 2355 quoque
1613 2300 1769 2338 Latinis

330 2358 494 2398 illorum
522 2367 746 2412 temporum
775 2361 816 2397 in
845 2373 920 2397 usu
948 2358 1024 2397 hoc
1053 2372 1184 2396 sensu.
1213 2358 1366 2398 Notitia
1392 2357 1550 2411 imperii
1575 2355 1672 2392 satis
1689 2367 1767 2391 no-

331 2419 400 2461 ta3
429 2415 522 2452 item
551 2416 689 2452 notitia
717 2416 946 2452 scriniorum
965 2442 978 2463 ‚
1019 2414 1159 2451 notitia
1185 2420 1297 2452 taxae
1326 2428 1349 2451 a
1376 2408 1669 2464 magistratibus
1696 2407 1768 2446 de·

334 2465 440 2506 bitae
469 2483 541 2520 pro
571 2468 761 2507 codicillis
778 2498 788 2518 ‚
818 2476 857 2507 et
884 2468 961 2506 alia
988 2468 1083 2505 talia
1113 2467 1342 2520 frequenter
1377 2470 1595 2505 occurrunt
1631 2463 1672 2500 in
1701 2476 1769 2501 eo-

335 2521 423 2559 dice
460 2524 772 2573 Theodosian03
803 2524 885 2561 vid.
917 2522 1088 2560 Guther.
1119 2537 1210 2574 pag.
1233 2522 1328 2561 565.
1386 2519 1507 2572 Apud
1533 2517 1769 2556 Fabricium

336 2575 527 2614 Biblioth.
574 2579 749 2616 Graecae
780 2578 875 2616 Vol.
909 2579 1003 2615 XII.
1038 2577 1242 2615 habetur:
1296 2575 1444 2625 γνῶσις
1483 2571 1633 2611 τι’τλων
1678 2575 1772 2618 ταῖς

337 2623 531 2668 ἑκάστοτε
565 2637 733 2681 νεαραῖς
755 2626 1053 2671 Ἰουστινιανοῦ
1091 2627 1424 2682 ἐπιγραφέντων,
1458 2627 1583 2665 index
1633 2627 1768 2665 titulo-

337 2697 424 2721 rum
463 2685 675 2724 qutim'cmi
715 2688 879 2725 novellis
914 2687 1204 2739 praefixorum.
1261 2684 1428 2736 Gregor.
1473 2683 1611 2735 Magn.
1637 2681 1765 2734 Epist·
