1884 3132
315 132 430 198 640
606 146 679 189 ιο.
720 147 825 189 me.
864 149 1056 191 Rmsxn
1098 148 1473 195 COMMENTAnn

320 251 454 292 Latini
496 248 654 290 electum
695 251 833 291 dicunt
847 282 859 302 ,
897 253 938 292 id
966 261 1024 293 est
1060 254 1254 309 suffragiis
1293 263 1332 296 et
1359 269 1428 310 spe
1455 258 1608 297 muneri
1636 258 1756 299 alicui

320 320 433 347 sacro
474 305 631 345 civilive
654 337 666 358 ,
697 307 776 347 sedv
792 322 904 347 sacro
930 311 1167 363 praecipue,
1205 311 1422 351 destinatus
1443 341 1456 362 ,
1483 313 1662 352 nondum
1689 321 1754 352 ta-

320 377 416 402 men
448 361 671 412 ordinatus,
701 364 950 402 renuntiatus
979 374 1049 403 aut
1075 367 1299 417 investitus,
1329 365 1411 416 ille,
1441 367 1491 405 ad
1519 381 1640 420 quem
1664 381 1755 421 per-

319 421 422 456 tinet
449 414 474 470 ἡ
502 413 766 470 ’ὖποψήφισις
791 418 855 457 vel
885 415 930 457 τὸ
961 416 1260 473 ὑπεψηφίσθαι
1282 451 1293 472 ,
1324 421 1447 461 altera
1473 421 1754 471 denominatio,

321 473 447 528 priori
485 469 661 510 subiecta
699 480 738 511 et
776 472 980 513 submissa.
1053 474 1298 515 Clericorum
1340 477 1444 516 enim
1488 476 1759 516 denominatio

320 529 481 582 ψῆφος,
512 528 754 580 suff-agium,
783 528 1012 581 simpliciter
1044 530 1214 582 dicitur,
1243 539 1283 570 ct
1310 526 1586 584 ψηφίζεσθαι,
1601 541 1756 579 votare,

312 592 371 626 Διιῒ
397 586 453 623 sic
481 583 624 629 dicam,
655 582 843 622 dicuntur
860 584 1004 635 clerici,
1035 586 1194 638 quando
1223 587 1452 625 candidatos
1471 593 1551 626 tres
1579 586 1760 627 denomi-

324 646 426 679 nant
468 646 508 678 et
543 646 771 692 proponunt
815 640 1069 692 Imperatoris
1108 641 1276 680 delectui
1316 641 1426 680 velut
1452 640 1606 681 habiles
1631 649 1672 681 et
1697 642 1759 680 di·-

327 709 442 748 gnos.
485 695 706 747 Imperator
730 700 863 733 autem
891 695 1038 733 dicitur
1065 691 1427 750 ὖποψηφιζεσθαι,
1455 696 1658 735 subvolare
1677 726 1689 747 ,
1718 697 1761 735 id

325 757 387 789 est
405 758 656 804 postvotare‚
684 749 845 802 quando
872 764 999 789 unum
1028 749 1200 803 aliquem
1229 765 1252 790 a
1279 751 1385 790 clero
1413 751 1760 790 denominatorum

324 813 399 844 aut
426 805 549 843 alium
579 804 750 856 aliquem
778 806 860 857 ipse
897 805 1127 844 denominat
1156 813 1194 844 et
1232 807 1408 845 ordinari
1436 804 1575 856 iub'et3
1605 813 1644 845 et
1670 805 1762 845 talis

322 860 601 899 denominatus
632 857 875 912 ὐποψήφιος
895 890 906 910 ‚
935 860 976 898 id
1007 867 1064 898 est
1092 861 1362 909 subvotarim,
1386 862 1674 915 postvotarius,
1701 875 1762 900 se-

324 915 460 955 cundo
486 922 581 954 voto
610 913 834 966 designatus
862 915 1017 958 dicitur.
1072 915 1183 954 Usus
1196 915 1273 965 hic,
1302 929 1421 969 quem
1451 916 1544 964 dixi,
1571 915 1685 956 verbi
1712 913 1761 954 ὖ·

311 969 646 1023 ’ποψηφίζεσθαι
672 968 778 1008 clare
805 977 914 1022 patet
943 972 984 1008 in
1017 970 1093 1009 illis
1121 971 1279 1009 Ioannis
1309 971 1570 1010 Cantacuzeni
1598 985 1641 1023 p.
1663 970 1759 1023 859.

327 1026 410 1065 A.:
440 1024 661 1076 τοιγαροῦν
701 1022 905 1076 ζητήσεως
939 1025 1206 1077 προκειμένης
1247 1025 1345 1078 περὶ
1367 1022 1656 1077 πατριάρχου,
1686 1024 1762 1076 τὴν

328 1074 513 1132 ἀρχαίαν
543 1077 788 1131 ἐλευθερίαν
817 1077 1052 1130 ἆποδι’ὁ“ω,ιιι
1092 1077 1172 1131 οὔχ
1209 1077 1311 1130 ὑμῖν
1337 1079 1494 1129 μᾶλλον
1526 1075 1552 1131 ἢ
1579 1078 1635 1133 τῷ
1660 1079 1761 1134 θεῷ,

327 1127 362 1190 ᾧ
389 1129 560 1185 μελήσει
596 1131 775 1182 μάλιστα
802 1130 874 1173 τὸν
910 1134 1044 1181 καλῶς
1082 1135 1154 1186 τῆς
1195 1132 1408 1186 ἐκκλησίας
1438 1130 1763 1185 προστησόμενον

314 1184 659 1233 ,ἀποκαλύπτειν
725 1182 899 1239 ὕστερον
927 1187 972 1228 δὲ
1017 1186 1089 1228 καί
1122 1185 1245 1235 αὐτὸς
1285 1189 1358 1228 ἕνα
1396 1187 1478 1227 τῶν
1507 1187 1630 1239 τριῶν
1658 1186 1764 1226 ὑπο-

325 1243 576 1296 ψηφιοῦμαι
587 1273 599 1292 ,
629 1235 767 1295 ὥσπερ
797 1239 905 1290 ἔθος.
963 1243 1037 1283 Est
1067 1257 1160 1297 ergo
1197 1239 1276 1282 ὑπὸ
1305 1245 1348 1282 in
1374 1242 1450 1282 hac
1479 1243 1766 1295 compositione

327 1300 438 1339 idem
470 1298 578 1351 quod
604 1296 694 1345 ἐπὶ,
722 1312 863 1352 super,
901 1307 991 1354 post
1016 1298 1125 1338 aliud
1151 1298 1370 1351 quidquam
1398 1297 1652 1352 praecedens.

441 1353 496 1391 D.
521 1367 559 1392 2.
593 1352 708 1406 [565‚
737 1351 822 1406 18]
851 1351 1216 1393 ὄπισθοποὸοὗσιν.
1258 1353 1402 1392 Cessim
1421 1367 1460 1392 se
1486 1353 1687 1406 recipiunt,
1719 1358 1766 1391 ut

329 1410 388 1449 ait
414 1407 633 1446 Busbekius
660 1407 747 1446 loco
777 1407 895 1447 modo
924 1409 1084 1447 laudato
1103 1440 1112 1456 ‚
1144 1423 1196 1447 ne
1235 1410 1425 1461 posticam
1454 1407 1668 1461 praebeant
1696 1420 1765 1446 ve-

329 1463 503 1508 nerabili
522 1464 718 1502 consessui
739 1464 1008 1515 spectandam.
1040 1465 1241 1514 Quorsum
1259 1470 1392 1503 autem
1406 1470 1445 1501 et
1460 1462 1591 1515 quoad
1609 1463 1768 1501 cesserit

328 1522 458 1573 Jmp„
490 1525 599 1572 patet
626 1532 671 1557 ex
694 1533 734 1570 p.
756 1518 850 1573 567.
876 1519 921 1556 C.
953 1519 1028 1558 ult.
1057 1519 1126 1557 ubi
1148 1518 1410 1571 diciturlmp.
1434 1531 1644 1570 parumper
1656 1524 1765 1555 retro

321 1577 494 1615 >cessisse
507 1570 635 1625 μέχρι
648 1574 723 1611 τοῦ
740 1571 925 1625 ἀργυροῦ
936 1573 1066 1620 κίονος
1080 1574 1155 1613 τοῦ
1171 1570 1387 1624 κιβωρώυ.
1417 1573 1526 1626 Ergo
1544 1572 1646 1610 iutra
1665 1571 1766 1610 alta-

330 1645 380 1671 :re
408 1638 447 1670 et
487 1628 680 1668 cancellos
704 1628 890 1668 tribunae
910 1629 1166 1682 perficiebant
1199 1629 1489 1667 ordinationem
1529 1626 1764 1665 sacerdotes.

331 1689 426 1727 'Mos
442 1685 548 1724 idem
560 1684 690 1722 adhuc
708 1697 730 1722 a
745 1684 887 1723 Turcis
903 1686 1152 1733 observatur,
1173 1683 1415 1722 Graecorum
1429 1680 1604 1734 exemplo
1622 1681 1766 1731 doctis,

332 1755 387 1781 ne
414 1740 676 1788 honoratiori,
704 1746 773 1778 aut
799 1741 861 1778 cui
890 1740 978 1793 quis
1005 1739 1198 1778 honorem
1216 1737 1362 1777 habere
1388 1736 1499 1787 velit,
1517 1743 1673 1789 tergum
1691 1736 1766 1774 ob-

334 1803 493 1844 vertat,
531 1794 599 1833 sed
642 1801 749 1832 retro
789 1794 829 1833 in
869 1796 1034 1848 vestigia
1060 1808 1131 1832 sua
1159 1793 1273 1834 vultu
1299 1794 1484 1831 irretorto
1513 1797 1589 1830 eat.
1657 1791 1768 1829 Idem

323 1850 559 1892 .]3usbekius
589 1847 668 1887 alio
699 1848 785 1887 loco
818 1863 859 1902 p.
890 1849 952 1900 14.
983 1849 1260 1889 salutationem
1289 1849 1575 1887 Ganizarorum
1603 1845 1658 1885 sic
1704 1845 1768 1883 de·

324 1907 503 1946 scribit:
562 1906 628 1943 ubi
662 1906 703 1943 ιίι
729 1906 973 1943 coenaculum
1012 1913 1125 1943 erant
1143 1904 1324 1953 admissi,
1354 1904 1410 1942 ait
1423 1931 1435 1952 ‚
1462 1902 1588 1956 capite
1621 1901 1768 1940 demis-

325 1976 380 2001 -so
416 1975 476 1999 me
502 1960 733 1999 salutabant.
791 1959 895 1999 Inde
929 1973 1098 2014 propere
1136 1968 1173 1998 et
1196 1972 1324 2013 paene
1361 1958 1499 1996 cursim
1550 1955 1769 1994 accedentes

324 2027 482 2056 vestem
507 2016 606 2054 mila·
633 2024 702 2053 aut
731 2028 887 2053 manum
905 2044 916 2065 ‚
951 2013 1074 2053 veluti
1105 2013 1363 2053 deosculatzcri
1379 2042 1390 2064 ‚
1431 2011 1638 2063 tangebant
1659 2039 1670 2060 ‚
1686 2011 1768 2061 sa-

337 2073 594 2125 scicalamque
617 2070 909 2121 hyacinthorum
927 2070 994 2108 vel
1007 2070 1263 2108 nareis-sorum
1284 2067 1554 2116 obtrudebant‚
1588 2059 1768 2119 [ὀσφρά-

326 2126 415 2165 .δια
444 2126 591 2165 Nostro
631 2123 770 2177 sunt‚]
798 2133 836 2162 et
881 2139 978 2164 moa:
1012 2125 1111 2178 pari
1139 2125 1236 2175 fere
1278 2123 1470 2161 celeritate
1509 2121 1682 2159 recessim

321 2183 441 2234 ‚fores
454 2210 466 2230 ,
509 2195 557 2220 ne
610 2181 707 2218 milei
742 2188 890 2231 tergum
920 2180 1183 2227 obverterent,
1221 2178 1560 2231 regrediebantur3
1594 2174 1643 2213 id
1666 2174 1769 2211 enim

339 2237 520 2275 institutis
548 2249 683 2274 eoram.
727 2235 887 2273 habetur
914 2234 1154 2273 indecorum.
1212 2234 1243 2272 I
1241 2235 1280 2272 bi
1309 2246 1459 2272 samma
1473 2244 1559 2269 cum
1583 2227 1770 2267 modestia

338 2292 555 2346 compositis·
586 2300 675 2328 ante
707 2291 831 2328 sinam
870 2290 1042 2329 manibus
1089 2288 1226 2343 [χερσί
1253 2284 1509 2338 δεδεμέναις]
1553 2293 1771 2335 terramque

339 2348 525 2385 intuentes
556 2347 668 2385 tacite
706 2344 937 2392 adstabant,
975 2345 1099 2396 magis
1130 2352 1170 2382 uc
1207 2345 1249 2382 ιἰι
1295 2343 1343 2381 iis
1383 2340 1588 2381 monachos
1622 2345 1770 2375 nostros

339 2415 576 2453 agnosceres,
598 2414 714 2455 quam
741 2399 894 2439 milites.
928 2399 1067 2438 Noster
1087 2399 1128 2438 id
1156 2394 1446 2437 ὄπισθοποδεῖν
1471 2407 1554 2432 uno
1578 2390 1702 2430 verbo
1731 2397 1770 2429 et

343 2451 640 2509 ὄπισθοφανως
680 2453 939 2505 ἀπέρχεσθαι
972 2453 1068 2492 dicit
1094 2468 1133 2507 p.
1170 2467 1257 2492 101.
1277 2453 1330 2491 D.
1355 2467 1407 2500 20,
1445 2451 1539 2488 item
1564 2458 1603 2499 p.
1622 2443 1689 2483 85·
1719 2445 1768 2484 B·

341 2510 434 2559 ult„
451 2517 490 2549 et
517 2526 559 2563 p.
589 2511 678 2552 355.
699 2511 746 2549 Β.
771 2523 808 2561 7.
840 2508 961 2549 habet
988 2507 1285 2560 ὀπισθοφανῶς
1313 2503 1499 2555 ἀπάγειν.
1526 2499 1772 2563 Xenophon,

340 2566 502 2604 sibene
527 2567 723 2613 memini,
760 2560 1022 2616 ἆναποδηιῒὸν
1060 2571 1099 2602 et
1138 2558 1462 2608 α’ναποδιζεσθαι
1503 2555 1613 2594 dixit.
1669 2554 1772 2592 Cae-

343 2625 473 2656 terum
501 2634 582 2659 non
622 2620 765 2659 licebat
806 2618 1115 2672 Imperatoribus
1152 2615 1330 2655 electioni
1369 2615 1584 2659 interesse,
1615 2622 1772 2672 neau-

344 2674 525 2712 ctoritate
552 2689 622 2713 sua
649 2675 795 2713 scilicet
826 2673 977 2713 clerum
1016 2678 1210 2711 terrerent
1248 2677 1286 2708 et
1314 2667 1364 2706 ad
1392 2665 1630 2704 electionem
1651 2671 1770 2703 vitio-

344 2739 429 2765 sam
467 2729 744 2781 pertraherent
771 2736 841 2768 aut
870 2734 1083 2781 cogerent5
1113 2726 1243 2766 clerus
1271 2722 1443 2763 vicissim
1469 2718 1608 2764 nolens
1635 2718 1774 2759 volens
