1884 3132
204 128 279 171 An
322 126 617 173 consum.
656 125 853 168 Pomm.
897 125 968 167 m:
1007 122 1188 165 cmm.
1229 123 1326 164 ΗΒ.
1365 125 1398 164 ι.
1449 101 1556 160 285

237 233 286 272 C.
316 231 392 272 ult.
410 232 522 286 [266,
544 230 620 286 ιι]
649 224 733 270 εἶθ’
760 224 907 277 οὕτως.
967 229 1025 268 Μ.
1057 227 1130 268 καί
1155 221 1232 268 εἶθ’
1252 221 1393 274 οὕτως.

238 288 294 327 D.
309 289 347 327 3.
362 287 480 342 [266‚
498 286 583 340 15.]
604 281 898 340 προνοούμενος
924 291 963 324 et
978 279 1255 334 προβιβάζων.
1288 282 1517 335 Utrumque
1537 295 1559 320 e

121 343 220 384 'M.:
249 338 376 395 liquet
401 350 535 381 tamen
570 342 648 394 leg.
686 353 768 378 esse
797 338 1125 390 προνοουμένους
1148 344 1188 376 et
1216 333 1556 388 προβιβάζοντας.

239 397 296 436 D.
325 396 399 436 ult.
426 395 543 450 [266,
576 394 666 449 αι]
700 391 720 433 ὅ
751 392 880 432 δεῖνα.
917 393 1014 432 Post
1042 392 1143 430 hanc
1172 405 1312 430 vocem
1339 394 1484 430 iterant
1501 391 1561 430 M.

125 452 295 492 tertium
321 450 533 490 formulam
562 445 647 490 εἷσε
675 444 698 487 ὅ
727 447 838 487 δεῖνα
856 477 867 497 ,
899 455 944 486 ut
971 462 1010 499 p.
1048 446 1134 498 148.
1165 446 1219 485 A.
1248 461 1288 500 7.

220 505 311 546 156.
340 505 394 545 A.
431 520 465 545 1.
498 504 614 559 [266‚
648 502 735 557 24]
776 498 1035 548 θεόστεπτος.
1094 502 1151 542 Μ.
1187 500 1470 552 θεοστέπτων,
1514 507 1562 539 ut

132 561 277 600 Latina
302 574 461 614 quoque
498 559 687 614 produnt.

123 657 126 659 Α
242 615 296 654 D.
327 628 362 653 1.
389 613 499 669 [268‚
528 613 589 668 8.]
618 607 868 663 καλαμάριν.
922 612 1118 652 Redditur
1144 610 1242 651 haec
1269 625 1346 650 vox
1375 611 1414 649 in
1454 610 1560 650 Can-

132 668 186 723 gii
216 669 416 709 Glossario
441 670 699 708 calamasium
715 697 726 714 ,
768 669 877 706 theca
913 669 1181 714 calamonem,
1222 667 1557 705 atramentarium.

131 725 256 763 Forte
281 723 416 776 itaque
450 730 563 764 notat
599 722 819 762 scribarum
854 722 1062 762 Praefecto
1089 721 1214 762 Urbis
1248 721 1474 760 additorum
1522 727 1562 759 et

134 779 211 819 sub
238 779 321 818 eius
348 779 603 832 dispositione
620 778 927 817 constitutorum
947 777 1136 817 scrinium
1151 791 1219 815 seu
1238 775 1438 816 officium:
1469 775 1560 828 qui-

131 833 208 874 hus
234 841 489 887 opponantur
527 828 566 872 οἱ
605 832 854 882 ταξαιῶται,
898 831 989 883 vel,
1018 831 1128 886 quod
1165 832 1269 870 idem
1307 838 1390 881 est,
1420 836 1462 868 at
1488 829 1561 868 ali-

132 895 283 942 quanto
310 887 362 927 ad
388 887 493 942 leges
522 889 800 941 grammaticae
812 887 986 926 Graecae
1001 889 1179 940 propius,
1207 886 1423 934 ταξεῶται.
1477 884 1562 924 Νο-

125 942 196 982 'tat
221 941 320 982 haec
347 957 423 982 vox
449 944 624 996 primum
650 939 860 991 officiales,
891 942 931 981 id
953 949 1012 982 est
1044 943 1287 995 apparitores
1314 942 1453 981 maiori
1483 941 1562 978 cui·

136 997 231 1037 dam
266 998 512 1051 magistratui
536 997 693 1036 additos
741 1004 780 1035 et
822 997 873 1036 ad
918 999 1002 1036 eius
1029 996 1148 1044 τάξιν
1166 1025 1178 1046 ,
1207 994 1405 1043 officium,
1436 997 1561 1035 comi-

134 1059 263 1091 tatum
286 1053 542 1106 pertinentes,
571 1052 620 1091 ad
655 1051 900 1105 exsequenda
943 1052 1027 1091 eius
1054 1051 1241 1090 mandata
1257 1079 1269 1102 ,
1298 1050 1563 1105 comprehen-

135 1106 286 1146 dendos
323 1114 363 1146 et
394 1107 615 1160 puniendos
660 1106 961 1159 delinquentes,
1005 1121 1107 1160 quae
1141 1107 1252 1146 notio
1292 1105 1357 1144 hic
1393 1106 1561 1145 obtinet.

135 1161 266 1201 Erant
287 1169 422 1201 autem
451 1160 549 1200 tales
576 1160 813 1215 plerumque
836 1161 1003 1211 milites,
1031 1168 1101 1200 aut
1130 1169 1236 1200 certe
1253 1162 1410 1199 armati.
1435 1162 1560 1200 Dein-

136 1216 187 1255 de
214 1223 328 1256 notat
365 1230 524 1270 quoque
562 1216 704 1255 milites
732 1218 951 1268 gregarios,
991 1216 1213 1256 cohortales
1229 1246 1240 1262 ,
1271 1215 1559 1268 praesidiarios.

137 1269 235 1310 Vid.
278 1271 448 1310 Guther.
486 1286 529 1324 p.
559 1272 580 1310 3
613 1285 652 1310 2.
684 1278 724 1310 et
750 1271 846 1311 626.
885 1279 924 1310 et
960 1271 1027 1310 Du
1070 1271 1203 1325 Gange
1229 1269 1298 1310 Gl.
1340 1272 1412 1309 Gr.
1448 1271 1492 1310 h.
1519 1286 1562 1310 v.

138 1325 251 1376 Quid
270 1326 305 1364 si
335 1339 448 1375 vero,
478 1333 523 1365 ut
551 1286 607 1364 ad
634 1322 679 1364 τὸ
707 1321 966 1377 καλαμάριον
993 1325 1228 1376 redeamus,
1256 1326 1565 1379 interpretemur

138 1393 284 1419 urnam
305 1409 319 1430 ,
347 1381 389 1418 in
414 1394 535 1433 quam
564 1380 830 1419 coniiciuntur
863 1378 915 1419 τὰ
957 1376 1166 1430 καλάμια,
1201 1387 1396 1427 tesserae,
1428 1380 1565 1433 quales

138 1433 238 1474 olim
256 1434 454 1473 dabantur
494 1435 595 1480 illis,
626 1435 694 1487 qui
722 1434 915 1473 beneficio
943 1436 1106 1487 panium
1132 1434 1343 1488 gradilium
1373 1435 1562 1475 frueban-
1572 1438 1634 1474 Ed.
1653 1439 1690 1472 L.
1704 1451 1750 1485 9⁰

139 1496 232 1528 tur:
275 1488 326 1528 de
365 1488 511 1541 quibus
542 1489 657 1527 docte
682 1488 856 1541 disputat
885 1489 1100 1528 Salmasius
1132 1489 1181 1527 ad
1211 1489 1297 1527 Scr.
1331 1489 1436 1528 Hist.
1459 1489 1567 1544 Aug.

140 1543 192 1582 T.
204 1543 252 1582 11.
267 1557 308 1596 p.
332 1542 426 1583 502.
446 1542 536 1583 503.
555 1544 734 1581 Desierat
762 1543 923 1595 quidem
948 1545 1021 1582 ista
1055 1543 1254 1596 dilargitio
1282 1545 1444 1596 panium
1473 1559 1565 1598 gra-

142 1597 311 1648 dilium,
350 1605 392 1637 at
436 1605 640 1651 supererat
674 1604 806 1636 tamen
853 1612 991 1636 eorum
1032 1599 1227 1650 quaedam
1263 1599 1394 1651 imago
1440 1600 1481 1638 in
1509 1597 1568 1654 τῷ

140 1651 363 1707 λαχανικῷ.
393 1652 478 1690 Aut
491 1652 602 1706 quid,
619 1653 652 1691 si
672 1651 928 1691 calamarium
945 1653 1067 1692 fuerit
1084 1652 1198 1692 theca
1213 1651 1456 1693 calamorum
1475 1669 1567 1694 cum

142 1706 411 1760 suppellectile
463 1709 574 1746 omni
613 1709 819 1760 scriptoria
834 1737 847 1756 ,
886 1706 996 1747 velut
1043 1707 1270 1761 symbolum
1308 1709 1569 1750 investiturae

140 1761 338 1802 Praefecti
362 1761 487 1801 Urbis
507 1791 518 1811 ,
560 1769 606 1800 ut
637 1763 701 1801 cui
727 1762 899 1801 multum
939 1764 1085 1816 negotii
1106 1777 1197 1802 cum
1223 1763 1371 1803 chartis
1398 1771 1440 1802 et
1468 1767 1567 1804 scri-

94 1816 98 1822 ’
139 1817 307 1870 ptione?
360 1816 423 1855 De
461 1831 572 1856 more
600 1831 735 1856 recens
769 1817 1047 1856 honorandum
1080 1832 1160 1857 una
1187 1818 1320 1871 aliqua
1339 1833 1477 1858 earum
1502 1833 1570 1858 re·-

141 1885 256 1921 rum,
290 1870 332 1910 in
360 1885 531 1924 quarum
554 1873 789 1910 tractatione
814 1871 989 1912 officium
1015 1873 1099 1911 eius
1119 1875 1346 1914 versaretur
1363 1904 1376 1926 ,
1406 1874 1568 1914 investi-

143 1925 235 1964 endi
251 1954 264 1974 ,
292 1938 367 1978 ago
395 1926 446 1964 ad
475 1925 799 1980 Cletorologium.

233 1978 321 2019 ¹56.
349 1980 403 2018 D.
432 1979 472 2019 5.
503 1980 617 2034 [268‚
654 1980 734 2035 11.]
763 1979 801 2020 οἱ
824 1980 896 2031 τῆς
920 1977 1089 2030 τάξεως.
1145 1980 1370 2029 Officiales,
1400 1981 1449 2020 ad
1483 1981 1569 2020 eius

142 2031 272 2085 τάξιν,
298 2036 527 2073 comitatum
551 2044 746 2075 armatum
762 2067 772 2083 ‚
813 2035 987 2079 officium
1011 2037 1077 2076 vel
1109 2037 1344 2090 obsequium
1371 2038 1570 2089 pompati-

144 2102 237 2128 cum
280 2088 551 2141 pertinentes3
589 2091 654 2130 vel
693 2092 823 2143 potius
851 2087 890 2129 οἱ
918 2090 990 2142 τῆς
1018 2089 1172 2140 τάξεως
1196 2099 1288 2130 sunt
1310 2092 1392 2130 viri
1418 2092 1475 2130 ad
1502 2105 1569 2130 or-

137 2143 273 2182 dinem
292 2144 547 2197 pertinentes,
575 2144 652 2184 hoe
689 2153 748 2184 est
787 2152 1011 2194 senatores,
1059 2154 1217 2185 senatus
1245 2146 1447 2191 urbanus,
1477 2147 1569 2199 qui-

135 2197 221 2237 'bus
249 2203 505 2250 opponuntur
546 2194 583 2237 οἱ
611 2199 683 2250 τῆς
727 2196 905 2249 πόλεως,
953 2214 1148 2239 commune
1184 2202 1343 2239 civium.
1399 2201 1568 2240 Senatus

138 2253 264 2291 'etiam
274 2253 426 2290 Latinis
444 2251 550 2291 nude
569 2254 680 2299 ordo,
697 2255 896 2293 interdum
916 2255 1013 2294 ordo
1031 2256 1310 2294 honestes-simus
1330 2255 1565 2308 appellatur3

145 2306 253 2346 unde
275 2313 546 2345 assumserunt
574 2309 670 2347 novi
696 2309 836 2347 Graeci
863 2323 980 2348 usum
1007 2309 1193 2349 vocabuli
1220 2305 1333 2358 τάξις
1351 2323 1427 2363 pro
1454 2325 1568 2350 sena-

145 2369 217 2413 αις
255 2360 338 2399 vid.
366 2361 416 2400 ad
450 2375 540 2413 pag.
571 2361 659 2400 163.
683 2361 736 2400 A.
760 2377 801 2416 9.

136 2418 142 2468 j
235 2414 323 2469 157.
355 2415 409 2454 A.
445 2429 479 2454 1.
512 2415 628 2470 [268,
661 2415 741 2470 15.]
787 2413 834 2455 τὸ
862 2414 1049 2468 χαίωμα.
1105 2417 1164 2456 Μ.
1194 2413 1241 2456 τὰ
1283 2415 1441 2468 χίωμα.
1493 2419 1568 2459 Est

136 2488 237 2521 ‚mea
284 2482 478 2519 sententia
527 2479 670 2530 χάσμα
712 2480 841 2531 idem,
884 2482 992 2534 quod
1032 2481 1232 2521 Arabibus
1256 2474 1432 2533 ἒίμῖῦωῗ,
1468 2483 1568 2524 illud

148 2534 361 2586 pretiosum
385 2533 662 2584 involucrum,
683 2549 797 2585 auro,
818 2538 982 2588 gemmis
1010 2543 1049 2574 et
1071 2537 1292 2589 margaritis
1308 2536 1567 2590 illustratum,

151 2584 258 2638 qnod
288 2603 416 2641 equo,
461 2603 580 2642 quem
614 2590 814 2642 Augustus
845 2590 1064 2637 inscendit,
1095 2592 1341 2631 insternitur.
1397 2593 1567 2643 Qualem

149 2653 299 2681 morem
329 2642 485 2682 Sultani
512 2643 671 2684 Turcici
691 2658 737 2684 ex
764 2643 855 2684 aula
880 2645 1097 2699 Byzantina
1122 2652 1406 2687 transsumtum
1434 2648 1566 2688 adhue
