1826 3126
195 192 272 237 An
308 193 605 237 coNsrm.
643 194 842 238 Poura.
883 195 955 237 m:
992 194 1174 237 cmm.
1215 195 1317 235 uss.
1358 195 1389 236 1.
1443 174 1514 232 53

188 296 245 337 A.
258 296 333 340 ult,
351 297 436 352 [7‚]
446 295 503 351 7.]
515 298 652 350 σαγία.
669 298 771 337 Sunt
780 310 891 350 saga,
913 298 1046 336 nescio
1057 311 1110 337 an
1124 296 1325 336 veteribus
1339 295 1518 334 eiusdem

73 351 232 391 formae
247 382 261 402 ‚
288 352 407 405 longa
431 359 564 391 tamen
579 353 633 392 ad
654 366 783 405 genua
800 366 930 404 paene
948 351 1163 391 defluentia
1177 381 1189 401 ,
1218 350 1351 404 ampla
1366 380 1379 402 ,
1408 350 1515 389 idem

77 406 180 457 sere,
203 407 312 460 quod
331 405 584 460 chlamydes;
614 421 788 460 quorum
797 407 1011 459 imaginem
1029 408 1256 459 conspicere
1275 406 1418 445 licetin
1438 405 1517 444 illis

77 462 337 515 proceribus,
377 464 446 515 qui
472 463 693 501 Iustiniano
728 462 790 499 Μ.
820 462 862 499 in
887 468 1148 501 monumento
1178 463 1412 500 Ravennate
1445 460 1517 502 ad-

78 523 214 567 stant,
260 516 368 570 apud
401 517 469 555 Du
500 515 633 569 Gange
659 515 806 554 Famil.
847 515 942 569 Byz.
973 531 1016 569 p.
1049 530 1116 570 97.
1177 516 1256 555 Sed
1289 516 1364 554 hac
1393 515 1444 554 de
1474 530 1518 554 re

80 570 254 624 amplius
281 571 373 610 dico
403 570 455 609 ad
476 585 518 623 p.
541 571 635 610 355.
670 571 716 609 B.
746 585 785 623 7.

188 626 236 664 B.
257 639 295 664 1.
325 624 389 680 [7‚
413 623 505 680 18.]
550 622 749 679 φύλακος.
802 624 864 663 De
900 625 1095 679 phylace,
1137 639 1207 663 seu
1234 624 1518 679 gazophylacio

79 681 199 731 (nam
231 681 384 733 integra
412 680 534 719 dictio
566 687 624 719 est
666 675 687 718 ὁ
715 676 855 734 φύλαξ
884 681 968 720 τῶν
1002 679 1233 732 βασιλικῶν
1259 680 1517 732 θησαυρῶν)

77 735 163 775 vid.
187 734 239 774 ad
263 749 354 788 pag.
381 736 475 774 330.
500 735 547 774 Β.
575 734 616 775 6.

185 790 294 829 Ibid.
318 789 386 844 ,[7‚
405 787 484 843 ι8.]
502 789 546 830 ἐν
560 790 616 843 τῷ
626 789 817 842 Σίγματι.
833 789 971 843 Sigma
983 788 1190 828 dicebatur
1203 791 1382 842 porticus
1395 804 1519 842 quac-

76 844 172 883 dam
203 858 226 883 e
249 846 409 898 regione
432 845 687 895 Trieonchii,
725 846 767 884 in
791 859 937 898 magno
967 844 1118 898 palatio
1135 874 1146 894 ‚
1187 843 1405 897 Theophili
1434 846 1515 884 Im-

76 901 272 952 peratoris
289 913 413 952 opus,
442 900 552 953 quod
573 901 708 954 Sigma
728 900 926 942 Graecum
939 929 951 950 ‚
979 900 1057 940 hoc
1078 907 1137 940 est
1157 899 1188 938 C
1210 900 1399 940 Latinum
1414 930 1425 949 ‚
1448 914 1518 938 seu

53 953 273 994 -circulum
305 954 542 1005 dimidium,
583 955 763 994 referret.
821 954 938 995 Conf.
975 955 1059 994 Leo
1090 955 1313 995 Grammat.
1348 969 1390 1007 p.
1418 954 1515 1004 43⁷).

79 1009 128 1048 C.
162 1009 201 1051 3.
234 1009 396 1051 Contio.
419 1010 678 1063 Theophanis
706 1025 747 1063 p.
771 1009 840 1064 87.
865 1010 917 1050 A.
940 1010 1008 1060 B.‚
1045 1009 1116 1052 ubi
1146 1009 1346 1063 eleganter
1368 1010 1518 1050 descri-

78 1063 214 1114 bitur,
242 1071 283 1103 ct
311 1066 380 1104 Du
404 1065 537 1119 Gange
556 1064 655 1104 CPl.
685 1065 833 1104 Christ.
859 1080 900 1118 p.
932 1078 1022 1105 ιη.

186 1119 292 1158 Bai.
326 1119 399 1174 [7‚
425 1119 519 1174 19.]
562 1115 610 1158 τὸ
640 1114 904 1170 Mayia'sswr.
965 1120 1107 1159 Totum
1143 1133 1284 1174 corpus
1317 1119 1519 1182 Maglabi-

78 1181 223 1212 tarum.
278 1174 382 1214 Sunt
401 1183 536 1215 autem
559 1174 800 1228 Maglabitae
825 1174 983 1215 lictores
999 1205 1011 1225 ,
1050 1176 1323 1228 apparitores,
1369 1187 1407 1212 οι
1438 1172 1519 1225 ῥα-

76 1223 311 1281 βδοφόροι,
348 1231 420 1282 qui
450 1231 736 1283 Imperatorem
768 1244 860 1268 cum
891 1229 1096 1270 maclaviis
1113 1260 1125 1281 ‚
1155 1237 1224 1269 aut
1258 1229 1518 1278 manclaviis,

78 1281 242 1322 hocest
275 1283 399 1325 clavis
426 1285 704 1333 manualibus,
732 1285 1047 1338 praecedebant,
1087 1285 1139 1324 ad
1161 1285 1382 1337 parandam
1408 1285 1519 1323 viam

78 1337 338 1390 procedenti,
367 1347 407 1379 et
429 1340 665 1394 abigendam
687 1340 863 1379 turbam.
922 1341 1046 1381 Varie
1069 1340 1120 1379 de
1138 1339 1332 1378 maclavio
1352 1339 1520 1378 tradunt

78 1399 286 1442 auctores,
325 1394 391 1433 vel
420 1396 495 1448 ipsi
522 1395 689 1445 Graeci,
733 1402 780 1434 ut
806 1396 913 1435 iures
938 1410 1006 1434 eos
1035 1396 1236 1449 ignorasse
1260 1395 1357 1447 quid
1380 1394 1516 1432 fuerit.

78 1445 231 1487 Dicunt
256 1449 378 1489 modo
403 1445 563 1504 ῥάβδον
587 1457 658 1489 aut
678 1447 907 1502 βακτηρίαν
929 1450 1073 1498 fuisse,
1101 1450 1223 1503 idque
1241 1457 1348 1489 recte
1362 1449 1516 1495 dicunt,

79 1501 204 1541 modo
234 1503 396 1555 λαῖρον,
415 1523 419 1533 ·
438 1505 566 1544 lorum
593 1512 664 1544 aut
689 1499 871 1556 μάστιγα
903 1508 1101 1555 scuticam,
1138 1519 1242 1558 quae
1277 1519 1359 1543 non
1388 1505 1519 1542 consi-

78 1562 207 1595 stunt.
263 1557 442 1598 Codinus
469 1557 594 1599 offic.
615 1560 671 1598 V.
698 1558 766 1610 54.
783 1574 795 1597 :
826 1559 1055 1610 κρέμανται
1083 1558 1156 1599 ἐπὶ
1183 1555 1314 1610 ζώνης
1343 1552 1519 1596 ἑκάστου

78 1605 240 1650 τούτων
269 1611 422 1663 mque,
451 1607 524 1658 οὓς
551 1613 726 1651 καλοῦσι
753 1608 990 1663 μαγλάβια,
1020 1610 1106 1665 ηἰός
1124 1612 1356 1664 βακτηρίας
1383 1606 1411 1662 ἢ
1439 1606 1520 1663 ῥά-

77 1663 230 1716 βδους,
257 1665 475 1716 μαστίζειν
499 1662 598 1713 τούς
624 1665 766 1714 ἀξίους
790 1665 1074 1716 μαστίζεσθαι
1087 1699 1100 1717 ,
1129 1667 1327 1720 φέροντες
1355 1659 1426 1705 ἇεὶ
1452 1664 1517 1703 (Υι-

77 1719 258 1765 κανίκια.
310 1715 377 1760 ὅτε
406 1721 453 1760 δὲ
481 1718 505 1758 ὅ
532 1717 732 1770 βασιλεύς
759 1716 1087 1775 καβαλλικεύσῃ,
1120 1722 1418 1773 προηγοῦνται,
1447 1716 1523 1758 καί

78 1772 276 1827 φέροντες
302 1771 410 1816 αὐτὰ
438 1770 567 1827 ὀρθία
595 1775 841 1815 &tirannica
866 1771 938 1815 τὸν
954 1772 1072 1815 λαόν.
1127 1777 1219 1814 Non
1239 1782 1406 1828 possunt
1420 1775 1519 1814 haec

11 1861 14 1863 Α
79 1828 311 1880 conciliari,
339 1831 415 1869 nisi
435 1830 613 1869 dicamus
635 1845 777 1870 vocem
807 1831 943 1883 λῶρον
957 1861 971 1880 ‚
999 1845 1080 1869 non
1109 1845 1158 1871 eo
1178 1845 1296 1870 sensu
1312 1859 1324 1879 ,
1353 1844 1435 1883 quo
1453 1844 1519 1869 so-

78 1881 136 1922 let
165 1890 205 1922 et
224 1884 343 1935 debet
366 1885 490 1938 accipi
509 1915 522 1935 ,
551 1899 576 1925 a
599 1885 753 1926 Codino
773 1884 895 1924 fuisse
917 1893 1121 1939 acceptam
1141 1916 1153 1933 ,
1183 1885 1251 1925 sed
1267 1898 1341 1938 pro
1356 1883 1518 1934 baculo,

78 1936 186 1977 fuste
201 1967 214 1988 ,
242 1939 357 1990 fuso,
385 1940 451 1980 vel
483 1940 647 1980 festuca.
705 1940 784 1979 Sed
811 1940 908 1993 quid
934 1955 1007 1979 nos
1026 1948 1206 1979 moretur
1235 1940 1356 1982 homo
1390 1953 1522 1992 neque

78 1995 275 2032 seimonis
307 1995 394 2042 sui,
442 2009 573 2048 neque
598 2010 735 2035 rerum
772 1995 850 2034 sibi
884 1995 1114 2048 aequalium
1143 1994 1338 2036 callens?,
1373 1992 1520 2038 Fustes

36 2071 38 2073 >
77 2046 203 2086 fuisse
222 2048 446 2100 maclavia,
474 2065 557 2089 non
587 2051 778 2098 scuticas,
808 2057 918 2103 patet
945 2065 1038 2089 cum
1064 2065 1109 2088 ex
1133 2064 1244 2088 more
1264 2049 1515 2097 Turcarum,

78 2116 254 2154 quorum
281 2104 484 2143 Ganitzari
515 2119 608 2144 cum
639 2105 808 2145 fustibus
842 2105 1017 2155 obeunt,
1047 2119 1158 2144 more
1186 2119 1210 2142 a
1238 2104 1399 2143 Graecis
1431 2110 1515 2143 tra—

76 2156 228 2205 ducto,
255 2164 345 2196 tum
374 2161 491 2198 etiam
510 2175 556 2199 ex
584 2175 657 2209 eo,
688 2160 796 2213 quod
819 2161 960 2200 Graeci
990 2160 1228 2198 maclavium
1262 2173 1361 2199 voce
1386 2150 1517 2196 ἄλλα·

77 2223 173 2250 κτον
200 2221 417 2265 exponunt.
474 2216 566 2265 Qua
594 2216 645 2255 de
665 2230 765 2256 voce
782 2215 898 2254 nobis
928 2217 1103 2255 curatius
1133 2213 1409 2267 exponendum
1438 2219 1513 2250 est.

77 2265 184 2305 Sunt
210 2268 331 2320 igitur
359 2261 539 2308 ἅλλακτα
570 2270 695 2310 fustes
717 2277 788 2309 aut
814 2270 957 2318 solidi,
989 2277 1058 2308 aut
1086 2270 1142 2308 ita
1172 2268 1307 2315 scissi,
1337 2274 1383 2305 ut
1409 2265 1516 2305 mul-

77 2326 146 2359 tae
164 2321 319 2361 assulae
342 2337 424 2362 uno
447 2338 470 2362 e
492 2338 611 2378 scapo
636 2332 844 2373 exeuntes,
890 2334 930 2365 et
959 2327 1068 2364 iuxta
1093 2337 1176 2363 sese
1203 2321 1417 2376 parallelae
1444 2322 1515 2360 de-

77 2384 286 2416 currentes
303 2376 552 2430 aliquantum
570 2381 722 2419 moveri
740 2388 890 2433 queant
903 2411 914 2428 ,
946 2388 985 2419 et
1011 2378 1203 2431 impulsae
1220 2378 1512 2430 concrepitent,

78 2430 217 2493 qualgs
242 2446 316 2470 nos
341 2434 543 2473 Pnitsclien
570 2434 830 2488 appellamus.
887 2437 949 2474 Ut
980 2434 1178 2488 posterius
1204 2432 1364 2473 credam
1394 2431 1516 2470 fuisse

77 2497 134 2522 τα
163 2486 347 2525 αλλακτα
358 2518 371 2537 ,
397 2495 437 2526 et
457 2490 762 2541 procedentibus
787 2491 942 2543 pompis
972 2489 1208 2542 praemissos
1238 2488 1328 2527 viae
1359 2486 1514 2526 facien-

79 2537 156 2578 dae
182 2553 301 2580 causa
330 2543 440 2583 viros
462 2543 608 2584 talibus
640 2545 889 2598 crepitaculis
917 2551 1090 2583 armatos
1105 2573 1119 2593 ,
1146 2543 1239 2581 facit
1265 2557 1354 2581 mos
1380 2541 1514 2581 adhuc

78 2593 189 2645 apud
205 2602 399 2636 nostrates
419 2606 576 2652 agyrtas
596 2599 780 2638 obtinens
795 2629 808 2645 ‚
837 2599 1093 2638 medicam-os
1114 2597 1202 2636 illos
1225 2605 1323 2650 puta
1350 2597 1516 2634 circum-

77 2646 283 2697 foraneos,
315 2665 398 2703 quo
430 2652 668 2694 conciendae
691 2654 837 2693 turbae
864 2654 990 2707 gratia
1017 2654 1237 2692 morionem
1268 2665 1403 2691 secum
1430 2657 1515 2688 tra-

79 2700 186 2742 hunt
199 2733 211 2750 ‚
241 2708 472 2747 centonibus
494 2708 841 2748 diversicoloribus
860 2716 899 2747 et
922 2707 1064 2747 habitu
1094 2708 1242 2749 veteris
1273 2706 1382 2747 orbis
1410 2704 1511 2743 ami-

82 2761 206 2808 ctum,
233 2757 447 2804 habentem
469 2763 511 2805 in
529 2777 652 2805 manu
677 2762 962 2819 crepitaculum
977 2762 1071 2813 tale,
1099 2769 1140 2804 et
1166 2762 1376 2804 ferientem
1400 2766 1517 2801 uates
