<?xml version="1.0" encoding="UTF-8"?>
<!DOCTYPE html PUBLIC "-//W3C//DTD XHTML 1.0 Transitional//EN"
    "http://www.w3.org/TR/xhtml1/DTD/xhtml1-transitional.dtd">
<html xmlns="http://www.w3.org/1999/xhtml" xml:lang="en" lang="en">
 <head>
  <title>
</title>
<meta http-equiv="Content-Type" content="text/html;charset=utf-8" />
  <meta name='ocr-system' content='tesseract 3.04.00' />
  <meta name='ocr-capabilities' content='ocr_page ocr_carea ocr_par ocr_line ocrx_word'/>
</head>
<body>
  <div class='ocr_page' id='page_1' title='image "./corpusscriptorum08niebuoft/corpusscriptorum08niebuoft_0662.png"; bbox 0 0 1884 3132; ppageno 0'>
   <div class='ocr_carea' id='block_1_1' title="bbox 292 116 1480 183">
    <p class='ocr_par' dir='ltr' id='par_1_1' title="bbox 292 116 1480 183">
     <span class='ocr_line' id='line_1_1' title="bbox 292 116 1480 183; baseline 0.01 -12"><span class='ocrx_word' id='word_1_1' title='bbox 292 116 407 183; x_wconf 78' lang='grc'>654</span> <span class='ocrx_word' id='word_1_2' title='bbox 566 136 639 177; x_wconf 92' lang='lat'>10.</span> <span class='ocrx_word' id='word_1_3' title='bbox 683 136 790 178; x_wconf 73' lang='lat' dir='ltr'>mc.</span> <span class='ocrx_word' id='word_1_4' title='bbox 829 138 1024 179; x_wconf 80' lang='lat' dir='ltr'>REISKn</span> <span class='ocrx_word' id='word_1_5' title='bbox 1065 137 1446 182; x_wconf 74' lang='lat' dir='ltr'><strong>COMMENTARu</strong></span> <span class='ocrx_word' id='word_1_6' title='bbox 1478 154 1480 156; x_wconf 96' lang='lat'>·</span> 
     </span>
    </p>
   </div>
   <div class='ocr_carea' id='block_1_2' title="bbox 289 238 1755 1849">
    <p class='ocr_par' dir='ltr' id='par_1_2' title="bbox 289 238 1742 566">
     <span class='ocr_line' id='line_1_2' title="bbox 290 238 1738 299; baseline 0.008 -23"><span class='ocrx_word' id='word_1_7' title='bbox 290 252 416 291; x_wconf 85' lang='lat' dir='ltr'>genus</span> <span class='ocrx_word' id='word_1_8' title='bbox 445 238 808 292; x_wconf 84' lang='lat' dir='ltr'>camelauciorum‚</span> <span class='ocrx_word' id='word_1_9' title='bbox 853 242 903 281; x_wconf 88' lang='lat' dir='ltr'>ad</span> <span class='ocrx_word' id='word_1_10' title='bbox 931 243 1058 283; x_wconf 85' lang='lat' dir='ltr'>instar</span> <span class='ocrx_word' id='word_1_11' title='bbox 1098 243 1285 294; x_wconf 86' lang='lat' dir='ltr'>modioli,</span> <span class='ocrx_word' id='word_1_12' title='bbox 1327 246 1532 299; x_wconf 84' lang='lat' dir='ltr'>angustius</span> <span class='ocrx_word' id='word_1_13' title='bbox 1557 247 1600 286; x_wconf 88' lang='lat' dir='ltr'>in</span> <span class='ocrx_word' id='word_1_14' title='bbox 1630 248 1738 296; x_wconf 90' lang='lat' dir='ltr'>imo,</span> 
     </span>
     <span class='ocr_line' id='line_1_3' title="bbox 289 294 1742 356; baseline 0.008 -25"><span class='ocrx_word' id='word_1_15' title='bbox 289 308 369 346; x_wconf 84' lang='lat' dir='ltr'>qua</span> <span class='ocrx_word' id='word_1_16' title='bbox 398 294 568 333; x_wconf 84' lang='lat' dir='ltr'>frontem</span> <span class='ocrx_word' id='word_1_17' title='bbox 601 297 808 348; x_wconf 85' lang='lat' dir='ltr'>premebat</span> <span class='ocrx_word' id='word_1_18' title='bbox 829 327 840 347; x_wconf 84' lang='lat'>‚</span> <span class='ocrx_word' id='word_1_19' title='bbox 886 297 1005 337; x_wconf 79' lang='lat' dir='ltr'>latius</span> <span class='ocrx_word' id='word_1_20' title='bbox 1038 301 1079 338; x_wconf 93' lang='lat' dir='ltr'>in</span> <span class='ocrx_word' id='word_1_21' title='bbox 1107 313 1264 338; x_wconf 91' lang='lat' dir='ltr'>summo</span> <span class='ocrx_word' id='word_1_22' title='bbox 1293 307 1333 338; x_wconf 89' lang='lat' dir='ltr'>et</span> <span class='ocrx_word' id='word_1_23' title='bbox 1372 300 1539 353; x_wconf 87' lang='lat' dir='ltr'>planum</span> <span class='ocrx_word' id='word_1_24' title='bbox 1557 330 1570 352; x_wconf 93' lang='lat'>‚</span> <span class='ocrx_word' id='word_1_25' title='bbox 1618 304 1742 356; x_wconf 84' lang='lat' dir='ltr'>quale</span> 
     </span>
     <span class='ocr_line' id='line_1_4' title="bbox 291 351 1741 410; baseline 0.008 -24"><span class='ocrx_word' id='word_1_26' title='bbox 291 357 418 402; x_wconf 81' lang='lat' dir='ltr'>gestat</span> <span class='ocrx_word' id='word_1_27' title='bbox 450 351 671 403; x_wconf 64' lang='lat' dir='ltr'>Imperator</span> <span class='ocrx_word' id='word_1_28' title='bbox 687 352 938 406; x_wconf 87' lang='lat' dir='ltr'>Nicephorus</span> <span class='ocrx_word' id='word_1_29' title='bbox 959 354 1187 394; x_wconf 88' lang='lat' dir='ltr'>Botoniates</span> <span class='ocrx_word' id='word_1_30' title='bbox 1213 356 1318 394; x_wconf 85' lang='lat' dir='ltr'>dicta</span> <span class='ocrx_word' id='word_1_31' title='bbox 1346 357 1388 394; x_wconf 91' lang='lat' dir='ltr'>in</span> <span class='ocrx_word' id='word_1_32' title='bbox 1418 357 1604 410; x_wconf 85' lang='lat' dir='ltr'>imagine.</span> <span class='ocrx_word' id='word_1_33' title='bbox 1631 358 1741 398; x_wconf 87' lang='lat' dir='ltr'>Haec</span> 
     </span>
     <span class='ocr_line' id='line_1_5' title="bbox 290 405 1742 464; baseline 0.007 -22"><span class='ocrx_word' id='word_1_34' title='bbox 290 411 330 443; x_wconf 84' lang='lat' dir='ltr'>et</span> <span class='ocrx_word' id='word_1_35' title='bbox 360 405 503 444; x_wconf 80' lang='lat' dir='ltr'>similia</span> <span class='ocrx_word' id='word_1_36' title='bbox 530 406 711 446; x_wconf 86' lang='lat' dir='ltr'>solebant</span> <span class='ocrx_word' id='word_1_37' title='bbox 748 408 986 462; x_wconf 88' lang='lat' dir='ltr'>plerumque</span> <span class='ocrx_word' id='word_1_38' title='bbox 1014 409 1230 460; x_wconf 83' lang='grc' dir='ltr'><em>στέμματα</em></span> <span class='ocrx_word' id='word_1_39' title='bbox 1259 410 1473 464; x_wconf 79' lang='lat' dir='ltr'>appellare.</span> <span class='ocrx_word' id='word_1_40' title='bbox 1531 412 1742 453; x_wconf 83' lang='lat' dir='ltr'>Pertinent</span> 
     </span>
     <span class='ocr_line' id='line_1_6' title="bbox 290 459 1741 519; baseline 0.006 -19"><span class='ocrx_word' id='word_1_41' title='bbox 290 459 341 500; x_wconf 80' lang='lat' dir='ltr'>ad</span> <span class='ocrx_word' id='word_1_42' title='bbox 372 460 450 499; x_wconf 89' lang='lat' dir='ltr'>hoc</span> <span class='ocrx_word' id='word_1_43' title='bbox 480 462 643 500; x_wconf 85' lang='lat' dir='ltr'>tertium</span> <span class='ocrx_word' id='word_1_44' title='bbox 674 477 797 516; x_wconf 83' lang='lat' dir='ltr'>genus</span> <span class='ocrx_word' id='word_1_45' title='bbox 822 464 979 503; x_wconf 86' lang='lat' dir='ltr'>tulbani</span> <span class='ocrx_word' id='word_1_46' title='bbox 1017 465 1206 515; x_wconf 88' lang='lat' dir='ltr'>Turcici‚</span> <span class='ocrx_word' id='word_1_47' title='bbox 1236 466 1287 505; x_wconf 89' lang='lat' dir='ltr'>de</span> <span class='ocrx_word' id='word_1_48' title='bbox 1314 480 1514 519; x_wconf 84' lang='lat' dir='ltr'>quorum,</span> <span class='ocrx_word' id='word_1_49' title='bbox 1545 474 1593 506; x_wconf 90' lang='lat' dir='ltr'>ut</span> <span class='ocrx_word' id='word_1_50' title='bbox 1619 469 1741 508; x_wconf 87' lang='lat' dir='ltr'>etiam</span> 
     </span>
     <span class='ocr_line' id='line_1_7' title="bbox 290 514 1564 566; baseline 0.006 -13"><span class='ocrx_word' id='word_1_51' title='bbox 290 514 563 556; x_wconf 80' lang='lat' dir='ltr'>Arabicorum</span> <span class='ocrx_word' id='word_1_52' title='bbox 583 547 593 566; x_wconf 90' lang='lat'>‚</span> <span class='ocrx_word' id='word_1_53' title='bbox 627 518 755 557; x_wconf 87' lang='lat' dir='ltr'>forma</span> <span class='ocrx_word' id='word_1_54' title='bbox 784 526 824 558; x_wconf 90' lang='lat' dir='ltr'>et</span> <span class='ocrx_word' id='word_1_55' title='bbox 851 520 1076 559; x_wconf 86' lang='lat' dir='ltr'>differentia</span> <span class='ocrx_word' id='word_1_56' title='bbox 1105 521 1157 559; x_wconf 89' lang='lat' dir='ltr'>ad</span> <span class='ocrx_word' id='word_1_57' title='bbox 1183 520 1428 561; x_wconf 87' lang='lat' dir='ltr'>Abulfedam</span> <span class='ocrx_word' id='word_1_58' title='bbox 1456 522 1564 562; x_wconf 88' lang='lat' dir='ltr'>dico.</span> 
     </span>
    </p>

    <p class='ocr_par' dir='ltr' id='par_1_3' title="bbox 291 571 1755 1849">
     <span class='ocr_line' id='line_1_8' title="bbox 404 571 1745 625; baseline 0.005 -15"><span class='ocrx_word' id='word_1_59' title='bbox 404 571 626 612; x_wconf 85' lang='lat' dir='ltr'>V1deamus</span> <span class='ocrx_word' id='word_1_60' title='bbox 668 587 804 625; x_wconf 79' lang='lat' dir='ltr'>nune,</span> <span class='ocrx_word' id='word_1_61' title='bbox 854 575 960 614; x_wconf 90' lang='lat' dir='ltr'>unde</span> <span class='ocrx_word' id='word_1_62' title='bbox 988 589 1135 615; x_wconf 90' lang='lat' dir='ltr'>nomen</span> <span class='ocrx_word' id='word_1_63' title='bbox 1163 577 1444 616; x_wconf 82' lang='lat' dir='ltr'>camelaucium</span> <span class='ocrx_word' id='word_1_64' title='bbox 1471 579 1623 617; x_wconf 87' lang='lat' dir='ltr'>veniat.</span> <span class='ocrx_word' id='word_1_65' title='bbox 1679 578 1745 618; x_wconf 87' lang='lat' dir='ltr'>De</span> 
     </span>
     <span class='ocr_line' id='line_1_9' title="bbox 291 627 1745 687; baseline 0.006 -23"><span class='ocrx_word' id='word_1_66' title='bbox 291 627 520 666; x_wconf 80' lang='lat' dir='ltr'>calamauco</span> <span class='ocrx_word' id='word_1_67' title='bbox 548 629 613 668; x_wconf 90' lang='lat' dir='ltr'>vel</span> <span class='ocrx_word' id='word_1_68' title='bbox 640 631 903 678; x_wconf 72' lang='lat' dir='ltr'>calamauczb,</span> <span class='ocrx_word' id='word_1_69' title='bbox 934 631 1138 684; x_wconf 88' lang='lat' dir='ltr'>quomodo</span> <span class='ocrx_word' id='word_1_70' title='bbox 1167 631 1284 671; x_wconf 90' lang='lat' dir='ltr'>multi</span> <span class='ocrx_word' id='word_1_71' title='bbox 1312 632 1549 672; x_wconf 87' lang='lat' dir='ltr'>Latinorum</span> <span class='ocrx_word' id='word_1_72' title='bbox 1578 633 1745 687; x_wconf 88' lang='lat' dir='ltr'>scripto-</span> 
     </span>
     <span class='ocr_line' id='line_1_10' title="bbox 292 683 1744 743; baseline 0.006 -23"><span class='ocrx_word' id='word_1_73' title='bbox 292 695 383 721; x_wconf 87' lang='lat' dir='ltr'>rum</span> <span class='ocrx_word' id='word_1_74' title='bbox 413 683 598 734; x_wconf 76' lang='lat' dir='ltr'>efferunt,</span> <span class='ocrx_word' id='word_1_75' title='bbox 626 698 734 724; x_wconf 90' lang='lat' dir='ltr'>nunc</span> <span class='ocrx_word' id='word_1_76' title='bbox 763 699 846 724; x_wconf 91' lang='lat' dir='ltr'>non</span> <span class='ocrx_word' id='word_1_77' title='bbox 867 686 1012 733; x_wconf 89' lang='lat' dir='ltr'>dicam,</span> <span class='ocrx_word' id='word_1_78' title='bbox 1042 688 1154 727; x_wconf 90' lang='lat' dir='ltr'>cuius</span> <span class='ocrx_word' id='word_1_79' title='bbox 1173 688 1367 741; x_wconf 57' lang='lat' dir='ltr'>originem</span> <span class='ocrx_word' id='word_1_80' title='bbox 1395 687 1521 727; x_wconf 86' lang='lat' dir='ltr'>fateor</span> <span class='ocrx_word' id='word_1_81' title='bbox 1534 703 1599 728; x_wconf 91' lang='lat' dir='ltr'>me</span> <span class='ocrx_word' id='word_1_82' title='bbox 1626 690 1744 743; x_wconf 86' lang='lat' dir='ltr'>igno-</span> 
     </span>
     <span class='ocr_line' id='line_1_11' title="bbox 292 740 1743 797; baseline 0.006 -21"><span class='ocrx_word' id='word_1_83' title='bbox 292 751 384 777; x_wconf 87' lang='lat' dir='ltr'>rare</span> <span class='ocrx_word' id='word_1_84' title='bbox 403 768 413 785; x_wconf 86' lang='lat'>‚</span> <span class='ocrx_word' id='word_1_85' title='bbox 465 740 499 778; x_wconf 86' lang='lat' dir='ltr'>si</span> <span class='ocrx_word' id='word_1_86' title='bbox 538 740 726 780; x_wconf 90' lang='lat' dir='ltr'>nolumus</span> <span class='ocrx_word' id='word_1_87' title='bbox 774 755 867 779; x_wconf 91' lang='lat' dir='ltr'>cum</span> <span class='ocrx_word' id='word_1_88' title='bbox 909 743 1007 782; x_wconf 84' lang='lat' dir='ltr'>viris</span> <span class='ocrx_word' id='word_1_89' title='bbox 1036 742 1163 782; x_wconf 92' lang='lat' dir='ltr'>doctis</span> <span class='ocrx_word' id='word_1_90' title='bbox 1190 743 1232 781; x_wconf 89' lang='lat' dir='ltr'>id</span> <span class='ocrx_word' id='word_1_91' title='bbox 1252 757 1325 796; x_wconf 86' lang='lat' dir='ltr'>pro</span> <span class='ocrx_word' id='word_1_92' title='bbox 1346 751 1535 797; x_wconf 85' lang='lat' dir='ltr'>corrupta</span> <span class='ocrx_word' id='word_1_93' title='bbox 1562 758 1743 797; x_wconf 87' lang='lat' dir='ltr'>pronun-</span> 
     </span>
     <span class='ocr_line' id='line_1_12' title="bbox 291 793 1745 840; baseline 0.006 -9"><span class='ocrx_word' id='word_1_94' title='bbox 291 793 457 834; x_wconf 86' lang='lat' dir='ltr'>tiatione</span> <span class='ocrx_word' id='word_1_95' title='bbox 488 794 717 835; x_wconf 87' lang='lat' dir='ltr'>camelaucii</span> <span class='ocrx_word' id='word_1_96' title='bbox 743 796 908 836; x_wconf 86' lang='lat' dir='ltr'>habere.</span> <span class='ocrx_word' id='word_1_97' title='bbox 967 799 1087 837; x_wconf 87' lang='lat' dir='ltr'>Mitto</span> <span class='ocrx_word' id='word_1_98' title='bbox 1121 798 1217 837; x_wconf 86' lang='lat' dir='ltr'>alias</span> <span class='ocrx_word' id='word_1_99' title='bbox 1257 798 1428 838; x_wconf 85' lang='lat' dir='ltr'>aliorum</span> <span class='ocrx_word' id='word_1_100' title='bbox 1477 799 1745 840; x_wconf 71' lang='lat' dir='ltr'>derivationes</span> 
     </span>
     <span class='ocr_line' id='line_1_13' title="bbox 294 851 1743 907; baseline 0.004 -19"><span class='ocrx_word' id='word_1_101' title='bbox 294 851 598 904; x_wconf 87' lang='lat' dir='ltr'>contendoque‚</span> <span class='ocrx_word' id='word_1_102' title='bbox 648 866 731 890; x_wconf 87' lang='lat' dir='ltr'>esse</span> <span class='ocrx_word' id='word_1_103' title='bbox 760 852 867 891; x_wconf 89' lang='lat' dir='ltr'>idem</span> <span class='ocrx_word' id='word_1_104' title='bbox 912 860 1033 906; x_wconf 90' lang='lat' dir='ltr'>atque</span> <span class='ocrx_word' id='word_1_105' title='bbox 1059 855 1227 893; x_wconf 84' lang='lat' dir='ltr'>camella</span> <span class='ocrx_word' id='word_1_106' title='bbox 1265 856 1428 907; x_wconf 90' lang='lat' dir='ltr'>eiusque</span> <span class='ocrx_word' id='word_1_107' title='bbox 1466 854 1705 907; x_wconf 88' lang='lat' dir='ltr'>productum</span> <span class='ocrx_word' id='word_1_108' title='bbox 1730 885 1743 906; x_wconf 86' lang='lat'>‚</span> 
     </span>
     <span class='ocr_line' id='line_1_14' title="bbox 292 906 1746 962; baseline 0.004 -18"><span class='ocrx_word' id='word_1_109' title='bbox 292 906 573 946; x_wconf 78' lang='lat' dir='ltr'>terminatione</span> <span class='ocrx_word' id='word_1_110' title='bbox 611 909 742 947; x_wconf 71' lang='lat' dir='ltr'>arium</span> <span class='ocrx_word' id='word_1_111' title='bbox 790 916 830 946; x_wconf 86' lang='lat' dir='ltr'>et</span> <span class='ocrx_word' id='word_1_112' title='bbox 872 911 1028 948; x_wconf 80' lang='lat' dir='ltr'><em>aucium</em></span> <span class='ocrx_word' id='word_1_113' title='bbox 1056 910 1249 962; x_wconf 87' lang='lat' dir='ltr'>apposita.</span> <span class='ocrx_word' id='word_1_114' title='bbox 1307 910 1382 948; x_wconf 88' lang='lat' dir='ltr'>Est</span> <span class='ocrx_word' id='word_1_115' title='bbox 1413 917 1546 948; x_wconf 90' lang='lat' dir='ltr'>autem</span> <span class='ocrx_word' id='word_1_116' title='bbox 1578 912 1746 951; x_wconf 84' lang='lat' dir='ltr'>camella</span> 
     </span>
     <span class='ocr_line' id='line_1_15' title="bbox 296 962 1745 1011; baseline 0.002 -10"><span class='ocrx_word' id='word_1_117' title='bbox 296 962 582 1004; x_wconf 87' lang='lat' dir='ltr'>diminutivum</span> <span class='ocrx_word' id='word_1_118' title='bbox 626 978 648 1003; x_wconf 86' lang='lat' dir='ltr'>a</span> <span class='ocrx_word' id='word_1_119' title='bbox 677 977 843 1003; x_wconf 84' lang='lat' dir='ltr'>camara</span> <span class='ocrx_word' id='word_1_120' title='bbox 859 994 869 1011; x_wconf 94' lang='lat'>‚</span> <span class='ocrx_word' id='word_1_121' title='bbox 911 978 1081 1003; x_wconf 83' lang='lat' dir='ltr'>camera.</span> <span class='ocrx_word' id='word_1_122' title='bbox 1152 964 1236 1003; x_wconf 90' lang='lat' dir='ltr'>Pro</span> <span class='ocrx_word' id='word_1_123' title='bbox 1276 979 1449 1011; x_wconf 78' lang='lat' dir='ltr'>camera,</span> <span class='ocrx_word' id='word_1_124' title='bbox 1477 966 1647 1004; x_wconf 82' lang='lat' dir='ltr'>camella</span> <span class='ocrx_word' id='word_1_125' title='bbox 1681 966 1745 1004; x_wconf 92' lang='lat' dir='ltr'>di-</span> 
     </span>
     <span class='ocr_line' id='line_1_16' title="bbox 296 1019 1747 1074; baseline 0.002 -16"><span class='ocrx_word' id='word_1_126' title='bbox 296 1026 407 1059; x_wconf 92' lang='lat' dir='ltr'>ctum</span> <span class='ocrx_word' id='word_1_127' title='bbox 439 1020 512 1059; x_wconf 86' lang='lat' dir='ltr'>fuit</span> <span class='ocrx_word' id='word_1_128' title='bbox 529 1050 540 1071; x_wconf 90' lang='lat'>‚</span> <span class='ocrx_word' id='word_1_129' title='bbox 573 1026 619 1058; x_wconf 91' lang='lat' dir='ltr'>ut</span> <span class='ocrx_word' id='word_1_130' title='bbox 656 1033 731 1072; x_wconf 89' lang='lat' dir='ltr'>pro</span> <span class='ocrx_word' id='word_1_131' title='bbox 775 1033 920 1074; x_wconf 82' lang='lat' dir='ltr'>capera</span> <span class='ocrx_word' id='word_1_132' title='bbox 977 1019 1147 1074; x_wconf 80' lang='lat' dir='ltr'>capella.</span> <span class='ocrx_word' id='word_1_133' title='bbox 1215 1020 1290 1058; x_wconf 89' lang='lat' dir='ltr'>Est</span> <span class='ocrx_word' id='word_1_134' title='bbox 1317 1033 1411 1073; x_wconf 86' lang='lat' dir='ltr'>ergo</span> <span class='ocrx_word' id='word_1_135' title='bbox 1438 1020 1606 1058; x_wconf 82' lang='lat' dir='ltr'>camella</span> <span class='ocrx_word' id='word_1_136' title='bbox 1638 1020 1747 1061; x_wconf 88' lang='lat' dir='ltr'>idem</span> 
     </span>
     <span class='ocr_line' id='line_1_17' title="bbox 297 1074 1742 1129; baseline 0.001 -16"><span class='ocrx_word' id='word_1_137' title='bbox 297 1082 419 1128; x_wconf 87' lang='lat' dir='ltr'>atque</span> <span class='ocrx_word' id='word_1_138' title='bbox 461 1090 597 1129; x_wconf 77' lang='lat' dir='ltr'>parva</span> <span class='ocrx_word' id='word_1_139' title='bbox 641 1089 803 1113; x_wconf 83' lang='lat' dir='ltr'>camara</span> <span class='ocrx_word' id='word_1_140' title='bbox 822 1105 832 1122; x_wconf 89' lang='lat'>,</span> <span class='ocrx_word' id='word_1_141' title='bbox 887 1089 1005 1114; x_wconf 87' lang='lat' dir='ltr'>omne</span> <span class='ocrx_word' id='word_1_142' title='bbox 1044 1075 1269 1128; x_wconf 82' lang='lat' dir='ltr'>apsidatum</span> <span class='ocrx_word' id='word_1_143' title='bbox 1287 1105 1298 1121; x_wconf 83' lang='lat'>‚</span> <span class='ocrx_word' id='word_1_144' title='bbox 1342 1074 1742 1129; x_wconf 88' lang='lat' dir='ltr'>haemisphaericum.</span> 
     </span>
     <span class='ocr_line' id='line_1_18' title="bbox 297 1129 1746 1184; baseline 0.001 -15"><span class='ocrx_word' id='word_1_145' title='bbox 297 1130 405 1170; x_wconf 89' lang='lat' dir='ltr'>Hinc</span> <span class='ocrx_word' id='word_1_146' title='bbox 436 1130 583 1170; x_wconf 86' lang='lat' dir='ltr'>fiscella</span> <span class='ocrx_word' id='word_1_147' title='bbox 629 1129 996 1184; x_wconf 86' lang='lat' dir='ltr'>haemisphaerica‚</span> <span class='ocrx_word' id='word_1_148' title='bbox 1047 1144 1116 1170; x_wconf 84' lang='lat' dir='ltr'>vas</span> <span class='ocrx_word' id='word_1_149' title='bbox 1144 1130 1346 1182; x_wconf 80' lang='lat' dir='ltr'>potorium</span> <span class='ocrx_word' id='word_1_150' title='bbox 1389 1137 1458 1169; x_wconf 88' lang='lat' dir='ltr'>aut</span> <span class='ocrx_word' id='word_1_151' title='bbox 1493 1130 1746 1171; x_wconf 81' lang='lat' dir='ltr'>haustorium</span> 
     </span>
     <span class='ocr_line' id='line_1_19' title="bbox 298 1183 1748 1240; baseline 0.001 -15"><span class='ocrx_word' id='word_1_152' title='bbox 298 1185 503 1240; x_wconf 86' lang='lat' dir='ltr'>ligneum,</span> <span class='ocrx_word' id='word_1_153' title='bbox 543 1183 745 1225; x_wconf 79' lang='grc' dir='ltr'><em>κύπελλον</em></span> <span class='ocrx_word' id='word_1_154' title='bbox 770 1215 781 1235; x_wconf 83' lang='grc'>,</span> <span class='ocrx_word' id='word_1_155' title='bbox 809 1187 962 1240; x_wconf 76' lang='lat' dir='ltr'>capella</span> <span class='ocrx_word' id='word_1_156' title='bbox 980 1215 992 1234; x_wconf 90' lang='lat'>‚</span> <span class='ocrx_word' id='word_1_157' title='bbox 1039 1185 1227 1238; x_wconf 87' lang='lat' dir='ltr'>qualibus</span> <span class='ocrx_word' id='word_1_158' title='bbox 1265 1187 1306 1224; x_wconf 92' lang='lat' dir='ltr'>in</span> <span class='ocrx_word' id='word_1_159' title='bbox 1350 1185 1521 1226; x_wconf 86' lang='lat' dir='ltr'>urbibus</span> <span class='ocrx_word' id='word_1_160' title='bbox 1549 1185 1748 1226; x_wconf 84' lang='lat' dir='ltr'>Batavicis</span> 
     </span>
     <span class='ocr_line' id='line_1_20' title="bbox 295 1240 1744 1294; baseline -0.001 -13"><span class='ocrx_word' id='word_1_161' title='bbox 295 1240 361 1281; x_wconf 87' lang='lat' dir='ltr'>lac</span> <span class='ocrx_word' id='word_1_162' title='bbox 386 1242 585 1292; x_wconf 84' lang='lat' dir='ltr'>vendunt,</span> <span class='ocrx_word' id='word_1_163' title='bbox 615 1242 711 1280; x_wconf 88' lang='lat' dir='ltr'>item</span> <span class='ocrx_word' id='word_1_164' title='bbox 754 1241 910 1279; x_wconf 84' lang='lat' dir='ltr'>froccus</span> <span class='ocrx_word' id='word_1_165' title='bbox 929 1270 941 1291; x_wconf 87' lang='lat'><strong>,</strong></span> <span class='ocrx_word' id='word_1_166' title='bbox 975 1243 1179 1293; x_wconf 83' lang='lat' dir='ltr'>caputium</span> <span class='ocrx_word' id='word_1_167' title='bbox 1196 1270 1208 1290; x_wconf 88' lang='lat'>‚</span> <span class='ocrx_word' id='word_1_168' title='bbox 1237 1254 1412 1293; x_wconf 87' lang='lat' dir='ltr'>pannus,</span> <span class='ocrx_word' id='word_1_169' title='bbox 1443 1255 1526 1294; x_wconf 92' lang='lat' dir='ltr'>quo</span> <span class='ocrx_word' id='word_1_170' title='bbox 1552 1241 1744 1280; x_wconf 86' lang='lat' dir='ltr'>monachi</span> 
     </span>
     <span class='ocr_line' id='line_1_21' title="bbox 297 1296 1750 1351; baseline 0 -15"><span class='ocrx_word' id='word_1_171' title='bbox 297 1299 433 1351; x_wconf 83' lang='lat' dir='ltr'>capita</span> <span class='ocrx_word' id='word_1_172' title='bbox 459 1303 599 1350; x_wconf 84' lang='lat' dir='ltr'>tegunt</span> <span class='ocrx_word' id='word_1_173' title='bbox 616 1325 628 1347; x_wconf 86' lang='lat'>‚</span> <span class='ocrx_word' id='word_1_174' title='bbox 669 1296 804 1334; x_wconf 90' lang='lat' dir='ltr'>omnia</span> <span class='ocrx_word' id='word_1_175' title='bbox 840 1297 916 1335; x_wconf 88' lang='lat' dir='ltr'>ista</span> <span class='ocrx_word' id='word_1_176' title='bbox 944 1297 1097 1334; x_wconf 88' lang='lat' dir='ltr'>Latinis</span> <span class='ocrx_word' id='word_1_177' title='bbox 1139 1296 1308 1334; x_wconf 80' lang='lat' dir='ltr'>camella</span> <span class='ocrx_word' id='word_1_178' title='bbox 1328 1324 1340 1346; x_wconf 88' lang='lat'>,</span> <span class='ocrx_word' id='word_1_179' title='bbox 1369 1296 1412 1334; x_wconf 90' lang='lat' dir='ltr'>id</span> <span class='ocrx_word' id='word_1_180' title='bbox 1441 1303 1500 1335; x_wconf 89' lang='lat' dir='ltr'>est</span> <span class='ocrx_word' id='word_1_181' title='bbox 1527 1310 1652 1349; x_wconf 84' lang='lat' dir='ltr'>parva</span> <span class='ocrx_word' id='word_1_182' title='bbox 1679 1311 1750 1336; x_wconf 86' lang='lat' dir='ltr'>ca-</span> 
     </span>
     <span class='ocr_line' id='line_1_22' title="bbox 296 1351 1748 1405; baseline -0.001 -13"><span class='ocrx_word' id='word_1_183' title='bbox 296 1365 413 1393; x_wconf 81' lang='lat' dir='ltr'>mara</span> <span class='ocrx_word' id='word_1_184' title='bbox 431 1382 443 1403; x_wconf 92' lang='lat'>‚</span> <span class='ocrx_word' id='word_1_185' title='bbox 474 1367 599 1405; x_wconf 87' lang='lat' dir='ltr'>parva</span> <span class='ocrx_word' id='word_1_186' title='bbox 630 1354 735 1404; x_wconf 80' lang='lat' dir='ltr'>apsis</span> <span class='ocrx_word' id='word_1_187' title='bbox 754 1381 765 1401; x_wconf 94' lang='lat'>‚</span> <span class='ocrx_word' id='word_1_188' title='bbox 797 1351 1062 1401; x_wconf 75' lang='lat' dir='ltr'>dicebantur3</span> <span class='ocrx_word' id='word_1_189' title='bbox 1093 1351 1176 1390; x_wconf 87' lang='lat' dir='ltr'>vid.</span> <span class='ocrx_word' id='word_1_190' title='bbox 1210 1351 1380 1390; x_wconf 87' lang='lat' dir='ltr'>Cedren.</span> <span class='ocrx_word' id='word_1_191' title='bbox 1409 1365 1448 1404; x_wconf 89' lang='lat' dir='ltr'>p.</span> <span class='ocrx_word' id='word_1_192' title='bbox 1474 1351 1564 1405; x_wconf 83' lang='lat'><strong>169.</strong></span> <span class='ocrx_word' id='word_1_193' title='bbox 1597 1351 1645 1391; x_wconf 92' lang='lat' dir='ltr'>C.</span> <span class='ocrx_word' id='word_1_194' title='bbox 1682 1365 1716 1390; x_wconf 83' lang='lat'>1.</span> <span class='ocrx_word' id='word_1_195' title='bbox 1734 1381 1748 1402; x_wconf 89' lang='lat'>‚</span> 
     </span>
     <span class='ocr_line' id='line_1_23' title="bbox 297 1405 1751 1460; baseline -0.001 -13"><span class='ocrx_word' id='word_1_196' title='bbox 297 1410 415 1448; x_wconf 83' lang='lat' dir='ltr'>cuius</span> <span class='ocrx_word' id='word_1_197' title='bbox 451 1407 637 1460; x_wconf 88' lang='lat' dir='ltr'>quamvis</span> <span class='ocrx_word' id='word_1_198' title='bbox 676 1407 854 1446; x_wconf 86' lang='lat' dir='ltr'>obscuris</span> <span class='ocrx_word' id='word_1_199' title='bbox 887 1414 926 1446; x_wconf 88' lang='lat' dir='ltr'>et</span> <span class='ocrx_word' id='word_1_200' title='bbox 963 1406 1159 1460; x_wconf 85' lang='lat' dir='ltr'>perplexis</span> <span class='ocrx_word' id='word_1_201' title='bbox 1198 1406 1332 1446; x_wconf 90' lang='lat' dir='ltr'>verbis</span> <span class='ocrx_word' id='word_1_202' title='bbox 1351 1435 1363 1457; x_wconf 88' lang='lat'>,</span> <span class='ocrx_word' id='word_1_203' title='bbox 1402 1413 1449 1444; x_wconf 87' lang='lat' dir='ltr'>ut</span> <span class='ocrx_word' id='word_1_204' title='bbox 1486 1420 1510 1445; x_wconf 86' lang='lat' dir='ltr'>a</span> <span class='ocrx_word' id='word_1_205' title='bbox 1550 1405 1751 1446; x_wconf 82' lang='lat' dir='ltr'>Graeculo</span> 
     </span>
     <span class='ocr_line' id='line_1_24' title="bbox 294 1460 1753 1515; baseline -0.001 -12"><span class='ocrx_word' id='word_1_206' title='bbox 294 1462 442 1503; x_wconf 82' lang='lat' dir='ltr'>&#39;Latina</span> <span class='ocrx_word' id='word_1_207' title='bbox 469 1463 695 1502; x_wconf 82' lang='lat' dir='ltr'>attrectanti</span> <span class='ocrx_word' id='word_1_208' title='bbox 722 1464 938 1514; x_wconf 84' lang='lat' dir='ltr'>exspectari</span> <span class='ocrx_word' id='word_1_209' title='bbox 965 1476 1038 1515; x_wconf 92' lang='lat' dir='ltr'>par</span> <span class='ocrx_word' id='word_1_210' title='bbox 1066 1469 1140 1511; x_wconf 88' lang='lat' dir='ltr'>est,</span> <span class='ocrx_word' id='word_1_211' title='bbox 1170 1461 1211 1500; x_wconf 92' lang='lat' dir='ltr'>id</span> <span class='ocrx_word' id='word_1_212' title='bbox 1239 1468 1373 1500; x_wconf 89' lang='lat' dir='ltr'>tamen</span> <span class='ocrx_word' id='word_1_213' title='bbox 1402 1460 1654 1514; x_wconf 83' lang='lat' dir='ltr'>intelligitur,</span> <span class='ocrx_word' id='word_1_214' title='bbox 1669 1462 1753 1501; x_wconf 56' lang='lat' dir='ltr'>La-*</span> 
     </span>
     <span class='ocr_line' id='line_1_25' title="bbox 300 1515 1752 1571; baseline -0.001 -14"><span class='ocrx_word' id='word_1_215' title='bbox 300 1519 408 1558; x_wconf 83' lang='lat' dir='ltr'>tinos</span> <span class='ocrx_word' id='word_1_216' title='bbox 436 1526 614 1571; x_wconf 88' lang='lat' dir='ltr'>sportam</span> <span class='ocrx_word' id='word_1_217' title='bbox 655 1517 706 1556; x_wconf 89' lang='lat' dir='ltr'>ad</span> <span class='ocrx_word' id='word_1_218' title='bbox 742 1517 883 1556; x_wconf 88' lang='lat' dir='ltr'>circuli</span> <span class='ocrx_word' id='word_1_219' title='bbox 925 1517 1121 1556; x_wconf 87' lang='lat' dir='ltr'>dimidiati</span> <span class='ocrx_word' id='word_1_220' title='bbox 1166 1516 1331 1555; x_wconf 84' lang='lat' dir='ltr'>modum</span> <span class='ocrx_word' id='word_1_221' title='bbox 1359 1515 1515 1570; x_wconf 87' lang='lat' dir='ltr'>plexam</span> <span class='ocrx_word' id='word_1_222' title='bbox 1543 1517 1752 1556; x_wconf 82' lang='lat' dir='ltr'>camellam</span> 
     </span>
     <span class='ocr_line' id='line_1_26' title="bbox 303 1571 1754 1627; baseline -0.001 -14"><span class='ocrx_word' id='word_1_223' title='bbox 303 1574 539 1627; x_wconf 76' lang='lat' dir='ltr'>appellasse.</span> <span class='ocrx_word' id='word_1_224' title='bbox 608 1573 748 1626; x_wconf 87' lang='lat' dir='ltr'>Neque</span> <span class='ocrx_word' id='word_1_225' title='bbox 792 1574 835 1612; x_wconf 95' lang='lat' dir='ltr'>in</span> <span class='ocrx_word' id='word_1_226' title='bbox 865 1587 912 1612; x_wconf 89' lang='lat' dir='ltr'>eo</span> <span class='ocrx_word' id='word_1_227' title='bbox 962 1572 1114 1611; x_wconf 85' lang='lat' dir='ltr'>fallitur</span> <span class='ocrx_word' id='word_1_228' title='bbox 1132 1604 1142 1622; x_wconf 89' lang='lat'>‚</span> <span class='ocrx_word' id='word_1_229' title='bbox 1191 1572 1300 1625; x_wconf 87' lang='lat' dir='ltr'>quod</span> <span class='ocrx_word' id='word_1_230' title='bbox 1344 1571 1632 1611; x_wconf 82' lang='lat' dir='ltr'>camelaucium</span> <span class='ocrx_word' id='word_1_231' title='bbox 1658 1571 1754 1611; x_wconf 86' lang='lat' dir='ltr'>inde</span> 
     </span>
     <span class='ocr_line' id='line_1_27' title="bbox 303 1626 1750 1681; baseline -0.002 -12"><span class='ocrx_word' id='word_1_232' title='bbox 303 1629 479 1670; x_wconf 84' lang='lat' dir='ltr'>derivat.</span> <span class='ocrx_word' id='word_1_233' title='bbox 539 1629 761 1668; x_wconf 79' lang='lat' dir='ltr'>camellam</span> <span class='ocrx_word' id='word_1_234' title='bbox 779 1642 854 1681; x_wconf 90' lang='lat' dir='ltr'>pro</span> <span class='ocrx_word' id='word_1_235' title='bbox 884 1630 1052 1668; x_wconf 87' lang='lat' dir='ltr'>haustra</span> <span class='ocrx_word' id='word_1_236' title='bbox 1078 1627 1144 1667; x_wconf 85' lang='lat' dir='ltr'>vel</span> <span class='ocrx_word' id='word_1_237' title='bbox 1174 1627 1326 1681; x_wconf 86' lang='lat' dir='ltr'>scypho</span> <span class='ocrx_word' id='word_1_238' title='bbox 1342 1626 1440 1666; x_wconf 81' lang='lat' dir='ltr'>dixit</span> <span class='ocrx_word' id='word_1_239' title='bbox 1469 1627 1684 1667; x_wconf 86' lang='lat' dir='ltr'>Petronius</span> <span class='ocrx_word' id='word_1_240' title='bbox 1712 1641 1750 1666; x_wconf 87' lang='lat' dir='ltr'>c.</span> 
     </span>
     <span class='ocr_line' id='line_1_28' title="bbox 310 1681 1752 1740; baseline -0.003 -17"><span class='ocrx_word' id='word_1_241' title='bbox 310 1686 417 1740; x_wconf 74' lang='lat'>¹37·›</span> <span class='ocrx_word' id='word_1_242' title='bbox 446 1685 518 1724; x_wconf 91' lang='lat' dir='ltr'>ubi</span> <span class='ocrx_word' id='word_1_243' title='bbox 555 1684 639 1723; x_wconf 90' lang='lat' dir='ltr'>vid.</span> <span class='ocrx_word' id='word_1_244' title='bbox 683 1685 859 1738; x_wconf 84' lang='lat' dir='ltr'>Interpp.</span> <span class='ocrx_word' id='word_1_245' title='bbox 913 1684 996 1725; x_wconf 90' lang='lat' dir='ltr'>Pro</span> <span class='ocrx_word' id='word_1_246' title='bbox 1021 1684 1153 1722; x_wconf 86' lang='lat' dir='ltr'>frocco</span> <span class='ocrx_word' id='word_1_247' title='bbox 1184 1683 1250 1721; x_wconf 88' lang='lat' dir='ltr'>vel</span> <span class='ocrx_word' id='word_1_248' title='bbox 1278 1683 1464 1734; x_wconf 87' lang='lat' dir='ltr'>caputio,</span> <span class='ocrx_word' id='word_1_249' title='bbox 1494 1681 1651 1720; x_wconf 87' lang='lat' dir='ltr'>cucullo</span> <span class='ocrx_word' id='word_1_250' title='bbox 1677 1681 1752 1720; x_wconf 86' lang='lat' dir='ltr'>ha-</span> 
     </span>
     <span class='ocr_line' id='line_1_29' title="bbox 302 1735 1755 1791; baseline -0.002 -13"><span class='ocrx_word' id='word_1_251' title='bbox 302 1739 373 1778; x_wconf 88' lang='lat' dir='ltr'>bet</span> <span class='ocrx_word' id='word_1_252' title='bbox 400 1739 651 1779; x_wconf 88' lang='lat' dir='ltr'>Theodulfus</span> <span class='ocrx_word' id='word_1_253' title='bbox 680 1741 728 1778; x_wconf 93' lang='lat' dir='ltr'>L.</span> <span class='ocrx_word' id='word_1_254' title='bbox 754 1740 829 1781; x_wconf 86' lang='lat' dir='ltr'>Vl.</span> <span class='ocrx_word' id='word_1_255' title='bbox 860 1753 897 1778; x_wconf 82' lang='lat' dir='ltr'>c.</span> <span class='ocrx_word' id='word_1_256' title='bbox 933 1738 997 1779; x_wconf 85' lang='lat'>18.</span> <span class='ocrx_word' id='word_1_257' title='bbox 1027 1738 1078 1778; x_wconf 89' lang='lat' dir='ltr'>de</span> <span class='ocrx_word' id='word_1_258' title='bbox 1115 1737 1293 1778; x_wconf 86' lang='lat' dir='ltr'>vestibus</span> <span class='ocrx_word' id='word_1_259' title='bbox 1320 1737 1612 1791; x_wconf 88' lang='lat' dir='ltr'>Episcoporum</span> <span class='ocrx_word' id='word_1_260' title='bbox 1631 1765 1644 1788; x_wconf 88' lang='lat'>‚</span> <span class='ocrx_word' id='word_1_261' title='bbox 1674 1735 1755 1776; x_wconf 89' lang='lat' dir='ltr'>ele-</span> 
     </span>
     <span class='ocr_line' id='line_1_30' title="bbox 304 1795 1204 1849; baseline -0.003 -15"><span class='ocrx_word' id='word_1_262' title='bbox 304 1796 413 1849; x_wconf 85' lang='lat' dir='ltr'>ganti</span> <span class='ocrx_word' id='word_1_263' title='bbox 440 1810 522 1834; x_wconf 90' lang='lat' dir='ltr'>non</span> <span class='ocrx_word' id='word_1_264' title='bbox 553 1797 684 1834; x_wconf 85' lang='lat' dir='ltr'>minus</span> <span class='ocrx_word' id='word_1_265' title='bbox 712 1809 834 1848; x_wconf 88' lang='lat' dir='ltr'>quam</span> <span class='ocrx_word' id='word_1_266' title='bbox 863 1809 957 1835; x_wconf 86' lang='lat' dir='ltr'>vera</span> <span class='ocrx_word' id='word_1_267' title='bbox 985 1795 1204 1833; x_wconf 85' lang='lat' dir='ltr'>sententia:</span> 
     </span>
    </p>
   </div>
   <div class='ocr_carea' id='block_1_3' title="bbox 471 1857 1756 2027">
    <p class='ocr_par' dir='ltr' id='par_1_4' title="bbox 471 1857 1756 2027">
     <span class='ocr_line' id='line_1_31' title="bbox 471 1857 1756 1916; baseline -0.003 -17"><span class='ocrx_word' id='word_1_268' title='bbox 471 1862 610 1902; x_wconf 76' lang='lat' dir='ltr'>Fluxa</span> <span class='ocrx_word' id='word_1_269' title='bbox 639 1861 697 1916; x_wconf 89' lang='lat' dir='ltr'>[id</span> <span class='ocrx_word' id='word_1_270' title='bbox 725 1868 786 1900; x_wconf 91' lang='lat' dir='ltr'>est</span> <span class='ocrx_word' id='word_1_271' title='bbox 823 1860 969 1916; x_wconf 88' lang='lat' dir='ltr'>ampla,</span> <span class='ocrx_word' id='word_1_272' title='bbox 1013 1857 1186 1911; x_wconf 83' lang='lat' dir='ltr'>sinuosa]</span> <span class='ocrx_word' id='word_1_273' title='bbox 1223 1858 1387 1896; x_wconf 84' lang='lat' dir='ltr'>camilla</span> <span class='ocrx_word' id='word_1_274' title='bbox 1412 1866 1558 1912; x_wconf 79' lang='lat' dir='ltr'>eaput,</span> <span class='ocrx_word' id='word_1_275' title='bbox 1590 1865 1756 1897; x_wconf 82' lang='lat' dir='ltr'>mentem</span> 
     </span>
     <span class='ocr_line' id='line_1_32' title="bbox 1084 1914 1531 1967; baseline -0.002 -14"><span class='ocrx_word' id='word_1_276' title='bbox 1084 1916 1177 1967; x_wconf 84' lang='lat' dir='ltr'>tegit</span> <span class='ocrx_word' id='word_1_277' title='bbox 1203 1923 1293 1951; x_wconf 83' lang='lat' dir='ltr'>atra</span> <span class='ocrx_word' id='word_1_278' title='bbox 1319 1914 1502 1952; x_wconf 77' lang='lat' dir='ltr'>voluntas</span> <span class='ocrx_word' id='word_1_279' title='bbox 1519 1941 1531 1962; x_wconf 87' lang='lat'>‚</span> 
     </span>
     <span class='ocr_line' id='line_1_33' title="bbox 529 1969 1459 2027; baseline -0.004 -17"><span class='ocrx_word' id='word_1_280' title='bbox 529 1971 684 2027; x_wconf 80' lang='lat' dir='ltr'>Aspera</span> <span class='ocrx_word' id='word_1_281' title='bbox 710 1972 805 2010; x_wconf 83' lang='lat' dir='ltr'>lana</span> <span class='ocrx_word' id='word_1_282' title='bbox 832 1978 939 2009; x_wconf 79' lang='lat' dir='ltr'>artus</span> <span class='ocrx_word' id='word_1_283' title='bbox 953 2001 963 2017; x_wconf 89' lang='lat'><strong>‚</strong></span> <span class='ocrx_word' id='word_1_284' title='bbox 1008 1971 1123 2008; x_wconf 79' lang='lat' dir='ltr'>vestis</span> <span class='ocrx_word' id='word_1_285' title='bbox 1155 1970 1276 2007; x_wconf 83' lang='lat' dir='ltr'>ovina</span> <span class='ocrx_word' id='word_1_286' title='bbox 1304 1969 1459 2023; x_wconf 81' lang='lat' dir='ltr'>lupam.</span> 
     </span>
    </p>
   </div>
   <div class='ocr_carea' id='block_1_4' title="bbox 297 2033 1760 2806">
    <p class='ocr_par' dir='ltr' id='par_1_5' title="bbox 297 2033 1760 2806">
     <span class='ocr_line' id='line_1_34' title="bbox 307 2033 1758 2092; baseline -0.004 -14"><span class='ocrx_word' id='word_1_287' title='bbox 307 2039 400 2078; x_wconf 87' lang='lat' dir='ltr'>Non</span> <span class='ocrx_word' id='word_1_288' title='bbox 430 2039 661 2092; x_wconf 81' lang='lat' dir='ltr'>repugnabo</span> <span class='ocrx_word' id='word_1_289' title='bbox 692 2046 840 2083; x_wconf 84' lang='lat' dir='ltr'>tamen,</span> <span class='ocrx_word' id='word_1_290' title='bbox 872 2037 903 2075; x_wconf 90' lang='lat' dir='ltr'>si</span> <span class='ocrx_word' id='word_1_291' title='bbox 936 2037 1024 2089; x_wconf 89' lang='lat' dir='ltr'>quis</span> <span class='ocrx_word' id='word_1_292' title='bbox 1052 2035 1220 2074; x_wconf 81' lang='lat' dir='ltr'>camella</span> <span class='ocrx_word' id='word_1_293' title='bbox 1235 2048 1309 2087; x_wconf 89' lang='lat' dir='ltr'>pro</span> <span class='ocrx_word' id='word_1_294' title='bbox 1336 2035 1491 2089; x_wconf 85' lang='lat' dir='ltr'>capella</span> <span class='ocrx_word' id='word_1_295' title='bbox 1519 2033 1669 2072; x_wconf 91' lang='lat' dir='ltr'>dictum</span> <span class='ocrx_word' id='word_1_296' title='bbox 1698 2046 1758 2072; x_wconf 87' lang='lat' dir='ltr'>ex·</span> 
     </span>
     <span class='ocr_line' id='line_1_35' title="bbox 307 2091 1758 2147; baseline -0.004 -14"><span class='ocrx_word' id='word_1_297' title='bbox 307 2095 458 2133; x_wconf 86' lang='lat' dir='ltr'>istimet</span> <span class='ocrx_word' id='word_1_298' title='bbox 479 2125 489 2142; x_wconf 85' lang='lat'>‚</span> <span class='ocrx_word' id='word_1_299' title='bbox 534 2093 655 2146; x_wconf 83' lang='lat' dir='ltr'>idque</span> <span class='ocrx_word' id='word_1_300' title='bbox 695 2107 718 2132; x_wconf 87' lang='lat' dir='ltr'>a</span> <span class='ocrx_word' id='word_1_301' title='bbox 751 2094 896 2147; x_wconf 76' lang='lat' dir='ltr'>capillo</span> <span class='ocrx_word' id='word_1_302' title='bbox 927 2098 1105 2144; x_wconf 82' lang='lat' dir='ltr'>repetat:</span> <span class='ocrx_word' id='word_1_303' title='bbox 1137 2105 1175 2128; x_wconf 89' lang='lat' dir='ltr'>m</span> <span class='ocrx_word' id='word_1_304' title='bbox 1213 2097 1252 2128; x_wconf 91' lang='lat' dir='ltr'>et</span> <span class='ocrx_word' id='word_1_305' title='bbox 1279 2105 1311 2145; x_wconf 84' lang='lat' dir='ltr'>p</span> <span class='ocrx_word' id='word_1_306' title='bbox 1351 2091 1571 2143; x_wconf 88' lang='lat' dir='ltr'>permutari</span> <span class='ocrx_word' id='word_1_307' title='bbox 1604 2102 1758 2127; x_wconf 87' lang='lat' dir='ltr'>novum</span> 
     </span>
     <span class='ocr_line' id='line_1_36' title="bbox 309 2143 1755 2202; baseline -0.005 -13"><span class='ocrx_word' id='word_1_308' title='bbox 309 2164 391 2189; x_wconf 89' lang='lat' dir='ltr'>non</span> <span class='ocrx_word' id='word_1_309' title='bbox 422 2157 493 2189; x_wconf 88' lang='lat' dir='ltr'>est.</span> <span class='ocrx_word' id='word_1_310' title='bbox 551 2149 641 2186; x_wconf 89' lang='lat' dir='ltr'>ltali</span> <span class='ocrx_word' id='word_1_311' title='bbox 670 2162 830 2202; x_wconf 88' lang='lat' dir='ltr'>quoque</span> <span class='ocrx_word' id='word_1_312' title='bbox 850 2147 981 2186; x_wconf 86' lang='lat' dir='ltr'>adhuc</span> <span class='ocrx_word' id='word_1_313' title='bbox 1002 2146 1121 2184; x_wconf 87' lang='lat' dir='ltr'>hodie</span> <span class='ocrx_word' id='word_1_314' title='bbox 1150 2147 1300 2200; x_wconf 81' lang='lat' dir='ltr'>capello</span> <span class='ocrx_word' id='word_1_315' title='bbox 1327 2159 1401 2198; x_wconf 87' lang='lat' dir='ltr'>pro</span> <span class='ocrx_word' id='word_1_316' title='bbox 1428 2145 1573 2200; x_wconf 75' lang='lat' dir='ltr'>capillo</span> <span class='ocrx_word' id='word_1_317' title='bbox 1601 2143 1755 2182; x_wconf 88' lang='lat' dir='ltr'>dicunt.</span> 
     </span>
     <span class='ocr_line' id='line_1_37' title="bbox 312 2197 1756 2259; baseline -0.006 -14"><span class='ocrx_word' id='word_1_318' title='bbox 312 2205 424 2245; x_wconf 89' lang='lat' dir='ltr'>Olim</span> <span class='ocrx_word' id='word_1_319' title='bbox 469 2218 629 2257; x_wconf 84' lang='lat' dir='ltr'>quoque</span> <span class='ocrx_word' id='word_1_320' title='bbox 673 2205 845 2259; x_wconf 79' lang='lat' dir='ltr'>capellas</span> <span class='ocrx_word' id='word_1_321' title='bbox 890 2203 997 2241; x_wconf 91' lang='lat' dir='ltr'>idem</span> <span class='ocrx_word' id='word_1_322' title='bbox 1051 2208 1170 2254; x_wconf 87' lang='lat' dir='ltr'>atque</span> <span class='ocrx_word' id='word_1_323' title='bbox 1198 2201 1443 2239; x_wconf 81' lang='lat' dir='ltr'>camelaucia</span> <span class='ocrx_word' id='word_1_324' title='bbox 1485 2197 1756 2253; x_wconf 84' lang='lat' dir='ltr'>appellabant.</span> 
     </span>
     <span class='ocr_line' id='line_1_38' title="bbox 312 2253 1759 2310; baseline -0.006 -11"><span class='ocrx_word' id='word_1_325' title='bbox 312 2261 555 2299; x_wconf 77' lang='lat' dir='ltr'>ordinarius</span> <span class='ocrx_word' id='word_1_326' title='bbox 587 2258 771 2297; x_wconf 82' lang='lat' dir='ltr'>ecclesiae</span> <span class='ocrx_word' id='word_1_327' title='bbox 800 2257 1101 2310; x_wconf 79' lang='lat' dir='ltr'>Rotomagensis</span> <span class='ocrx_word' id='word_1_328' title='bbox 1129 2255 1235 2308; x_wconf 85' lang='lat' dir='ltr'>apud</span> <span class='ocrx_word' id='word_1_329' title='bbox 1247 2257 1315 2294; x_wconf 88' lang='lat' dir='ltr'>Du</span> <span class='ocrx_word' id='word_1_330' title='bbox 1345 2256 1541 2308; x_wconf 82' lang='lat' dir='ltr'>Cangium</span> <span class='ocrx_word' id='word_1_331' title='bbox 1569 2268 1611 2293; x_wconf 89' lang='lat' dir='ltr'>v.</span> <span class='ocrx_word' id='word_1_332' title='bbox 1643 2253 1759 2292; x_wconf 80' lang='lat' dir='ltr'>Pere-</span> 
     </span>
     <span class='ocr_line' id='line_1_39' title="bbox 310 2306 1757 2368; baseline -0.006 -14"><span class='ocrx_word' id='word_1_333' title='bbox 310 2317 472 2368; x_wconf 70' lang='lat' dir='ltr'>grinus:</span> <span class='ocrx_word' id='word_1_334' title='bbox 531 2314 697 2353; x_wconf 79' lang='lat' dir='ltr'>habeant</span> <span class='ocrx_word' id='word_1_335' title='bbox 737 2314 911 2367; x_wconf 78' lang='lat' dir='ltr'>capellos</span> <span class='ocrx_word' id='word_1_336' title='bbox 958 2326 1074 2366; x_wconf 74' lang='lat' dir='ltr'>super</span> <span class='ocrx_word' id='word_1_337' title='bbox 1123 2312 1278 2366; x_wconf 74' lang='lat' dir='ltr'>capita,</span> <span class='ocrx_word' id='word_1_338' title='bbox 1321 2317 1361 2349; x_wconf 89' lang='lat' dir='ltr'>et</span> <span class='ocrx_word' id='word_1_339' title='bbox 1415 2311 1456 2349; x_wconf 90' lang='lat' dir='ltr'>in</span> <span class='ocrx_word' id='word_1_340' title='bbox 1495 2309 1572 2348; x_wconf 88' lang='lat' dir='ltr'>alia</span> <span class='ocrx_word' id='word_1_341' title='bbox 1616 2306 1757 2346; x_wconf 81' lang='lat' dir='ltr'>charta</span> 
     </span>
     <span class='ocr_line' id='line_1_40' title="bbox 313 2362 1757 2424; baseline -0.007 -15"><span class='ocrx_word' id='word_1_342' title='bbox 313 2371 422 2424; x_wconf 84' lang='lat' dir='ltr'>apud</span> <span class='ocrx_word' id='word_1_343' title='bbox 452 2369 623 2408; x_wconf 88' lang='lat' dir='ltr'>eundem</span> <span class='ocrx_word' id='word_1_344' title='bbox 659 2383 701 2408; x_wconf 89' lang='lat' dir='ltr'>v.</span> <span class='ocrx_word' id='word_1_345' title='bbox 733 2370 996 2422; x_wconf 76' lang='lat' dir='ltr'>Pur-pumtum</span> <span class='ocrx_word' id='word_1_346' title='bbox 1032 2373 1268 2405; x_wconf 85' lang='lat' dir='ltr'>numeratur</span> <span class='ocrx_word' id='word_1_347' title='bbox 1313 2367 1418 2404; x_wconf 85' lang='lat' dir='ltr'>inter</span> <span class='ocrx_word' id='word_1_348' title='bbox 1444 2378 1553 2403; x_wconf 86' lang='lat' dir='ltr'>arma</span> <span class='ocrx_word' id='word_1_349' title='bbox 1581 2362 1757 2415; x_wconf 80' lang='lat' dir='ltr'>capellus</span> 
     </span>
     <span class='ocr_line' id='line_1_41' title="bbox 297 2418 1760 2477; baseline -0.007 -13"><span class='ocrx_word' id='word_1_350' title='bbox 297 2427 460 2477; x_wconf 69' lang='lat' dir='ltr'>fi’rreus</span> <span class='ocrx_word' id='word_1_351' title='bbox 480 2456 490 2472; x_wconf 81' lang='lat'>,</span> <span class='ocrx_word' id='word_1_352' title='bbox 522 2424 598 2463; x_wconf 87' lang='lat' dir='ltr'>hoc</span> <span class='ocrx_word' id='word_1_353' title='bbox 636 2433 693 2462; x_wconf 88' lang='lat' dir='ltr'>est</span> <span class='ocrx_word' id='word_1_354' title='bbox 720 2425 852 2476; x_wconf 82' lang='lat' dir='ltr'>galea.</span> <span class='ocrx_word' id='word_1_355' title='bbox 909 2423 1054 2462; x_wconf 87' lang='lat' dir='ltr'>Essent</span> <span class='ocrx_word' id='word_1_356' title='bbox 1093 2422 1213 2474; x_wconf 83' lang='lat' dir='ltr'>igitur</span> <span class='ocrx_word' id='word_1_357' title='bbox 1238 2421 1476 2459; x_wconf 82' lang='lat' dir='ltr'>camelaucia</span> <span class='ocrx_word' id='word_1_358' title='bbox 1504 2418 1610 2456; x_wconf 86' lang='lat' dir='ltr'>idem</span> <span class='ocrx_word' id='word_1_359' title='bbox 1638 2423 1760 2468; x_wconf 83' lang='lat' dir='ltr'>atque</span> 
     </span>
     <span class='ocr_line' id='line_1_42' title="bbox 312 2471 1758 2535; baseline -0.005 -17"><span class='ocrx_word' id='word_1_360' title='bbox 312 2476 532 2535; x_wconf 54' lang='lat' dir='ltr'>&#39;capellacz&#39;a</span> <span class='ocrx_word' id='word_1_361' title='bbox 572 2478 638 2518; x_wconf 85' lang='lat' dir='ltr'>vel</span> <span class='ocrx_word' id='word_1_362' title='bbox 665 2480 871 2534; x_wconf 75' lang='lat' dir='ltr'>capillacia</span> <span class='ocrx_word' id='word_1_363' title='bbox 891 2507 902 2527; x_wconf 84' lang='lat'>‚</span> <span class='ocrx_word' id='word_1_364' title='bbox 942 2484 1171 2530; x_wconf 82' lang='lat' dir='ltr'>tegumenta</span> <span class='ocrx_word' id='word_1_365' title='bbox 1214 2475 1463 2529; x_wconf 87' lang='lat' dir='ltr'>capillorum.</span> <span class='ocrx_word' id='word_1_366' title='bbox 1530 2471 1758 2511; x_wconf 87' lang='lat' dir='ltr'>Chronicon</span> 
     </span>
     <span class='ocr_line' id='line_1_43' title="bbox 315 2527 1757 2587; baseline -0.007 -15"><span class='ocrx_word' id='word_1_367' title='bbox 315 2535 508 2574; x_wconf 81' lang='lat' dir='ltr'>Vosiense</span> <span class='ocrx_word' id='word_1_368' title='bbox 539 2535 659 2587; x_wconf 89' lang='lat' dir='ltr'>(apud</span> <span class='ocrx_word' id='word_1_369' title='bbox 688 2536 754 2573; x_wconf 87' lang='lat' dir='ltr'>Du</span> <span class='ocrx_word' id='word_1_370' title='bbox 784 2534 978 2586; x_wconf 82' lang='lat' dir='ltr'>Cangium</span> <span class='ocrx_word' id='word_1_371' title='bbox 1009 2547 1046 2572; x_wconf 85' lang='lat' dir='ltr'>v.</span> <span class='ocrx_word' id='word_1_372' title='bbox 1075 2532 1240 2581; x_wconf 78' lang='lat' dir='ltr'>Boneta)</span> <span class='ocrx_word' id='word_1_373' title='bbox 1264 2546 1273 2569; x_wconf 91' lang='lat'>:</span> <span class='ocrx_word' id='word_1_374' title='bbox 1318 2532 1454 2569; x_wconf 74' lang='lat' dir='ltr'>mitras</span> <span class='ocrx_word' id='word_1_375' title='bbox 1467 2527 1670 2580; x_wconf 77' lang='lat' dir='ltr'>gestabant</span> <span class='ocrx_word' id='word_1_376' title='bbox 1692 2528 1757 2564; x_wconf 84' lang='grc' dir='ltr'><strong><em>ἰιι-</em></strong></span> 
     </span>
     <span class='ocr_line' id='line_1_44' title="bbox 319 2580 1760 2643; baseline -0.006 -17"><span class='ocrx_word' id='word_1_377' title='bbox 319 2603 432 2627; x_wconf 73' lang='lat' dir='ltr'>venes</span> <span class='ocrx_word' id='word_1_378' title='bbox 465 2591 658 2643; x_wconf 68' lang='lat' dir='ltr'>utrimque</span> <span class='ocrx_word' id='word_1_379' title='bbox 689 2604 805 2628; x_wconf 68' lang='lat' dir='ltr'>sexus</span> <span class='ocrx_word' id='word_1_380' title='bbox 819 2619 830 2639; x_wconf 82' lang='lat'><em>‚</em></span> <span class='ocrx_word' id='word_1_381' title='bbox 863 2603 960 2643; x_wconf 76' lang='lat' dir='ltr'>quas</span> <span class='ocrx_word' id='word_1_382' title='bbox 985 2587 1178 2626; x_wconf 80' lang='lat' dir='ltr'>vocabant</span> <span class='ocrx_word' id='word_1_383' title='bbox 1204 2586 1356 2624; x_wconf 67' lang='lat' dir='ltr'>bonetus</span> <span class='ocrx_word' id='word_1_384' title='bbox 1395 2591 1486 2637; x_wconf 80' lang='lat' dir='ltr'>post</span> <span class='ocrx_word' id='word_1_385' title='bbox 1510 2582 1682 2636; x_wconf 83' lang='lat' dir='ltr'>capellas</span> <span class='ocrx_word' id='word_1_386' title='bbox 1709 2580 1760 2618; x_wconf 87' lang='lat' dir='ltr'>de</span> 
     </span>
     <span class='ocr_line' id='line_1_45' title="bbox 320 2638 1759 2696; baseline -0.006 -15"><span class='ocrx_word' id='word_1_387' title='bbox 320 2643 401 2682; x_wconf 84' lang='lat' dir='ltr'>lino</span> <span class='ocrx_word' id='word_1_388' title='bbox 423 2646 490 2682; x_wconf 82' lang='lat' dir='ltr'>vel</span> <span class='ocrx_word' id='word_1_389' title='bbox 517 2643 664 2696; x_wconf 74' lang='lat' dir='ltr'>coffi&#39;as.</span> <span class='ocrx_word' id='word_1_390' title='bbox 727 2644 844 2683; x_wconf 83' lang='lat' dir='ltr'>Clare</span> <span class='ocrx_word' id='word_1_391' title='bbox 864 2650 971 2696; x_wconf 87' lang='lat' dir='ltr'>patet</span> <span class='ocrx_word' id='word_1_392' title='bbox 1005 2643 1078 2681; x_wconf 80' lang='lat' dir='ltr'>hic·</span> <span class='ocrx_word' id='word_1_393' title='bbox 1099 2641 1190 2687; x_wconf 84' lang='lat' dir='ltr'>loci,</span> <span class='ocrx_word' id='word_1_394' title='bbox 1222 2638 1388 2692; x_wconf 87' lang='lat' dir='ltr'>capellas</span> <span class='ocrx_word' id='word_1_395' title='bbox 1418 2651 1503 2676; x_wconf 89' lang='lat' dir='ltr'>esse</span> <span class='ocrx_word' id='word_1_396' title='bbox 1528 2643 1759 2689; x_wconf 84' lang='lat' dir='ltr'>tegumenta</span> 
     </span>
     <span class='ocr_line' id='line_1_46' title="bbox 321 2691 1760 2750; baseline -0.004 -16"><span class='ocrx_word' id='word_1_397' title='bbox 321 2699 461 2749; x_wconf 85' lang='lat' dir='ltr'>eapitis</span> <span class='ocrx_word' id='word_1_398' title='bbox 484 2730 493 2745; x_wconf 78' lang='lat'>‚</span> <span class='ocrx_word' id='word_1_399' title='bbox 536 2714 637 2750; x_wconf 83' lang='lat' dir='ltr'>quae</span> <span class='ocrx_word' id='word_1_400' title='bbox 663 2699 889 2737; x_wconf 80' lang='lat' dir='ltr'>immediate</span> <span class='ocrx_word' id='word_1_401' title='bbox 919 2696 1080 2749; x_wconf 85' lang='lat' dir='ltr'>capillos</span> <span class='ocrx_word' id='word_1_402' title='bbox 1114 2701 1284 2747; x_wconf 84' lang='lat' dir='ltr'>tangunt</span> <span class='ocrx_word' id='word_1_403' title='bbox 1330 2699 1368 2730; x_wconf 86' lang='lat' dir='ltr'>et</span> <span class='ocrx_word' id='word_1_404' title='bbox 1407 2692 1481 2730; x_wconf 90' lang='lat' dir='ltr'>hos</span> <span class='ocrx_word' id='word_1_405' title='bbox 1509 2691 1612 2729; x_wconf 90' lang='lat' dir='ltr'>inter</span> <span class='ocrx_word' id='word_1_406' title='bbox 1639 2698 1760 2743; x_wconf 86' lang='lat' dir='ltr'>atque</span> 
     </span>
     <span class='ocr_line' id='line_1_47' title="bbox 322 2745 1759 2806; baseline -0.005 -16"><span class='ocrx_word' id='word_1_407' title='bbox 322 2751 490 2791; x_wconf 81' lang='lat' dir='ltr'>bonetos</span> <span class='ocrx_word' id='word_1_408' title='bbox 519 2754 802 2804; x_wconf 84' lang='lat' dir='ltr'>intercedunt,</span> <span class='ocrx_word' id='word_1_409' title='bbox 847 2752 1032 2804; x_wconf 80' lang='lat' dir='ltr'>qualibus</span> <span class='ocrx_word' id='word_1_410' title='bbox 1062 2750 1191 2806; x_wconf 70' lang='lat' dir='ltr'>⁴hodie</span> <span class='ocrx_word' id='word_1_411' title='bbox 1230 2747 1336 2801; x_wconf 84' lang='lat' dir='ltr'>apud</span> <span class='ocrx_word' id='word_1_412' title='bbox 1363 2760 1437 2786; x_wconf 87' lang='lat' dir='ltr'>nos</span> <span class='ocrx_word' id='word_1_413' title='bbox 1462 2747 1625 2800; x_wconf 89' lang='lat' dir='ltr'>quidem</span> <span class='ocrx_word' id='word_1_414' title='bbox 1653 2745 1759 2786; x_wconf 86' lang='lat' dir='ltr'>solae</span> 
     </span>
    </p>
   </div>
  </div>
 </body>
</html>
