1884 3132
180 165 254 210 AD
297 162 592 209 CONSTANT.
629 165 825 208 PORPH.
866 167 939 207 DE
970 166 1151 208 cmm.
1197 167 1293 207 Lm.
1337 169 1388 206 11.
1436 166 1536 220 721

109 274 196 316 tce,
223 275 293 307 aut
321 269 411 314 ταῖς
439 264 770 319 προῤῥηθεισαις
806 273 876 305 aut
920 264 1179 318 οἷναβάθροις
1207 265 1418 320 legendum
1450 280 1544 309 esse,

107 322 187 362 Sed
230 324 325 362 novi
370 323 509 360 Graeci
555 323 832 374 grammaticos
871 335 1012 374 parum
1057 329 1211 363 curant.
1283 322 1324 359 Si
1371 322 1548 374 exempla

107 375 203 416 huic
231 375 373 416 similia
401 378 442 415 in
471 377 697 414 adversaria
725 374 969 425 retulissem,
999 390 1154 428 possem
1182 390 1319 414 eorum
1350 376 1546 429 inuentum

110 446 300 471 acervum
327 432 436 470 dare.
510 430 587 470 Sed
615 431 784 483 paucis,
816 445 943 495 quae*
946 433 1165 480 annotavi,
1194 431 1402 482 defungar.
1460 431 1546 470 Eu-

111 486 243 525 sebius
286 487 391 526 Hist.
430 485 581 525 Eceles.
637 486 691 524 V.
722 485 786 524 30.
826 500 866 538 p.
900 484 985 539 159.
1005 486 1060 524 D.
1092 500 1135 539 9.
1165 485 1258 524 edit.
1287 486 1543 537 Moguntina

110 539 308 589 ἐξουσιῶν
342 534 702 602 παραπεμπόντων
720 553 794 606 pro
814 539 1193 591 παραπεμπουσῶν.
1253 540 1396 578 Nostei
1426 555 1545 603 supin

110 609 152 648 p.
183 595 246 635 16.
268 596 320 635 D.
338 609 377 634 2.
391 595 574 634 ,πυλων
599 593 680 633 τῶν
707 590 910 645 ἀγόντων,
935 601 974 632 et
1001 594 1120 646 paulo
1150 601 1239 646 post
1267 591 1546 647 εισφερόντωι

110 664 183 703 pro
211 649 401 701 α’γουσῶν
429 657 468 689 et
495 647 790 711 εἰσφερουσων.
850 649 1027 688 Hexodes
1043 649 1200 688 Atticus
1227 650 1268 686 in
1298 650 1545 689 dedicatione

110 705 271 744 Statuae
298 704 472 758 Regillae
499 718 539 742 v.
583 699 814 755 ὲλαιήεντες
852 717 1030 754 αρουραι
1061 704 1159 742 dixit
1187 718 1260 756 pio
1288 701 1544 755 ἐλαιήεσσαι.

110 760 159 798 111
187 760 316 798 edicto
352 758 495 797 Iuliani
524 758 649 797 Prisci
678 758 785 821 apud
826 758 1045 796 Pocokium
1077 759 1118 796 in
1148 759 1330 821 Inscript.
1374 774 1415 812 p.
1434 758 1503 798 66.

109 810 269 854 εἴσοδον
294 810 565 877 ποιὴσάμενος
593 811 651 858 εἰς
679 805 724 851 τὸ
755 808 954 863 1ἡμέτερον
987 808 1255 877 δικαστήριον
1283 811 1543 875 α’τοπωτάτηι

107 865 230 932 ἧμῖν-
227 863 523 934 προσήγγειλεν
577 866 712 921 [περὶ]
739 865 927 918 πράξεων
955 865 1183 906 τελούντων
1211 866 1269 913 εἰς
1296 863 1341 906 τὸ
1369 869 1472 917 βου]
1476 882 1545 905 ευ-

109 917 249 974 vigum·
274 922 355 962 τῶν
382 919 552 961 ὑπάτων
579 929 655 960 etc.
709 921 835 960 Plura
859 936 997 975 exemp
1000 922 1037 961 la
1066 936 1088 961 e
1116 923 1390 961 vetustissimis
1420 923 1544 975 poetis

110 977 267 1030 collegit
290 976 548 1016 casaubonus
575 976 626 1016 ad
651 976 901 1015 Athenaeum
929 992 969 1030 p.
993 978 1085 1016 230.
1117 977 1269 1016 Duker.
1299 978 1350 1015 ad
1377 978 1545 1030 Thucy-

111 1031 196 1070 did.
228 1031 279 1070 N.
309 1046 374 1086 79.
406 1046 445 1084 p.
479 1030 573 1081 564.
591 1061 603 1081 ,
660 1031 730 1069 ubi
769 1046 851 1070 non
889 1038 1047 1070 tantum
1095 1032 1238 1070 κοινᾶν
1274 1028 1425 1070 ἐόντων
1471 1033 1546 1070 τᾶν

109 1085 289 1125 σπονδᾶν
327 1090 414 1140 (pro
448 1086 593 1126 κοινῶν
629 1084 766 1125 ου’σῶν
807 1085 889 1124 τῶν
917 1086 1138 1136 σπονδῶι),
1170 1086 1383 1125 sedetiam
1407 1086 1449 1124 αἱ
1473 1079 1548 1124 αλ-

107 1141 181 1179 λιιι
209 1137 372 1208 πόλιες
370 1163 425 1172 -·
465 1135 715 1191 αυτόνομοι,
759 1136 918 1190 ἔχοντες
949 1138 1028 1179 τὰν
1057 1139 1195 1180 αὑτων
1231 1148 1305 1180 ete.
1363 1141 1471 1179 Idem
1503 1155 1542 1193 p.

112 1193 206 1234 553.
235 1195 309 1237 ult.
336 1187 395 1235 ων
436 1194 708 1245 κυρωθέντων
731 1224 743 1245 ,
779 1196 962 1247 quamvis
1002 1197 1257 1248 praecesseiit
1298 1196 1473 1234 πίστεων
1508 1203 1548 1234 et

109 1244 613 1301 avvaqxag.0hseivav1
639 1250 797 1288 schema
825 1249 902 1288 hoc
931 1252 1051 1289 etiam
1078 1251 1187 1303 apud
1205 1250 1442 1303 Sophoclem
1471 1250 1545 1288 ali-

111 1305 294 1356 quoties;
322 1307 416 1357 quia
446 1312 577 1343 tamen
607 1303 712 1342 locos
745 1318 825 1342 non
856 1307 1044 1353 enotavi,
1076 1320 1183 1344 nunc
1213 1319 1291 1343 non
1322 1306 1543 1354 snccuirit,

113 1357 188 1396 nisi
215 1372 356 1397 unicus
383 1358 450 1397 ille
478 1360 516 1397 in
549 1359 705 1412 Oedipo
735 1357 910 1398 Coloneo
940 1373 979 1402 v.
1007 1358 1123 1414 1747.
1113 1388 1143 1411 .,
1177 1359 1246 1398 ubi
1267 1360 1414 1412 Oedipi
1444 1359 1546 1398 duae

111 1411 215 1451 filiae
243 1412 293 1451 de
320 1427 361 1452 se
388 1414 554 1453 dicunt·

276 1475 321 1516 ἐν
349 1475 523 1531 πυμὰτω
552 1477 587 1516 δ’
611 1473 809 1530 αλόγιστα
838 1477 1094 1532 παροίσομεν

279 1529 413 1571 ἰδόντε
443 1547 509 1572 και
538 1534 752 1572 παθοῦσα.

113 1595 177 1635 Ad
205 1603 325 1649 quem
355 1597 488 1636 locum
515 1597 734 1637 Scholiasta
771 1598 867 1637 haec
909 1604 1054 1637 notat·
1086 1594 1222 1637 ἰδόντε
1250 1612 1319 1636 και
1348 1597 1546 1637 παθοῦσα

117 1650 214 1689 α’ντι
238 1651 312 1690 τοῦ
352 1651 521 1691 ἰδοῦσαι
557 1666 626 1690 και
665 1653 906 1719 παθοῦσαιζ
947 1653 1160 1703 πολὶαχοῦ
1202 1652 1247 1691 δὲ
1275 1653 1330 1706 τῷ
1357 1651 1543 1703 σγήιιατι

113 1705 297 1771 χρῆται,
329 1705 420 1745 αἰτί
446 1721 529 1745 των
556 1707 750 1759 θηλυκων
789 1723 838 1746 τα
879 1704 1075 1758 α’ρσειικά
1102 1705 1256 1753 τιθείς·
1315 1721 1382 1745 και
1411 1709 1454 1746 εἰν
1470 1706 1544 1746 'H-

113 1761 264 1814 λεκτρᾳ
307 1768 346 1799 et
374 1775 477 1814 quae
519 1761 574 1799 ibi
613 1761 765 1815 reliqua
802 1761 923 1800 habet
965 1766 1099 1800 omnia
1145 1762 1408 1811 conserenda,
1441 1763 1548 1801 unde

110 1818 244 1867 patet,
274 1815 433 1854 schema
460 1816 500 1855 id
528 1816 623 1855 olim
653 1817 817 1870 vulgare
844 1824 883 1855 et
911 1817 1095 1879 fiequens
1123 1817 1256 1856 fuisse.

224 1870 270 1908 C.
294 1870 333 1908 3.
361 1869 476 1924 [609,
499 1870 585 1924 21.]
612 1871 839 1919 ταξεωτῶν.
901 1867 1024 1919 Τάξις
1063 1879 1103 1910 et
1127 1871 1266 1923 τάγμα
1294 1879 1375 1918 est,
1409 1872 1454 1909 ut
1475 1886 1542 1910 su-

115 1934 187 1975 pra
205 1923 577 1973 demonstravimus,
608 1926 767 1975 cohors,
791 1940 894 1978 quae
922 1926 972 1964 a'd
1003 1928 1281 1979 magistratus,
1313 1927 1544 1979 piaesertim

114 1978 307 2017 Praefecti
335 1979 457 2028 Urbi,
488 1981 782 2032 dispositionem
811 1989 896 2027 est,
929 1982 1005 2033 ipsi
1034 1989 1190 2044 praesto
1220 1986 1300 2031 est,
1329 1984 1413 2018 eius
1430 1995 1543 2018 man-

116 2032 218 2070 datis
251 2033 505 2085 expediundis
533 2036 687 2085 servit,
716 2035 857 2074 cohors
880 2037 1153 2098 ‘apparitoria3
1184 2036 1277 2073 hinc
1306 2036 1450 2074 milites
1477 2049 1546 2072 ui·-

116 2086 211 2125 bani
250 2089 512 2139 praesidiarii.
576 2089 850 2144 *[Ταξιωται
878 2091 919 2128 111
947 2091 1025 2129 Ed.
1057 2092 1140 2129 Iur.
1170 2092 1243 2128 Gr.
1282 2098 1321 2129 et
1359 2091 1475 2128 Rom.
1507 2096 1546 2126 et

116 2141 267 2180 Chron.
297 2141 565 2182 Alexandrino
601 2159 676 2196 pro
717 2144 950 2183 officialibus
993 2153 1032 2184 et
1058 2146 1273 2191 111111151115,
1321 2147 1389 2196 qui
1419 2145 1545 2195 magi-

117 2196 304 2234 stratibus
335 2203 374 2234 et
398 2198 657 2238 assessoribus
674 2206 829 2251 praesto
849 2206 965 2249 sunt,
995 2200 1092 2238 alias
1120 2198 1367 2245 cohortales,
1399 2199 1544 2237 cohor-

114 2249 511 2302 talini,e³rza971uoc
537 2260 576 2291 et
603 2253 871 2316 praefectiani.
928 2255 974 2292 111
995 2253 1160 2293 novellis
1187 2254 1417 2291 Iustiniani:
1447 2247 1546 2290 τάτ-

114 2305 262 2343 teneat
291 2302 337 2343 ἐν
363 2303 580 2352 ταξεωταις
620 2306 693 2346 τοῦ
725 2304 1016 2360 λαμπροτάτου
1060 2308 1134 2358 τῆς
1163 2304 1368 2357 ἐπαρχίας
1395 2317 1546 2356 αρχον-

114 2364 185 2404 τος
229 2358 258 2397 l.
297 2373 334 2398 c.
363 2373 403 2412 p.
436 2359 548 2413 279.]
570 2359 591 2382 '⁸'
658 2361 745 2399 Hoc
782 2360 833 2399 cl.
862 2362 994 2401 Leieh.
1038 2363 1079 2399 in
1123 2361 1306 2409 schedis,
1336 2363 1375 2398 in
1403 2360 1553 2412 quibus

117 2412 244 2451 multa
270 2413 320 2452 de
344 2414 617 2452 correctoribuae
641 2417 946 2468 provinciarum
986 2422 1258 2468 congesserat,
1286 2422 1332 2452 ut
1362 2415 1546 2453 videatur

115 2465 194 2506 hoc
221 2467 271 2506 de
298 2472 529 2521 argumento
552 2470 809 2508 commentari
840 2469 1024 2509 voluisse.

226 2522 272 2560 C.
292 2521 334 2561 8.
364 2522 479 2576 [61o,
497 2521 537 2573 4.
544 2521 565 2575 [
587 2535 752 2577 ασωμεν
778 2523 836 2576 τῷ
862 2523 1000 2576 κύρι’ῳ.
1055 2522 1131 2561 Est
1156 2536 1200 2561 ex
1229 2522 1379 2576 hymno
1405 2516 1545 2571 Mos'is,

119 2588 237 2626 quern
264 2584 353 2629 post
377 2577 579 2616 traductos
618 2590 688 2630 per
716 2590 825 2615 mare
861 2561 1030 2615 rubriim
1063 2577 1228 2615 Iudaeos
1255 2578 1410 2616 cecinit.
1467 2577 1547 2616 Sed

121 2628 236 2678 illud,
256 2631 363 2682 quod
378 2634 554 2684 sequitui
570 2646 611 2684 p.
634 2631 726 2671 553.
746 2631 797 2669 A.
811 2643 872 2669 11.
885 2627 1056 2676 τίςθεὸς
1071 2631 1214 2682 μέγας,
1245 2639 1340 2670 este
1359 2630 1544 2670 Psalmis.
1551 2643 1556 2647 ’

117 2682 255 2722 Fuisse
283 2685 483 2724 solennem
521 2686 680 2725 Graecis
721 2683 931 2725 formulam
959 2684 1152 2726 iubilandi
1180 2693 1270 2740 post
1301 2693 1455 2741 partam
1484 2687 1548 2725 vi·-

168 2759 427 2797 Constantinus
453 2762 626 2809 Porphyr
659 2763 733 2797 Vol.
758 2761 806 2798 Π.
1240 2762 1284 2807 46
