1884 3132
689 521 1458 573 1o.1Ac.RE151<11

485 630 1658 694 COMMENTARII

1047 764 1110 790 AD

621 851 1523 902 CLETOROLOGIUM

1038 958 1123 992 SEU

403 1032 633 1099 'LIBRUM
685 1060 759 1099 DE
797 1059 1017 1099 RlTlBUS
1056 1059 1361 1100 SACRARUM
1411 1059 1729 1100 EPULARUM

776 1158 971 1199 AULAE
999 1159 1374 1199 BYZANTINAE.

357 1381 427 1448 P
427 1431 490 1470 ag.
519 1415 612 1468 406.
631 1416 679 1460 A.
712 1417 751 1469 4.
792 1417 903 1472 [7022
923 1416 983 1472 2]
1012 1417 1264 1470 κλητωρῖων.
1325 1417 1478 1459 Vocare
1508 1418 1612 1471 apud
1646 1418 1811 1457 Latinos

357 1474 593 1524 simpliciter
620 1486 693 1524 pro
731 1487 904 1522 vocare,
937 1474 1108 1512 invitare
1139 1473 1190 1512 ad
1223 1487 1387 1513 coenam
1418 1481 1650 1527 usurpatur.
1706 1473 1812 1512 Hinc

358 1529 402 1566 in
433 1528 517 1567 Vit.
547 1526 682 1566 Basilii
712 1529 943 1567 Macedonis
973 1543 1014 1582 p.
1031 1542 1123 1583 207.
1156 1528 1201 1567 C.
1231 1543 1270 1583 7.
1298 1525 1335 1568 οἱ
1357 1528 1595 1582 κεκλημένοι
1614 1535 1708 1568 sunt
1735 1528 1811 1578 illi,

359 1584 431 1637 qui
462 1582 521 1621 ad
553 1597 686 1622 sacras
714 1585 882 1623 invitari
914 1584 1052 1622 solent.
1110 1584 1213 1622 Hinc
1242 1581 1403 1636 κλήτωρ
1426 1614 1437 1631 ,
1480 1593 1668 1635 vocator,
1704 1585 1812 1622 invi-

359 1644 481 1685 tator,
511 1636 754 1689 κλητώριον,
784 1639 1028 1690 convivium,
1058 1639 1108 1677 ad
1123 1639 1233 1692 quod
1259 1647 1456 1678 vocantur
1488 1639 1619 1686 amici,
1644 1638 1811 1677 adhibe-

360 1699 429 1731 tur
456 1691 597 1742 detor,
627 1693 832 1743 invitator,
869 1693 1172 1747 nomenclator⁸⁷
1204 1701 1244 1732 et
1271 1688 1562 1746 κλητωρεύειν,
1593 1693 1651 1732 ad
1675 1694 1813 1732 convi—
1868 1739 1877 1747 1

361 1748 470 1786 vium
498 1761 657 1786 vocare.
715 1748 835 1788 Notat
878 1763 1042 1802 quoque
1078 1744 1306 1801 κλητιόριον
1357 1750 1574 1788 triclinium
1633 1747 1696 1787 vel
1748 1762 1815 1786 sa-

363 1801 444 1840 lam
464 1832 474 1849 ‚
514 1803 555 1840 in
591 1816 670 1855 qua
698 1805 888 1843 convivia
923 1803 1189 1845 celebrantur.
1245 1804 1308 1842 De
1336 1803 1483 1857 quibus
1511 1803 1698 1843 omnibus
1727 1802 1811 1844 vid.

363 1857 434 1896 Du
463 1857 658 1910 Gangium
685 1857 814 1900 Gloss.
845 1860 917 1901 Gr.
952 1858 994 1900 h.
1023 1873 1063 1898 v.

474 1913 663 1965 Magnam
693 1912 822 1951 habeo
853 1915 1021 1967 gratiam
1051 1914 1264 1961 fortunae,
1318 1913 1428 1966 quod
1460 1913 1700 1967 opusculum
1738 1912 1816 1951 hoc

364 1966 510 2006 scitum
538 1974 577 2006 et
606 1965 712 2006 lectu
742 1968 907 2021 dignum
945 1968 1060 2008 nobis
1100 1969 1378 2020 conservavit,
1419 1970 1460 2007 in
1487 1983 1567 2022 quo
1586 1976 1696 2008 totus
1716 1967 1817 2006 ordo

364 2036 457 2060 cum
494 2021 733 2075 dignitatum
770 2030 810 2062 et
846 2022 1068 2063 officiorum
1104 2022 1329 2062 aulicorum
1369 2030 1408 2063 et
1445 2023 1697 2072 militarium,
1725 2029 1814 2061 tum

367 2079 487 2116 etiam
516 2091 719 2116 sacrarum
744 2077 954 2131 epularum
974 2077 1135 2132 publice
1154 2078 1350 2130 editarum
1373 2086 1560 2118 accurate
1585 2078 1813 2132 exponitur.

478 2132 523 2174 Β.
560 2133 620 2170 13.
650 2132 763 2186 [7⁰2³
786 2131 842 2187 7.]
873 2130 989 2190 ‘gwy'-
1049 2133 1105 2172 A.
1144 2134 1204 2172 Μ.
1238 2132 1359 2185 6408.
1408 2134 1547 2173 incidit
1583 2135 1626 2172 'm
1663 2146 1815 2171 annum

369 2184 521 2225 Christi
550 2200 644 2240 9⁰⁰·

481 2241 527 2282 B.
558 2255 596 2279 2.
630 2240 746 2296 [7⁰²³
767 2241 825 2293 8.]
859 2238 1109 2293 α’τρικλίνου.
1167 2241 1232 2280 Sic
1251 2242 1488 2296 plerumque
1517 2241 1704 2281 scribitur
1722 2241 1822 2280 haec

366 2308 464 2345 vox3
492 2296 692 2335 interdum
711 2304 844 2336 tamen
873 2298 993 2336 etiam
1012 2298 1211 2351 reperitur
1227 2296 1464 2350 οἶρτοκλίνης
1485 2305 1524 2336 et
1550 2299 1663 2351 peius
1687 2296 1819 2335 adhuc

373 2347 627 2402 α’ρτικλίνης.
686 2353 881 2402 Quamvis
919 2353 1024 2391 enim
1065 2353 1258 2406 originem
1294 2352 1367 2406 ipsi
1400 2352 1554 2391 dederit
1594 2348 1820 2403 corruptela

369 2405 538 2458 prioris,
566 2405 863 2458 quodammodo
891 2414 1025 2446 tamen
1053 2414 1092 2446 et
1122 2409 1206 2460 ipsa
1231 2407 1330 2446 haec
1360 2421 1520 2460 quoque
1548 2407 1674 2446 forma
1694 2405 1819 2458 proba

367 2466 428 2498 est
466 2467 504 2498 et
543 2461 735 2513 significat
763 2461 949 2500 atriclinii
983 2461 1170 2501 officium.
1229 2460 1494 2514 Ἀρτοκλίνης
1526 2469 1585 2500 est
1611 2461 1818 2516 panistru-

368 2523 463 2555 οἱον.
493 2515 538 2552 Id
559 2516 665 2553 enim
688 2515 745 2554 illi
765 2516 949 2569 agebant,
984 2525 1023 2556 et
1053 2523 1259 2570 praeterea
1280 2531 1439 2570 quoque
1457 2518 1646 2555 convivas
1663 2515 1819 2553 futuros

368 2582 390 2606 e
406 2569 596 2608 schedula
616 2571 837 2609 secundum
859 2571 1028 2625 gradum
1047 2586 1247 2626 quemque
1266 2586 1383 2610 suum
1407 2579 1446 2610 et
1474 2585 1521 2609 eo
1539 2570 1694 2617 ordine,
1735 2583 1816 2621 quo

369 2624 542 2662 assidere
578 2625 778 2664 debebant
807 2634 877 2665 aut
895 2626 1131 2666 accumbere
1149 2658 1161 2678 ,
1201 2627 1420 2666 evocabant
1437 2654 1450 2676 ,
1479 2623 1818 2674 introducebant,

370 2675 504 2716 locum
535 2693 678 2732 cuique
711 2694 828 2719 suum
864 2682 1148 2734 assignabant,
1188 2682 1295 2735 quod
1346 2681 1442 2720 olim
1486 2678 1567 2718 τῶν
1612 2675 1819 2730 ἑδέάτρων

369 2738 483 2783 erat,
522 2733 591 2773 vid
621 2734 773 2775 Athen.
810 2735 886 2780 IV.
921 2750 961 2791 p.
1004 2737 1095 2787 142.
1140 2737 1197 2777 D.
1230 2751 1265 2781 1.
1305 2742 1407 2790 etp.
1449 2747 1539 2787 171-
1580 2740 1664 2774 tota
1699 2740 1820 2788 atque
