1884 3132
312 153 417 206 722
578 147 650 189 10.
694 146 800 189 IAC.
845 148 1042 189 REISKu
1092 145 1474 190 COMMENTARII

308 253 507 302 ctoriam‚
542 249 662 289 etiam
691 250 734 288 in
763 252 848 302 ipso
889 263 1031 303 campo
1068 250 1211 288 Martis
1237 251 1327 288 cani
1354 247 1540 303 solitam,
1570 255 1679 303 patet
1708 263 1754 290 ex

309 280 507 345 Cedreno'
523 320 565 359 p.
589 320 636 359 77
617 303 683 359 74
706 304 759 343 A.
787 318 847 343 10.

392 362 485 402 555.
509 362 561 399 A.
588 360 625 402 5.
656 359 771 414 [61o‚
801 357 881 413 18]
913 361 1041 398 πατεῖ
1072 354 1215 398 αὐτὸν.
1286 358 1430 398 cervix
1458 364 1567 397 recta
1595 366 1636 398 et
1659 360 1757 413 rigi-

310 417 360 456 da
393 424 450 455 est
479 415 707 470 symbolum
735 417 935 468 potentiae
970 428 1052 452 non
1080 414 1255 464 fr,actae
1285 428 1366 453 non
1406 412 1663 466 humiliatae3
1693 415 1757 453 in-

310 473 560 510 obedientiae
580 500 591 520 ,
631 470 823 509 audaciae
851 470 1053 508 neminem
1084 470 1292 520 0111311115·ἳ
1323 468 1515 508 inclinata
1544 482 1643 509 vero
1670 483 1761 509 cer-

311 530 375 567 vix
407 535 445 566 et
482 524 716 565 conculcata
762 524 1029 564 humilitatem
1070 525 1165 563 victi
1205 532 1246 563 et
1281 525 1554 564 necessitatem
1592 524 1758 578 parendi

310 582 423 622 velut
450 581 746 621 succumbentis
765 582 928 619 instanti
959 587 999 619 et
1026 580 1222 633 prementi
1250 587 1380 619 notat.
1437 579 1602 619 Calcare
1629 581 1758 619 cervi-

313 652 376 677 ces
405 639 502 676 victi
535 651 619 675 mos
647 643 707 676 est
735 650 779 674 ex
809 637 963 674 oriente
989 635 1197 674 traductus
1226 637 1282 684 (v.
1306 635 1398 674 Lib.
1430 634 1570 674 losuae
1599 634 1759 688 cap.X.

313 701 353 732 et
385 691 539 732 Baruch
571 692 646 730 1V.
677 691 784 744 apud
823 691 962 729 Barth.
993 691 1044 729 ad
1081 690 1262 743 Philipp.
1294 688 1482 729 Guilelmi
1516 689 1690 729 Britonis
1715 705 1760 744 p.

343 749 399 799 5.)
431 749 516 786 Iam
545 747 762 786 Alexandri
790 747 845 784 M.
875 753 1055 799 tempore
1082 753 1201 784 notus
1230 752 1314 784 erat
1342 746 1384 784 in
1413 744 1611 799 palaestra
1637 746 1761 785 Grae·

314 818 386 853 ea,
415 811 462 842 ut
490 810 598 856 patet
619 801 825 841 eDiodori
854 801 977 839 Siculi
1008 801 1139 840 XVII.
1169 815 1258 864 cap.
1278 815 1367 840 1oo.
1398 801 1440 840 in
1469 800 1563 851 flue,
1593 800 1662 839 ubi
1685 801 1760 840 Di-

315 863 507 912 oxippum
539 857 800 921 Macedonem
828 857 981 895 victum
1004 857 1251 909 prosternit:
1294 853 1488 923 ῥιφέντος
1519 854 1566 895 δὲ
1592 854 1664 895 ἐπι
1686 851 1762 908 τήν

315 914 391 965 γῆν
409 944 419 964 ,
451 909 600 963 ἐπιβάς
640 908 710 952 ἐπὶ
736 908 809 951 τὸν
837 909 1042 963 τράχηλον
1070 910 1127 966 τιῦ
1154 906 1252 949 ποὸι
1266 940 1279 959 ,
1325 924 1395 950 και
1422 907 1470 949 τὸ
1501 905 1684 963 ῥόπαλον
1709 909 1761 950 α’-

316 968 605 1017 νατεινάμενος
632 974 709 1006 etc.
768 966 990 1005 Obtinebat
1028 949 1114 1004 1110
1124 980 1210 1004 mos
1234 966 1433 1004 victorum
1460 965 1655 1005 cervicem
1682 979 1761 1018 pu-

316 1023 421 1061 blice
450 1023 628 1061 calcandi
657 1021 766 1074 apud
795 1021 1126 1074 Carthaginenses
1166 1034 1340 1087 quoquc.
1399 1021 1504 1059 Nam
1533 1020 1582 1059 de
1611 1020 1760 1059 Gesco-

317 1093 367 1116 ne
387 1079 507 1116 r'cfcit
520 1077 758 1142 Polyaenus
774 1091 813 1129 p.
831 1076 950 1126 485.-
987 1075 1229 1125 δεδεμένους
1256 1073 1409 1122 αὐτούς
1429 1074 1656 1128 προσέταξε
1687 1075 1763 1114 τοῦ

316 1130 533 1196 πληθουςί
522 1132 706 1171 ναντιόν
718 1127 825 1169 κατά
841 1131 1040 1182 γαστέρος
1054 1130 1125 1197 [ita
1137 1130 1213 1194 leg.
1218 1129 1238 1184 ]
1255 1129 1653 1192 κατακλίναιχαμαί.
1672 1127 1762 1193 τρίς

319 1187 365 1226 ὸὲ
393 1183 584 1233 ἑκάστοις
611 1186 784 1249 ἐλαφρῶ
809 1186 868 1224 τῶ
895 1183 992 1224 node
1019 1183 1090 1224 ἐπι
1133 1182 1204 1225 τὸν
1230 1182 1437 1237 τράχηλον
1463 1180 1611 1235 ἐπιβὰς
1628 1215 1641 1234 ,
1670 1181 1762 1224 ἱκα-

318 1256 394 1293 νηι
421 1238 503 1294 ἔφη
532 1240 735 1292 τιιιωριάν
758 1225 870 1291 ιἔχειν
890 1239 962 1292 τῆς
979 1239 1052 1278 τοῦ
1071 1237 1259 1294 ἀδελφοῦ
1286 1237 1634 1293 προαναιρέσεως.
1660 1239 1762 1279 Fre-

318 1299 506 1349 quentius
534 1303 668 1334 tamen
709 1310 852 1334 0001111
855 1297 885 1334 1t
919 1309 1017 1334 aevo
1049 1295 1179 1334 medio
1197 1325 1209 1345 ,
1233 1309 1314 1348 quo
1341 1309 1422 1333 non
1449 1301 1607 1333 tantum
1634 1296 1762 1334 victo-

318 1366 381 1391 res
414 1353 677 1404 Imperatores
708 1351 757 1389 cle
795 1350 980 1390 hostibus
1020 1350 1126 1389 bello
1154 1351 1326 1389 subactis
1350 1349 1509 1403 publice
1535 1349 1763 1403 triumpha·

318 1407 417 1446 bant
455 1421 594 1445 eorum
638 1407 835 1445 cervicem
874 1405 1064 1444 calcando
1084 1434 1095 1455 ,
1125 1405 1195 1444 sed
1222 1406 1342 1444 etiam
1370 1405 1516 1458 privati
1541 1405 1762 1444 vindictam

317 1464 372 1501 510
403 1462 613 1500 sumebant
641 1461 692 1499 ab
720 1461 834 1500 hoste
861 1462 994 1508 victo,
1025 1467 1066 1499 et
1091 1462 1339 1515 poenitentes
1361 1459 1568 1500 calcandas
1589 1462 1763 1499 cervices

318 1517 580 1570 praebebant,
611 1524 650 1555 et
670 1516 905 1569 adoptantes
923 1531 1075 1566 eorum,
1095 1530 1196 1569 quos
1214 1515 1476 1568 adoptabant,
1499 1516 1688 1563 cervices,
1720 1522 1760 1554 et

319 1573 444 1611 libros
473 1572 645 1624 denique
677 1573 758 1624 igni
780 1572 1004 1619 damnatos,
1026 1579 1241 1625 antequam
1269 1578 1565 1621 cremarentur,
1594 1570 1762 1623 pedibus

318 1627 621 1666 conculcabant.
689 1626 893 1680 Exemplis
939 1625 1093 1680 singula
1133 1626 1231 1665 haec
1271 1625 1646 1665 demonstrabimus.
1701 1625 1763 1665 lta

319 1684 560 1721 lastinianus
590 1683 870 1721 Rhinotmetus
914 1697 1037 1735 quum
1068 1681 1120 1720 ab
1164 1680 1299 1720 exsilio
1344 1682 1550 1731 rediisset,
1588 1681 1762 1719 cervices

320 1741 610 1776 anticaesarum
639 1751 802 1776 suorum
831 1738 986 1776 Leontii
1033 1743 1072 1775 et
1101 1736 1315 1800 Apsimarii
1347 1736 1516 1775 calcavit
1543 1736 1583 1774 in
1613 1735 1762 1774 Circo·

316 1789 388 1832 τὸν
436 1791 670 1845 Ἀψίμαρον
710 1790 784 1831 καί
825 1789 1025 1832 Λεόντιον
1057 1786 1229 1830 ἁλύσεσι
1266 1789 1508 1855 δεδεμένους
1534 1789 1595 1837 εις
1623 1789 1763 1829 πᾶσαν

317 1845 439 1887 πόλιν
467 1848 708 1897 ποιιπεῦσαι
736 1846 981 1910 πεποίηκεν,
1011 1845 1084 1885 καί
1118 1845 1196 1885 τοῦ
1221 1842 1393 1884 ἱππικοῦ
1420 1841 1668 1912 ἆγομέιου,
1694 1858 1764 1883 και

320 1901 365 1941 ἐν
397 1902 455 1940 τῶ
485 1902 612 1968 σένζῳ
643 1897 694 1965 ἆγ
697 1901 846 1951 οιιένου
876 1876 1071 1967 ἤχθησαν
1091 1895 1314 1965 συρόμενοι
1345 1899 1522 1956 δημοσία
1548 1914 1618 1939 και
1647 1895 1765 1964 ἐρ’ῥί-

322 1971 461 2010 φησαν
482 1955 640 2007 ὑποτα)
642 1952 747 2009 άὸην
779 1956 919 2012 αὐτῶ,
948 1970 1017 1995 και
1046 1952 1224 2007 επάτησε
1245 1951 1315 1994 τὸν
1335 1941 1543 2019 τράχηλον
1560 1949 1696 1994 aar&
1713 1946 1763 1992 ἅ-

321 2026 418 2064 χρις
446 2008 688 2057 α’πολτσεως
711 2013 786 2050 τοῦ
805 1998 971 2063 πρώτου
998 2011 1151 2061 βαὶου,
1180 2011 1255 2048 τοῦ
1271 2007 1405 2074 δήμου
1422 2006 1666 2062 βοήσαντος,
1697 2022 1766 2048 οτι.

321 2081 389 2104 sm
422 2061 580 2104 άσηίὸα
609 2080 677 2104 και
717 2065 962 2116 βασιλίσκον
1006 2065 1155 2116 ἐπέβης
1183 2078 1251 2103 και
1281 2061 1491 2117 ἐπάτησας
1517 2063 1661 2104 λέοντα
1692 2076 1763 2102 και

322 2116 542 2171 δράκοντα.
601 2121 741 2174 Neque
769 2121 898 2160 solum
921 2121 1257 2170 Giaeci,ve1um
1285 2121 1405 2159 etiam
1435 2117 1764 2159 Muhammedani

319 2178 522 2228 principes
549 2176 731 2214 solebant
759 2184 968 2229 captorum
995 2149 1223 2228 Ρ111101Ρο111
1252 2177 1424 2215 cervices
1452 2174 1630 2224 calcare,
1658 2174 1691 2212 si
1721 2171 1762 2211 fi-

320 2230 388 2269 des
417 2232 647 2283 Byzantinis
685 2230 958 2285 scriptoribus.
1029 2230 1172 2269 Narrat
1216 2244 1359 2283 nempe
1386 2229 1574 2284 Scylitzes
1600 2243 1641 2281 p.
1663 2225 1760 2277 842.

321 2285 374 2323 A.
383 2285 569 2338 ,Glycas
599 2293 637 2323 et
666 2285 757 2333 alii,
788 2286 998 2335 Asanum,
1029 2293 1076 2323 ut
1104 2285 1175 2338 ipsi
1202 2285 1416 2338 appellant,
1462 2285 1507 2336 (is
1536 2291 1595 2323 est
1613 2281 1760 2322 Arabi-

320 2341 376 2378 cis
409 2341 640 2378 auctolibus
669 2340 747 2393 Alp
778 2341 983 2390 Arslanus)
1026 2340 1145 2393 pedes
1175 2341 1408 2392 imposuisse
1435 2340 1598 2379 iacentis
1625 2349 1761 2376 coram

319 2409 360 2432 se
388 2396 563 2447 victique
591 2395 781 2449 Diogenis
812 2396 981 2435 Romani
1008 2396 1289 2458 Imperatoris3
1318 2395 1400 2434 vid.
1429 2395 1480 2434 ad
1509 2393 1642 2433 locum
1669 2391 1761 2444 Scy-

320 2449 435 2487 litzae
465 2450 589 2488 Goai.
622 2452 662 2488 in
672 2426 813 2489 ²3notis.
870 2451 958 2503 Ego
998 2457 1132 2489 tamen
1160 2451 1325 2503 vestigia
1354 2451 1475 2489 moris
1502 2448 1619 2487 huius
1651 2445 1760 2499 apud

319 2506 534 2556 scriptores
572 2504 933 2544 Muhammedanos
971 2507 1146 2558 reperire
1173 2519 1254 2543 non
1283 2505 1466 2553 1nemini3
1494 2502 1760 2554 videnturque

318 2558 418 2596 mihi
458 2560 599 2598 Graeci
641 2560 814 2599 Turcieo
843 2560 1078 2613 lmperatmi
1117 2559 1379 2612 triumphanti
1407 2559 1513 2597 idem
1541 2556 1728 2594 tribuisse
1745 2584 1762 2604 ,

319 2613 429 2662 quod
458 2621 605 2652 norant
642 2629 734 2654 suos
778 2616 1042 2669 Imperatores
1070 2617 1114 2653 in
1151 2614 1268 2653 simili
1306 2627 1399 2652 casu
1428 2618 1615 2651 consueto
1646 2623 1759 2649 more

318 2667 460 2705 faeere.
519 2668 639 2708 Conf.
673 2670 844 2710 Cedxen.
881 2684 922 2723 p.
946 2669 1039 2723 507.
1073 2669 1121 2708 C.
1151 2669 1190 2709 5.
1232 2674 1271 2707 et
1297 2667 1393 2722 657.
1413 2667 1468 2706 D·
1496 2666 1608 2718 fine,
1635 2677 1757 2719 quem
