1884 3132
331 150 435 230 782
617 175 689 216 10.
730 175 834 218 1Ac.
883 177 1076 219 nmsxn
1117 177 1490 222 COMMENTAnn

326 286 387 317 ter
415 278 650 331 Luitprandi
679 279 777 318 obiit
796 309 806 329 ‚
837 281 1015 320 conferre
1044 280 1198 321 iuvabit
1225 282 1319 320 dieti
1347 281 1584 336 Luitprandi
1616 283 1755 324 histor.

326 334 375 372 L.
409 334 484 372 Ill.
511 348 598 387 cap.
632 334 670 373 5.
732 336 956 387 Legationis
997 338 1078 375 eius
1107 337 1195 375 finis
1224 338 1325 376 forte
1358 337 1458 389 fuit,
1496 346 1541 378 ut
1580 339 1760 379 Romano

327 403 350 427 a
377 403 418 426 se
445 397 681 441 occupatum
711 390 848 428 Italiae
885 406 1050 444 regnum
1099 392 1364 445 significaret,
1405 393 1513 446 quod
1555 392 1609 432 A.
1658 395 1756 447 926.

326 444 519 497 suscepit,
554 445 594 482 id
616 452 674 484 est
696 445 910 485 indictione
938 447 1035 485 XV.
1066 454 1135 485 aut.
1163 448 1198 485 1.
1218 477 1228 494 ‚
1259 454 1299 486 et
1332 454 1375 486 ut
1402 449 1627 488 societatem
1663 449 1758 488 belli

326 513 420 538 cum
448 512 495 538 eo
524 500 656 538 iniret.
715 501 897 552 Regnum
922 503 1052 549 enim,
1083 509 1128 540 ut
1155 515 1329 552 novum,
1356 502 1536 542 nondum
1565 504 1761 557 composi-

326 561 412 592 tum
440 561 525 592 tum
556 562 665 603 erat,
707 554 928 609 habuitque
960 556 1060 595 1llud
1088 571 1294 610 nunquam
1319 556 1404 596 fere
1435 559 1529 597 satis
1557 566 1756 612 pacatum.

327 609 472 648 Incidit
514 609 612 648 haec
638 610 767 663 prima
794 610 937 664 legatio
971 613 1014 650 in
1041 611 1093 650 A.
1114 613 1160 650 C.
1201 626 1297 667 927.
1355 613 1634 666 Respondebat
1666 613 1760 653 huic

328 664 508 717 Hugonis
536 664 587 703 ad
613 679 654 704 se
683 665 869 718 legationi
895 667 1097 706 Romanus
1124 667 1199 706 hac
1228 669 1312 720 ipsa
1339 667 1404 706 hic
1435 675 1759 720 commemorata,

325 726 372 757 ut
401 719 584 767 videtur,
611 727 681 759 aut
699 720 774 759 alia
791 721 910 773 paulo
931 723 1155 775 antiquiore
1170 722 1378 775 legatIOne.
1426 722 1473 761 Id
1490 724 1597 762 enim
1627 730 1760 773 exacte

326 774 489 813 definire
506 789 584 813 non
605 775 711 814 lieet.
738 777 1060 830 Quotiescunque
1077 777 1238 816 tandem
1257 777 1364 816 ultro
1389 779 1567 830 citroque
1587 792 1762 818 comme-

327 831 483 868 averint
510 830 651 884 legati,
684 838 835 870 certum
864 832 941 870 hoc
968 840 1042 882 est,
1074 833 1300 872 Romanum
1327 832 1429 884 Imp.
1458 833 1654 872 studuisse
1673 833 1762 872 Hu-

327 898 469 935 gonem
487 886 538 923 ad
566 893 698 938 partes
729 899 818 925 suas
845 886 1098 940 pertrahere,
1130 902 1302 941 eumque
1329 886 1570 939 sollicitasse,
1598 895 1644 927 ut
1670 888 1763 926 iun-

327 942 400 978 ctis
446 940 592 979 Italicis
630 943 711 979 suis
750 943 873 994 copiis
901 956 992 980 cum
1025 944 1185 981 Graecis
1217 941 1382 981 rebelles
1414 942 1572 996 regulos
1601 944 1761 996 Longo-

326 994 478 1033 bardici
504 997 705 1048 sanguinis
738 998 778 1034 in
809 997 991 1035 ordinem
1018 1005 1189 1050 cogeret.
1246 997 1347 1036 Nam
1375 1011 1482 1036 anno
1509 998 1606 1050 935.
1633 998 1762 1036 Bene-

327 1056 546 1097 ventanus,
578 1064 600 1088 a
628 1050 890 1100 Theobald0‚
921 1052 1100 1105 Hugonis
1130 1051 1263 1100 affini,
1307 1051 1455 1103 Spoleti
1497 1060 1537 1091 et
1567 1052 1761 1091 Camertis

327 1104 586 1153 marchione,
618 1105 803 1156 adiutus,
833 1108 940 1159 gravi
972 1107 1084 1145 clade
1112 1107 1283 1146 Graecos
1318 1105 1512 1145 afficiebat
1547 1113 1587 1144 et
1627 1114 1762 1160 captos

327 1172 464 1198 omnes
504 1161 676 1199 Graecos
715 1175 786 1214 per
824 1161 1042 1200 ludibrium
1082 1168 1272 1201 castratos
1315 1161 1480 1200 domum
1518 1161 1759 1200 remittebat.

327 1214 499 1253 Videtur
527 1214 646 1268 Hugo
676 1229 722 1254 ca
751 1215 835 1269 lege
868 1217 1048 1255 Romano
1077 1218 1260 1255 annuisse
1298 1224 1338 1255 et
1372 1230 1535 1268 operam
1572 1216 1760 1255 socialem

326 1269 590 1322 praestitisse,
623 1277 668 1308 ut
695 1271 868 1319 Borma,
897 1274 1030 1325 spuria
1059 1286 1129 1310 sua
1155 1271 1235 1310 filia
1251 1300 1263 1322 ‚
1291 1272 1473 1310 Romano
1500 1271 1674 1321 iuniori,
1701 1286 1762 1310 se-

328 1325 452 1364 nioris
480 1339 502 1364 e
530 1324 610 1363 filia
644 1327 794 1378 nepoti,
822 1334 910 1364 tum
941 1326 1158 1364 admodum
1186 1326 1327 1364 infanti
1356 1325 1485 1364 adhuc
1504 1354 1516 1374 ‚
1546 1325 1762 1378 aliquando

328 1381 582 1419 matrimonio
614 1381 868 1433 iungeretur3
899 1388 939 1419 et
964 1383 1018 1420 sic
1047 1381 1220 1430 factum,
1245 1387 1291 1419 ut
1321 1380 1763 1433 Campania'Graecum

329 1435 380 1474 ad
411 1438 472 1474 ius
500 1435 662 1474 rediret.
720 1436 959 1489 Intelligitur
986 1436 1062 1475 hoc
1085 1451 1105 1475 e
1124 1435 1388 1489 Lustprando,
1416 1437 1528 1474 cuius
1556 1436 1597 1473 in
1628 1435 1764 1475 libello

330 1490 379 1529 de
407 1489 604 1543 legatione
632 1504 702 1529 sua
729 1491 779 1529 ad
808 1491 1078 1543 Nicephorum
1106 1491 1284 1531 Phocam
1319 1490 1417 1528 haee
1449 1489 1635 1543 leguntur
1670 1504 1763 1530 ver-

330 1544 407 1584 ba:
451 1555 593 1584 terram
626 1547 693 1596 (ita
720 1546 957 1600 obiurgabat
984 1546 1257 1599 Luitprandus
1274 1576 1285 1593 ‚
1327 1559 1368 1584 se
1396 1552 1519 1592 teste,
1560 1544 1761 1599 Nicepho-

331 1613 422 1638 rum
448 1615 489 1653 p.
515 1600 641 1650 480),
672 1615 787 1654 quam
817 1603 974 1655 imper-ii
998 1603 1055 1640 tui
1079 1616 1156 1639 esse
1182 1615 1338 1651 narras,
1366 1614 1458 1651 gens
1476 1600 1604 1638 incola
1622 1608 1659 1638 et
1676 1600 1760 1638 lin-

328 1669 408 1707 gua
433 1655 570 1694 Italici
593 1657 706 1708 regni
730 1670 807 1694 esse
835 1656 1014 1695 declarat
1040 1656 1237 1710 [adeoque
1265 1655 1315 1693 ad
1347 1655 1542 1692 Graecum
1571 1655 1632 1692 ius
1660 1653 1764 1693 nihil

331 1709 549 1762 quidquam
577 1711 787 1763 pertinere.
840 1711 902 1750 De
931 1711 1192 1764 Neapolitano
1218 1723 1340 1763 regno
1367 1709 1634 1747 controversia
1669 1707 1763 1762 est.]

332 1765 586 1819 Landulplzus
599 1795 609 1812 ‚
640 1766 1002 1805 Beneventanorum
1028 1775 1066 1804 et
1081 1766 1356 1820 Capuanorum
1377 1765 1583 1818 princeps,
1615 1773 1764 1817 septen-

331 1820 397 1858 nio
424 1822 654 1874 potestative
690 1834 776 1859 eam
811 1822 886 1859 sibi
920 1821 1137 1874 subiugavit
1175 1819 1236 1874 [id
1276 1826 1335 1858 est
1364 1819 1572 1871 usurpavit
1595 1831 1666 1871 per
1695 1824 1762 1871 ty-

332 1875 568 1926 rannidem,
611 1875 784 1927 possedit
823 1876 873 1915 de
910 1876 1036 1925 facto,
1085 1882 1131 1913 ut
1161 1877 1275 1913 aiunt
1294 1904 1305 1925 ‚
1348 1887 1429 1912 non
1458 1873 1508 1911 de
1536 1870 1638 1925 iure]
1668 1881 1711 1910 ut
1735 1885 1763 1910 a

333 1930 525 1968 servitutis
555 1931 634 1968 eius
663 1945 726 1968 seu
760 1945 1013 1970 successorum
1054 1944 1207 1968 suorum
1235 1931 1322 1981 iugo
1354 1942 1469 1983 usque
1496 1927 1554 1965 ad
1579 1941 1766 1982 praesens

334 1997 412 2022 non
439 1986 567 2023 exiret
593 1984 654 2038 [id
682 1992 740 2023 est
767 1999 846 2024 non
877 1987 1043 2024 exiisset.
1110 1985 1218 2035 Ergo
1246 1984 1416 2022 redierat
1435 1982 1649 2035 Campania
1675 1988 1764 2020 tum

336 2039 387 2076 ad
401 2039 621 2086 Graecos.]‚
652 2041 688 2076 si
712 2054 790 2078 non
822 2041 1006 2078 immensa
1031 2039 1127 2078 dala
1148 2040 1317 2093 pecunia
1337 2038 1528 2075 Romanus
1540 2037 1766 2090 Imperator

335 2095 458 2132 nostri
486 2096 585 2146 regis
599 2094 776 2146 Hngom's
798 2096 1009 2133 amicitiam
1031 2104 1169 2132 emeret
1195 2093 1256 2148 [id
1285 2099 1342 2131 est
1368 2089 1552 2144 emisset}
1586 2091 1644 2129 Et
1670 2091 1766 2142 haee

334 2161 469 2186 caussa
519 2150 588 2197 uit,
623 2148 731 2204 qaod
755 2151 886 2203 nepoti
909 2163 978 2187 suo
1008 2158 1045 2187 et
1074 2150 1281 2203 aequivoco
1298 2147 1498 2201 [Romano
1516 2146 1660 2184 iuniori
1689 2159 1763 2197 pu-

335 2201 396 2255 ta]
435 2203 601 2242 eiusdem
629 2203 811 2256 Hugom's
850 2205 1021 2257 spuriam
1062 2204 1236 2255 coniugio
1274 2201 1482 2255 copulavit.
1536 2198 1765 2252 Antequam

337 2265 475 2295 autem
501 2258 542 2296 id
570 2258 703 2306 fieret,
734 2258 916 2298 mittebat
945 2259 1061 2310 Hugo
1089 2257 1207 2296 aliam
1235 2257 1469 2310 legationem
1488 2254 1632 2304 CPlin,
1660 2253 1764 2291 eirca

338 2310 393 2350 A.
431 2313 525 2366 959.
555 2312 677 2351 ferme
694 2342 704 2362 ‚
745 2327 823 2366 qua
856 2312 1042 2351 auxilium
1071 2327 1094 2351 a
1122 2313 1275 2351 Graeco
1304 2312 1547 2363 Imperatore
1574 2309 1763 2347 adversus

336 2365 552 2405 Saracenos
569 2368 826 2406 Fraxinetum
848 2368 1062 2406 insidentes
1082 2367 1246 2420 rogabat
1261 2381 1272 2416 3
1304 2373 1343 2404 et
1361 2367 1564 2403 Romanus
1580 2361 1762 2401 mittebat

337 2421 410 2472 ipsi
438 2423 579 2474 copias,
601 2436 771 2474 quarum
798 2436 871 2474 ope
892 2423 944 2461 A.
963 2424 1056 2475 94¹·
1082 2422 1266 2460 Saraceni
1290 2419 1345 2458 illi
1366 2419 1578 2458 Fraxineto
1607 2414 1761 2468 depulsi

338 2474 510 2514 suerunt.
570 2477 794 2530 Legationis
825 2477 942 2516 huius
971 2478 1150 2515 meminit
1179 2474 1449 2527 Luitprandus
1476 2473 1581 2510 Hist.
1610 2471 1664 2507 V.
1694 2469 1743 2532 4⁰.

422 2530 512 2574 582.
544 2530 596 2569 A.
625 2545 663 2570 2.
698 2531 814 2585 [661,
833 2530 888 2585 9.]
920 2527 1188 2584 Λανδούφον.
1241 2531 1301 2568 Ita
1329 2536 1385 2568 est
1413 2529 1454 2567 in
1482 2527 1565 2574 M„
1598 2538 1649 2563 ne
1676 2537 1765 2577 quls

339 2585 480 2623 vitium
508 2593 695 2638 typorum
732 2593 899 2638 reputet.

447 2639 497 2677 A.
526 2639 565 2691 4,
596 2640 706 2692 [661,
736 2639 810 2693 ιο.]
840 2634 1214 2690 ἆποστατήσαντας.
1274 2635 1428 2685 Quibus
1455 2633 1607 2687 legibus
1636 2633 1766 2696 I3ene-

340 2694 500 2730 ventani
528 2701 567 2732 et
593 2694 828 2733 salernitani
858 2694 914 2732 illi
942 2694 1140 2747 principes
1169 2691 1367 2730 tenuerint
1395 2703 1484 2727 suos
1519 2690 1767 2750 principatus

341 2758 363 2782 a
409 2746 566 2785 Graecis
608 2749 942 2801 Imperatoribus,
997 2755 1104 2800 patet
1143 2761 1187 2784 ex
1226 2745 1362 2783 charta
1403 2745 1527 2783 veteri
1554 2743 1766 2783 Wmmaru
