1884 3132
190 105 268 149 An
302 105 597 150 consum.
630 105 826 148 roura.
864 107 936 146 m:
976 105 1156 147 cnam.
1194 105 1291 146 Lm.
1331 107 1385 146 11.
1423 85 1538 158 629

111 209 300 248 Venetias
325 210 568 263 pervenisse,
598 209 706 263 qnod
734 208 831 248 olim
866 208 941 248 sub
967 207 1138 247 Valente
1165 207 1302 247 Cilicia
1329 209 1370 247 in
1398 208 1540 247 vicini·

110 277 179 302 am
205 264 489 313 Chalcedonis,
518 272 558 303 et
584 265 675 303 dein
717 264 792 303 sub
818 263 1044 302 Theodosio
1071 263 1220 302 maiore
1245 262 1371 302 CPlin
1398 277 1539 316 pervoe

112 319 219 358 uerit
244 326 284 358 et
311 321 353 357 in
371 319 581 358 Hebdomo
599 318 720 358 fuerit
743 319 984 357 dedicatum.

225 373 271 415 C.
299 387 334 411 ι.
362 371 587 427 [56=‚18.]
617 369 906 425 α’πομύρισμα.
978 372 1130 424 Liquor
1169 371 1233 411 vel
1263 372 1368 411 udor
1395 387 1418 411 e
1443 371 1540 412 reli-

114 428 219 480 quiis
250 428 487 467 Sanctorum
519 427 730 467 exstillans.
783 427 878 465 Vita
908 426 1165 477 Theophanis
1202 442 1245 480 p.
1263 441 1305 480 9.
1335 429 1439 466 circa
1465 428 1536 466 fin.

111 489 154 520 et
180 497 221 534 p.
241 481 336 521 362.
357 483 426 532 C.‚
455 481 525 520 ubi
554 482 605 520 de
623 481 987 547 capiteS.10annis
1011 482 1209 532 Baptistae
1225 482 1330 548 apud
1349 482 1540 522 Edessam

112 543 312 577 asservato
337 537 436 576 haec
458 543 595 574 narrat
629 536 921 588 Theophanes·
964 534 987 586 ἦ
1017 533 1123 586 κάρα
1141 535 1337 588 -μέχρι
1367 537 1442 588 τῆς
1463 531 1539 588 σή-

114 604 241 641 μερον
262 588 346 630 ὖπὸ
382 590 463 630 τῶν
497 590 655 629 πιστῶν
697 589 1034 653 n9oqxvvovue'vq
1073 587 1228 628 ευωδὴι
1263 589 1476 655 σωματικῇ
1495 603 1540 629 τε

118 658 191 683 και
228 644 485 699 πνευματικῇ
520 645 687 693 τιμᾶται
727 642 938 694 βλύζουσα
974 644 1078 682 πᾶσι
1113 648 1200 690 τοῖς
1235 643 1540 696 προστρέχουσι

115 695 286 748 ἰάματα
341 700 400 738 Ita
422 714 444 738 e
459 687 647 751 sepulcro
672 699 714 738 S.
740 698 931 737 Demetrii
949 698 1052 750 apud
1073 698 1395 738 Thessalonicam
1437 713 1541 737 ανα-

115 750 248 803 pavor
269 767 405 804 μυρον
422 761 616 794 memorat
637 753 805 792 Cedren.
832 752 986 806 Ρ.748.
1008 753 1054 791 Β.
1073 753 1114 792 6.
1137 760 1176 792 et
1191 754 1312 792 Anna
1339 754 1540 792 comnena

114 805 231 846 Alex.
274 823 316 861 p.
332 808 400 848 60.
421 809 468 848 Β.
485 808 560 847 ult.
596 807 750 862 Cyrini,
778 809 981 860 Gortynae
1010 809 1053 847 in
1079 808 1195 846 Creta
1222 809 1420 872 episcopi,
1447 822 1542 847 san-

113 862 274 913 guinem
300 859 437 912 μύρον
465 862 629 912 stillare,
642 863 750 915 quod
768 861 920 901 incolae
940 864 1112 915 spongiis
1133 864 1350 916 excipiant,
1369 863 1541 903 aitCon-

114 918 191 955 tin.
212 916 459 982 Theophan.
490 931 532 984 p.
552 916 618 968 48.
638 918 691 956 D.
717 918 761 956 S.
793 916 978 956 Nicolaus
1005 919 1046 956 in
1069 918 1221 978 Myiis,
1248 918 1395 970 oppido
1423 918 1542 970 Lyci-

114 984 177 1018 ae,
200 963 424 1022 ἇναβλύζει
451 970 502 1010 τὰ
524 971 642 1024 μύρα
661 968 767 1010 κατὰ
790 967 835 1010 τὸ
860 972 934 1022 τῆς
953 967 1109 1018 πόλεως
1134 984 1280 1022 ονομα,
1301 980 1346 1011 ut
1363 972 1542 1025 perhibet

117 1025 366 1066 Constantia.
393 1027 643 1080 Porphyrog.
669 1026 719 1065 de
736 1026 907 1065 Themat
943 1041 983 1079 p.
1017 1026 1076 1067 16.
1090 1027 1151 1066 ··A
1206 1027 1324 1066 Tales
1352 1026 1543 1079 imagines

114 1087 340 1120 uvoecmtoe
356 1081 589 1120 dicebantur
615 1080 871 1133 μυροὸοτεῖν,
886 1081 1121 1134 Theophan.
1146 1097 1188 1136 p.
1208 1083 1300 1133 570.
1322 1083 1368 1120 Β.
1390 1097 1429 1135 7.
1433 1111 1446 1131 ,
1472 1095 1541 1119 eo-

114 1147 194 1186 que
234 1135 502 1188 procedebant
530 1137 677 1176 erroris
703 1137 875 1182 Gmeni,
918 1143 962 1174 ut
1003 1137 1067 1175 vel
1109 1151 1219 1176 arcas
1245 1136 1411 1175 humido
1440 1135 1542 1174 forte

114 1189 158 1227 in
186 1189 272 1228 loco
308 1191 480 1242 positas,
505 1198 545 1230 et
575 1186 772 1240 λιβερὰς,
802 1197 848 1228 ut
876 1192 932 1229 ait
965 1191 1246 1243 Hippocrates,
1278 1191 1318 1229 id
1344 1198 1402 1230 est
1425 1190 1541 1239 udas,

116 1252 369 1292 uvescentes‚
387 1260 475 1298 pro
511 1249 623 1298 signo
649 1245 863 1294 haberent,
894 1245 999 1284 intus
1030 1249 1203 1297 positum
1227 1253 1407 1284 sanctum
1432 1258 1542 1294 esse,

118 1298 205 1339 vid.
223 1298 383 1351 Scylitz.
396 1301 619 1364 Curopal.p
620 1299 738 1339 8.1.2
759 1300 807 1338 B.
825 1299 865 1337 8.
884 1307 923 1338 et
938 1301 1004 1338 Du
1017 1301 1196 1354 Cangev.
1220 1296 1540 1350 ’Anopt159topta‚

118 1348 299 1402 Μύρον,
330 1352 485 1395 Μάννα
514 1362 553 1393 et
578 1355 732 1392 Manna
747 1361 786 1391 et
817 1353 955 1392 Oleum
972 1355 1425 1394 S.Cr1oe1·s.Manavit
1445 1353 1545 1391 haec

121 1408 348 1458 superstitio
366 1422 388 1446 e
415 1411 668 1462 paganismo,
720 1415 791 1445 aut
816 1410 974 1459 potius,
1001 1416 1047 1447 ut
1069 1411 1152 1447 eius
1173 1408 1251 1447 alia
1285 1410 1411 1447 multa
1439 1406 1547 1459 apud

118 1459 338 1500 hodiernos
346 1477 518 1516 paganos
533 1464 720 1511 Graecos,
734 1461 980 1501 Christianos
991 1463 1131 1508 dictos,
1152 1463 1357 1502 remansit.
1380 1462 1546 1500 Veteres

119 1517 225 1554 enim
254 1517 447 1569 optabant
485 1517 631 1570 quibus
665 1517 767 1554 bene
805 1516 1016 1566 volebant,
1055 1518 1138 1556 vita
1174 1516 1394 1562 defunctis,
1424 1522 1471 1554 ut
1500 1529 1546 1554 ex

120 1583 260 1610 eorum
289 1571 456 1611 tumulis
483 1571 594 1625 largo
625 1577 820 1624 proventu
845 1570 961 1612 flores
980 1585 1102 1610 suave
1130 1571 1350 1624 fragrantes
1372 1583 1547 1622 exsurge

120 1632 238 1674 rent,
269 1640 342 1678 per
382 1640 481 1679 quos
515 1629 598 1679 ipsa
625 1640 764 1664 eorum
795 1639 964 1679 corpoia
1001 1626 1232 1664 viderentur
1278 1624 1381 1663 bene
1412 1624 1544 1670 olere,

120 1686 162 1716 et
182 1680 327 1732 quibus
355 1681 397 1720 id
422 1682 693 1733 contingeret,
722 1694 787 1719 eos
819 1694 894 1731 pro
931 1681 1161 1719 hominibus
1201 1678 1430 1728 habebant,
1459 1680 1544 1731 qui,

120 1733 220 1772 dum
259 1737 473 1786 viverent,
511 1738 593 1774 cari
629 1736 703 1773 diis
742 1735 903 1774 fuerint.
969 1735 1084 1773 Clare
1126 1735 1175 1772 de
1202 1733 1269 1772 illa
1296 1735 1549 1785 persuasione

120 1794 289 1828 testatur
318 1789 474 1843 elegans
499 1791 650 1829 Graeca
682 1790 884 1841 inscriptio
926 1789 1032 1842 apud
1058 1790 1252 1828 Murator.
1280 1788 1474 1827 Thesaur.
1503 1801 1544 1840 p.

128 1842 258 1899 1693„
279 1845 392 1883 cuius
418 1845 515 1884 haec
538 1852 598 1884 est
616 1843 839 1897 particula.

275 1906 407 1952 Ἀλλά
433 1924 514 1957 συ,
543 1913 656 1961 γαΐα,
687 1908 825 1956 πέλοις
855 1905 992 1972 (baffi)
1023 1904 1208 1974 κουφὴ
1186 1909 1225 1948 τ’
1247 1903 1441 1962 Ἀκυλήιω

337 1978 406 2002 και
435 1963 481 2003 δὲ
499 1962 614 2014 παρὰ
637 1960 821 2016 πλευρας
849 1958 984 2002 arasa
1010 1965 1117 2028 λαρα
1148 1959 1287 2028 φύσις,

284 2011 389 2056 ὅσσα
408 2020 497 2057 κατ’
519 2016 744 2070 Ἀραβίους
761 2031 804 2056 τε
831 2017 987 2079 φέρεις,
1010 2012 1087 2056 ὅσα
1106 2017 1139 2056 τ’
1158 2016 1250 2056 ἐστι
1265 2017 1354 2055 κατ’
1375 2011 1550 2067 Ἰνδοὺς,

340 2087 397 2120 ως
425 2068 475 2111 ἂν
503 2073 574 2111 ἀπ’
602 2055 784 2121 ευόὸμου
812 2067 977 2124 χρωτὸς
1005 2072 1128 2111 ἰοῦσα
1166 2067 1316 2122 δρόσος

286 2124 364 2178 ἇγ)
365 2128 459 2179 έλλῃ
485 2123 557 2166 τὸν
582 2126 712 2165 παῖδα
738 2126 853 2172 θεοῖς
879 2125 1003 2191 φίλον
1028 2121 1176 2164 ἐνθάδε
1204 2125 1392 2172 κεῖσθαι,

340 2182 479 2232 λοιβῆς
509 2177 582 2219 καὶ
602 2179 744 2219 θυέων
775 2175 916 2231 αξιον,
955 2178 1053 2231 οῦχί
1076 2178 1200 2231 ydmv.

291 2246 352 2284 Tu
392 2247 534 2298 ι“31“,ειιι·
563 2255 691 2292 terra,
724 2245 912 2309 Aquzlltfo
932 2246 1032 2283 bona
1060 2253 1136 2283 esto
1167 2253 1204 2283 et
1223 2245 1334 2293 Ievis,

344 2309 382 2338 et
422 2300 479 2338 ad
506 2314 585 2337 ems
612 2300 737 2339 latera
766 2314 863 2337 sua-2
864 2302 897 2337 is
919 2300 1051 2338 odoris
1076 2300 1216 2353 firto
1220 2298 1336 2347 flores

291 2368 535 2411 quaecunque
580 2354 690 2409 apud
735 2353 886 2392 Arabes
928 2355 1405 2415 proser3‚qzeaec·11nq1oe
1444 2351 1557 2407 apud

1043 2408 1165 2446 Indos
1191 2422 1294 2461 repet
1296 2408 1446 2456 fantur,

264 2460 274 2474 ¹
338 2477 413 2517 quo
441 2463 490 2500 cle
518 2475 678 2515 corpore
710 2462 802 2500 bene
819 2464 1036 2514 fragrante
1059 2461 1255 2500 exszalans
1275 2475 1339 2499 ros

285 2520 321 2556 si
316 2518 483 2572 gnf'sl'oel,
504 2517 559 2554 ibt
583 2530 707 2554 tacere
725 2530 889 2568 puerum
918 2516 996 2554 dizs
1013 2530 1170 2564 eat-mn,

316 2534 588 2612 gllbatzonibus
608 2580 646 2609 et
669 2569 891 2623 suffimenti-5
920 2570 1007 2624 [aut
1027 2568 1257 2623 sacrificiis]‚
1277 2584 1354 2608 non
1375 2571 1554 2609 lamentis

1266 2625 1442 2677 dignum.

238 2691 285 2730 C.
306 2693 345 2735 3.
376 2691 486 2747 [561‚
515 2690 600 2745 19.]
627 2687 942 2744 σκεπαζόμενοι.
999 2689 1146 2743 Accepi
1170 2688 1222 2729 de
1243 2689 1446 2729 testudine
1465 2718 1477 2741 ,
1506 2688 1558 2727 de
