1884 3132
234 135 309 178 An
348 134 644 178 CONSTANT.
690 135 888 178 Pomm.
927 137 1000 176 DE
1040 135 1221 178 cmm.
1259 138 1356 177 Lm.
1398 139 1430 177 1.
1473 110 1591 192 389

154 243 195 276 et
222 246 359 291 preces
402 244 618 292 peragunt,
671 251 842 291 quarum
896 251 1040 289 magna
1088 251 1179 290 pars
1228 239 1270 275 in
1310 237 1493 277 laudibus
1520 238 1586 278 dei

155 299 354 331 versatur.
410 294 516 332 Hinc
534 293 735 332 laudosiae
771 300 810 331 et
832 293 1030 331 laudatiae
1051 293 1239 332 videntur
1273 292 1401 331 dictae
1424 293 1556 332 fuisse.

239 347 333 386 230.
355 347 401 386 Β.
419 347 458 388 6.
491 347 615 402 [595,
651 346 732 402 ιο.]
756 343 1039 400 Ἡλιοκράτης,
1098 347 1162 386 De
1206 347 1284 386 hoc
1317 347 1401 386 vid.
1434 349 1584 387 Zosim-

215 401 240 441 5
269 401 307 443 6.
328 409 367 441 et
388 401 482 441 361.

154 413 195 453 p
242 400 310 494 4Β.
327 470 367 510 7.
390 455 502 510 [595,
527 453 613 508 11]
650 453 887 506 Ἀνθεμίου.
942 455 1003 494 De
1031 455 1106 495 hac
1124 455 1318 509 legatione
1342 457 1411 495 vid
1448 457 1582 496 Theo-

154 509 264 563 phan
268 525 336 564 ..p
355 511 424 565 98.
448 511 518 550 fin.
539 519 578 550 et
596 523 696 562 quos
716 511 871 550 Goarus
888 510 942 548 ibi
961 511 1098 549 citavit
1125 519 1317 551 auctores,

263 565 311 604 C.
336 579 370 604 1.
386 564 485 619 [55
490 565 590 616 ,.ι4
594 563 934 618 ]Λιαφερε’ντιος.
965 565 1050 603 Non
1068 564 1299 616 Φερένηος,
1330 574 1374 604 ut
1396 567 1435 604 ἰη
1448 566 1579 606 Chro-

154 621 247 658 nico
271 618 424 659 Alexan
454 621 543 659 rino
568 619 738 672 legitur,
772 621 883 658 cuius
907 619 1006 658 haec
1043 627 1136 658 sunt
1171 620 1319 659 verba:
1360 618 1493 675 τούτῳ
1523 621 1582 676 mi

151 670 236 713 ἔτει
261 670 526 738 ἐβασίλευσεν
552 673 781 724 Ἀνθέμιος,
810 671 882 712 καί
908 671 1093 726 ἀπῆλθεν
1112 672 1172 719 εἰς
1194 672 1370 737 Ῥώμην,
1399 690 1466 713 και
1497 660 1586 714 εἰσ-

151 728 281 795 ἢλθεν
314 724 366 768 τὰ
402 725 595 782 λαβράτα
624 726 757 766 αὕτοῦ
784 728 828 768 ἐν
859 724 1305 767 Κωνσταιτινουπόλει
1344 726 1412 767 διὰ
1429 730 1580 790 Φερεν-

152 779 244 822 τίον
271 777 472 835 ἐπάρχου.
529 784 624 835 Leg.
639 783 746 821 enim
762 783 1065 836 Διαφερεντίου
1095 778 1310 835 ἐπάρχου,
1337 798 1481 837 nempe
1509 777 1576 823 ὅν-

152 848 239 890 τος,
266 851 391 890 quum
409 838 675 876 Diaferentius
705 838 901 901 eparchus
929 845 1043 876 esset.

262 891 615 946 C.2.[595‚15.]
640 886 754 931 εἶπεν
780 888 975 944 ἐγκώμια.
1031 892 1146 932 Talia
1169 895 1347 932 encomia
1367 901 1459 932 sunt
1475 893 1578 933 duo-

151 945 280 985 decim
310 946 368 986 illi
404 949 461 986 sic
480 947 575 986 dicti
610 954 762 986 veteres
798 948 1021 1001 panegyrici
1044 962 1068 986 a
1087 947 1258 987 Cellario
1283 956 1322 987 et
1347 948 1434 987 aliis
1465 949 1579 999 editi,

150 1001 248 1040 item
272 1001 415 1040 Iuliani
435 1001 600 1054 quidam
620 1009 659 1041 et
682 1001 907 1053 Themisfii,
936 1009 975 1042 et
1007 1009 1121 1057 pater
1145 1005 1327 1042 omnium
1356 1003 1423 1042 ille
1450 1003 1578 1042 Plini-

152 1069 252 1096 anus
273 1056 448 1095 Traiano
471 1057 615 1095 dictus.

260 1110 306 1149 C.
331 1125 374 1165 9.
397 1111 510 1165 [395‚
533 1110 618 1164 2o.]
651 1108 726 1150 τοῦ
751 1107 985 1173 πραοτάτου
1015 1123 1230 1163 αρχοντος.
1286 1111 1446 1152 Titulus
1473 1127 1577 1169 πρᾳ-

152 1160 315 1214 ἆτατος,
344 1166 687 1212 clenoentzssssszus
718 1172 757 1204 et
793 1162 1068 1228 γαληνότατος
1088 1196 1100 1217 ,
1141 1167 1423 1218 εειΐηιῖςειῖιιιις,
1466 1177 1577 1207 tran-

153 1220 416 1274 quillissinws,
441 1229 487 1259 ut
504 1221 637 1269 hodie,
663 1221 719 1259 sic
751 1227 791 1259 et
814 1219 892 1258 illis
919 1222 1084 1259 vetustis
1109 1222 1354 1273 temporibus
1376 1229 1460 1261 erat
1480 1224 1578 1262 viris

153 1274 398 1328 principibus
432 1277 636 1329 proprius.
690 1275 906 1328 Gregorius
934 1277 989 1314 M.
1014 1274 1183 1328 Epistol.
1223 1276 1273 1313 ad
1302 1277 1578 1316 Constantiam

153 1328 404 1382 Augustam:
461 1339 663 1383 cognoscat
688 1339 814 1368 autem
844 1331 1163 1385 tranquillzksima
1194 1330 1369 1369 domina.
1428 1333 1580 1370 Cinna-

150 1396 240 1423 mus
260 1398 302 1436 p.
337 1382 425 1422 128.
457 1385 680 1423 describens
706 1384 922 1422 adventum
948 1384 1144 1422 Manu'elis
1171 1384 1361 1423 Comneni
1389 1387 1430 1424 in
1460 1387 1579 1425 Hun-

151 1438 312 1486 nicam,
345 1446 385 1476 et
411 1439 599 1487 modum,
630 1452 711 1491 quo
739 1445 922 1502 exceptus
947 1453 970 1477 a
998 1438 1145 1491 populo
1174 1439 1272 1488 fuit,
1315 1439 1579 1480 acclamatum

152 1493 228 1545 ipsi
255 1494 312 1532 ait
340 1492 489 1532 fuisse:
521 1490 543 1531 ὅ
575 1489 880 1543 συμμαχήσας,
908 1506 1047 1543 κυριε,
1077 1493 1134 1530 τῶ
1161 1491 1379 1547 πρᾳοτάτῳ
1409 1495 1578 1545 Λαβίδ,

152 1561 179 1586 0
212 1548 394 1596 domine,
425 1549 549 1587 vitam
583 1548 650 1586 illl
661 1577 672 1596 ,
713 1548 783 1600 qui
815 1547 1104 1585 clementissimo
1139 1549 1223 1598 regi
1261 1557 1390 1587 nostro
1419 1548 1583 1588 Παυίιίι

150 1603 307 1642 misul.

262 1653 709 1711 C.13.[396‚3.]29z1'a
728 1668 876 1695 νευσει.
904 1657 1052 1695 Divina
1067 1655 1300 1695 dicebantur
1314 1657 1410 1695 olim
1425 1659 1575 1707 omnia,

208 1726 255 1751 ae
282 1713 334 1752 ad
364 1713 633 1776 Imperatores
648 1711 904 1777 pertinerent
965 1711 1026 1749 Ita
1062 1709 1290 1762 μα’γιστρος
1331 1711 1413 1750 τῶν
1448 1710 1578 1752 θείων

151 1763 384 1819 οφφικίων,
418 1765 548 1818 κόμης
574 1779 656 1804 των
686 1763 815 1804 θείων
847 1763 1087 1818 πριβὰτων,
1132 1765 1294 1803 divmae
1326 1767 1486 1820 epulae,
1512 1767 1579 1805 di-

150 1822 270 1860 valia
296 1822 497 1860 constituta
536 1820 640 1872 apud
670 1820 899 1872 Swymmach
935 1819 1026 1857 Vll.
1069 1821 1136 1873 95.
1197 1820 1276 1871 Ipsi
1314 1821 1579 1872 Imperatores

152 1876 286 1915 divini
309 1883 349 1915 et
365 1876 606 1914 divinissimi
622 1875 716 1913 dicti
739 1890 750 1924 3
779 1875 861 1915 vid.
879 1874 1092 1912 Alemann.
1123 1873 1174 1911 ad
1187 1874 1360 1926 Procop.
1389 1889 1431 1926 p.
1453 1876 1520 1928 75.
1539 1882 1580 1914 et

152 1944 221 1983 79.
276 1930 408 1969 Scatet
444 1929 591 1968 talibus
618 1929 799 1968 formulis
834 1936 1001 1982 uterque
1039 1928 1190 1978 codex,
1230 1929 1496 1967 Iustinianeus
1536 1937 1577 1968 et

150 1985 461 2024 Theodosiacus.
520 1982 598 2037 Ipsi
619 1998 780 2037 quoque
809 1983 1055 2062 patriarchae
1083 1982 1280 2021 tributum
1304 1985 1458 2046 reperio
1476 2013 1488 2031 ‚
1533 1991 1580 2023 ut

151 2040 259 2092 apud
286 2039 427 2078 Codin.
456 2053 545 2092 pag.
591 2053 653 2078 12.
673 2053 715 2077 ιι.
744 2053 838 2091 19.:
878 2035 904 2090 ἦ
930 2038 1028 2076 θεία
1057 2037 1130 2075 καί
1155 2033 1435 2090 πατριαρχικὴ
1466 2038 1579 2090 χειᾝρ

149 2094 308 2133 Divina
326 2101 420 2132 sunt
447 2093 524 2132 illis
551 2095 685 2132 omnia
708 2090 864 2143 σεμνὰ,
904 2100 943 2131 et
968 2091 1213 2130 inviolabilia
1229 2121 1240 2140 ‚
1269 2106 1403 2145 quae,
1435 2099 1481 2129 ut
1507 2091 1577 2131 de-

151 2163 223 2198 os,
252 2149 506 2188 veneratione
530 2150 715 2200 prosequi
740 2162 812 2200 par
839 2154 912 2186 est.
970 2146 1126 2185 Dizina
1154 2160 1251 2185 vero
1281 2155 1486 2185 annutatzo
1508 2148 1576 2198 (sic
1624 2144 1626 2147 ’

149 2204 259 2243 enim
284 2204 430 2242 rectius
472 2202 514 2240 in
557 2203 694 2241 codice
721 2203 981 2251 Iustinianeo,
1012 2214 1132 2253 quam
1173 2202 1372 2239 annotatio
1398 2200 1500 2254 legi,
1531 2214 1578 2239 ex

149 2259 282 2298 Nostri
310 2258 388 2296 hoc
413 2256 530 2305 loco,
563 2264 602 2295 et
625 2256 724 2294 θεῖα
741 2256 880 2301 νεῦσις
898 2258 1016 2308 patet)
1035 2262 1094 2294 est
1111 2255 1433 2318 beneplacitum,
1462 2268 1578 2293 man-

151 2313 291 2352 datum
320 2311 600 2364 Imperatoris,
637 2311 744 2363 quod
772 2310 925 2348 decoris
962 2317 1002 2348 et
1042 2310 1254 2348 maiestatis
1282 2285 1577 2348 conser⁷vandae

150 2369 303 2422 gratia,
340 2381 423 2405 non
462 2379 560 2413 ore,
596 2364 664 2403 sed
701 2372 802 2403 nutu
841 2366 997 2426 capitis
1016 2371 1172 2402 tantum
1212 2363 1420 2415 significat.
1478 2363 1577 2402 Inde

150 2422 394 2462 Themistius
416 2435 458 2473 p.
483 2418 547 2458 26.
569 2419 614 2456 Β.
686 2412 735 2457 οὗ
766 2414 816 2470 δὴ
846 2418 918 2457 και
941 2413 1068 2468 μόνον
1097 2414 1144 2456 τὸ
1174 2416 1304 2466 νεῦμα
1332 2416 1576 2470 φερέγγυιον

150 2473 257 2527 πρὸς
285 2474 515 2527 σωτηρίαν,
544 2473 593 2510 de
622 2473 864 2525 Imperatore
889 2474 944 2511 ait
965 2502 976 2522 ‚
1017 2474 1120 2510 cuius
1156 2472 1223 2510 vel
1263 2472 1382 2510 solum
1411 2485 1571 2520 numen,

151 2531 195 2569 id
215 2539 273 2570 est
293 2531 360 2569 vel
378 2530 462 2568 sola
486 2528 903 2575 annutal10‚salutem
933 2527 1106 2580 spondet.
1158 2525 1296 2578 *[Vid.
1320 2525 1468 2564 Valesii
1496 2526 1576 2565 dis-

153 2592 249 2623 sert.
278 2585 327 2623 de
352 2584 572 2622 honoribus
601 2582 744 2619 divinis
774 2583 1062 2633 Imperatorum
1077 2587 1116 2618 et
1138 2580 1436 2632 Imperatricum
1455 2582 1573 2621 Rom.

155 2652 372 2692 eorumque
397 2638 570 2678 filiorum
599 2644 638 2675 et
671 2643 941 2688 cognatorum.
1000 2635 1182 2673 Memoir.
1209 2634 1258 2672 de
1282 2635 1467 2674 Tievoux
1495 2636 1575 2678 An.

163 2693 276 2746 1706.
298 2708 340 2747 p.
366 2693 479 2734 1611.
509 2691 675 2732 Carolus
706 2693 806 2744 Imp.
838 2690 960 2729 Libro
988 2689 1039 2728 de
1065 2689 1309 2743 Imaginibus
1337 2704 1373 2729 c.
1394 2689 1435 2742 4
1449 2689 1485 2731 5.
1503 2690 1577 2729 de-
