1832 3126
160 215 235 256 An
273 211 572 257 CONSTANT.
612 213 810 256 PORPH.
851 215 921 254 DE
959 214 1140 256 cnam.
1178 216 1279 255 mn.
1324 217 1356 255 1.
1415 198 1517 251 103

82 313 249 366 μάτων,
281 316 357 355 καί
381 312 563 355 σκαλίων
590 314 665 354 καί
688 313 853 354 σολεῶν.
910 314 994 354 Ubi
1023 315 1215 367 στηθεῖον
1242 322 1281 354 et
1309 314 1521 367 σύστρεμ-

82 386 143 421 μα
172 378 212 410 et
245 369 382 410 σωλὲα
412 377 470 409 est
499 385 630 424 sepem,
662 384 808 408 career.
869 369 1127 409 Interiectum
1148 378 1232 409 erat
1258 370 1388 410 solear
1415 373 1521 410 inter

83 426 296 464 ambonem
331 433 371 464 et
398 425 616 471 tribunam,
657 431 698 463 et
724 431 809 462 erat
836 426 999 477 proprie
1026 426 1144 464 statio
1171 425 1266 464 cleri
1295 433 1336 465 et
1362 440 1518 473 eorum,

84 482 154 533 qni
182 481 233 519 ad
269 480 420 519 elerum
449 487 696 532 spectarent,
743 486 789 517 ut
822 479 1041 532 psaltarum
1060 510 1070 527 ‚
1112 479 1333 530 lectorum3
1381 481 1524 521 habuit

84 543 217 574 tamen
262 536 483 588 Imperator
520 535 582 572 ius
613 535 653 572 in
694 534 843 572 soleam
875 535 1077 581 intrandi,
1123 542 1162 573 et
1189 535 1269 582 ibi,
1311 537 1343 574 si
1372 535 1519 584 vellet,

86 591 312 636 residendi,
346 592 389 628 in
417 588 607 642 qualitate
635 590 813 628 Lectoris
842 597 881 627 et
909 589 1151 628 Subdiaconi
1170 620 1180 635 ‚
1227 605 1307 643 qua
1335 605 1426 629 eum
1452 606 1520 644 ga-

87 648 216 684 visum
253 644 396 692 fuisse,
437 644 622 697 deinceps
650 643 1026 683 demonstrabimus.
1088 644 1272 684 Habebat
1296 644 1425 684 clerus
1452 661 1520 697 ge-

84 700 235 738 minam
272 699 530 747 cathedram,
573 713 697 737 unam
734 696 811 750 τήν
848 693 934 738 ἄνω
965 698 1205 750 κάθεὸραν,
1249 707 1319 739 aut
1347 697 1392 739 τό
1422 699 1522 739 σύν-

83 756 260 805 θρονον,
298 754 471 802 dictam,
502 756 543 792 in
572 768 728 793 summo
756 754 915 792 bemate
943 768 1047 807 pone
1075 753 1223 793 altare:
1254 755 1425 794 alterum
1454 771 1520 794 ex-

28 815 34 820 ”
82 817 144 848 tra
180 809 384 848 tribunam
421 811 463 848 in
494 809 567 847 hae
605 811 692 861 ipsa
730 808 851 848 solea.
909 809 1006 848 Fuit
1045 810 1166 859 igitur
1204 809 1310 849 solea
1349 813 1522 863 spatium

85 865 188 902 inter
226 864 438 903 ambonem
475 870 515 903 et
542 863 738 902 cancellos
784 864 951 903 bematis
992 865 1196 911 medium,
1244 866 1352 918 quod
1391 880 1522 918 neque

83 918 198 957 illum
212 950 223 966 ‚
254 933 383 972 neque
401 919 474 958 hos
503 921 734 972 attingeret,
765 919 834 958 sed
853 919 1119 972 undecunque
1139 919 1309 959 liberum
1325 951 1336 967 ‚
1364 928 1521 973 septum

86 989 110 1012 a
141 974 257 1028 plaga
283 974 467 1013 orientali
494 981 534 1012 et
554 973 788 1013 occidentali
810 981 879 1013 aut
900 974 1084 1014 cancellis
1100 974 1263 1028 ligneis,
1292 983 1366 1015 aut
1385 990 1517 1024 muro,

87 1029 149 1068 vel
177 1029 432 1082 podiamento
460 1031 711 1068 caementitio
741 1043 1042 1080 marmoreove3
1086 1044 1112 1071 a
1143 1029 1260 1084 plaga
1291 1039 1423 1070 antem
1459 1046 1521 1069 se-

82 1083 339 1137 ptentrionali
376 1091 416 1123 et
449 1085 612 1124 australi
639 1091 847 1137 praetensa
878 1085 1031 1124 habens
1068 1099 1229 1124 scamna
1245 1116 1256 1131 ,
1307 1087 1347 1124 in
1375 1085 1521 1140 quibus

69 1138 239 1193 elerici,
280 1139 441 1192 quando
472 1141 579 1178 intra
613 1140 817 1178 tribunam
856 1154 938 1179 non
965 1140 1175 1190 haberent,
1203 1141 1312 1194 quod
1341 1148 1518 1194 agerent,

85 1194 180 1232 item
210 1193 376 1234 lectores
390 1223 402 1244 ‚
430 1202 611 1234 cantores
640 1203 679 1234 et
706 1196 927 1248 Imperator
941 1225 953 1245 ,
982 1195 1189 1235 sedebant.
1247 1196 1414 1249 Septum
1443 1195 1520 1234 hoe

17 1288 32 1301 ο
84 1248 257 1288 habebat
283 1251 429 1288 ostium
458 1251 499 1288 in
527 1257 640 1303 parte
667 1249 901 1289 occidentali
918 1281 929 1298 ‚
958 1258 998 1289 et
1024 1250 1134 1289 aliud
1162 1251 1203 1289 in
1232 1251 1446 1302 orientali3
1477 1258 1523 1290 ut

84 1317 108 1341 e
133 1303 230 1343 loeis
257 1303 334 1343 illis
361 1304 496 1343 Nostri
537 1305 788 1358 aliorumque
831 1312 1008 1352 constat,
1054 1306 1095 1344 in
1123 1306 1270 1359 quibus
1298 1307 1522 1360 Imperator

83 1357 231 1412 aliique
256 1359 446 1398 dicuntur
474 1360 622 1399 soleam
661 1359 929 1413 εἰσέρχεσθαι
955 1356 1028 1399 καί
1066 1359 1325 1412 διέρχεσθαι.
1381 1363 1522 1400 Fuisse

82 1413 187 1452 hane
212 1413 347 1452 sedem
381 1414 501 1461 cleri,
545 1415 752 1468 probabile
779 1415 874 1454 facit
927 1419 980 1454 et*
1006 1415 1178 1454 formula
1216 1413 1243 1466 ἦ
1281 1409 1367 1455 ἅνω
1395 1413 1521 1454 κάθε-

84 1467 190 1519 δριι,
231 1482 335 1521 quae
362 1471 520 1522 respicit
547 1470 596 1508 ad
626 1470 744 1509 aliam
765 1502 776 1518 ,
820 1485 924 1522 quae
950 1473 1173 1509 necessario
1206 1470 1282 1508 fuit
1325 1469 1351 1521 ἢ
1386 1469 1521 1518 κάτω,

85 1529 272 1570 ets-cum
299 1527 480 1575 superior
510 1524 629 1563 filerit
656 1527 761 1563 intra
793 1525 1000 1563 tribunam
1017 1555 1028 1570 ,
1060 1533 1170 1564 extra
1198 1539 1284 1563 eam
1316 1526 1437 1577 fuerit
1456 1539 1530 1575 ne-¹

83 1589 199 1616 cesse·
217 1585 299 1625 est,
331 1585 370 1616 et
395 1592 523 1617 canon
559 1579 621 1619 18.
653 1579 819 1618 Concilii
845 1579 1030 1617 Toletani
1058 1580 1153 1618 1V.:‘
1178 1580 1356 1617 sacerdos
1383 1588 1420 1617 et
1445 1579 1522 1616 Lc-

84 1634 169 1670 m'm
194 1631 252 1686 [id
278 1640 338 1671 est
366 1633 576 1687 presbyter
594 1641 635 1672 et
651 1632 856 1686 diaeonus]
875 1643 966 1672 ante
984 1634 1112 1672 altare
1138 1636 1438 1682 communicent,
1479 1635 1523 1672 ιίι

86 1687 203 1726 choto
220 1688 361 1737 der-m,
382 1688 443 1740 [id
462 1696 520 1727 est
542 1689 582 1726 in
610 1689 717 1727 solea
744 1689 978 1727 subdiaconi
995 1695 1034 1727 et
1054 1688 1196 1741 reliqui
1221 1689 1448 1736 inferiores,
1479 1697 1524 1727 ut

84 1740 263 1790 lectores,
295 1750 492 1788 cantores,
524 1745 738 1783 exorcistae
758 1742 854 1797 etc.]
882 1753 1000 1782 extra
1027 1745 1183 1782 chorum
1207 1745 1389 1798 populus.
1449 1743 1521 1782 Fa-

85 1796 139 1835 cit
164 1808 324 1850 quoque
355 1798 563 1851 probabile
589 1813 676 1838 mos
701 1799 919 1838 hodiernus
947 1799 1193 1850 Graecorum
1208 1828 1220 1848 ,
1249 1813 1420 1851 quorum
1448 1797 1522 1837 cle·

84 1852 155 1890 rici
199 1853 437 1906 assignatam
470 1854 544 1892 sibi
583 1856 791 1893 stationem
831 1854 1017 1893 sedemve
1057 1861 1167 1892 extra
1197 1853 1402 1892 tribunam
1428 1867 1521 1892 cum

86 1906 408 1947 honoratioribus
449 1909 632 1959 habentr,
682 1917 722 1948 et
758 1909 931 1962 denique
973 1915 1061 1947 ‘mos
1103 1907 1289 1947 ecclesiae
1318 1909 1491 1947 'Latinae
1506 1939 1517 1955 ‚

86 1971 207 2014 quam
231 1975 277 2000 ea
303 1963 345 2002 in
373 1978 419 2002 re
446 1979 470 2003 a
489 1965 653 2003 Graecis
681 1965 903 2004 discessisse
922 1964 1033 2002 nulla
1061 1965 1163 2002 ratio
1190 1964 1353 2010 suadet,
1386 1963 1520 2013 nullus

86 2015 227 2055 auctor
254 2019 451 2070 perhibet.
511 2020 683 2073 Insignis
711 2027 770 2058 est
796 2019 906 2058 locus
933 2020 1140 2066 Dumndi,
1172 2026 1211 2057 et
1237 2019 1424 2057 Chronici
1452 2018 1521 2056 Ca-

42 2071 45 2073 ’
85 2073 252 2111 sinensis
287 2073 411 2122 alius,
460 2089 483 2113 e
515 2075 660 2128 quibus
699 2082 941 2113 structuram
983 2074 1238 2113 eeclesiarum
1282 2074 1519 2112 Latinarum

84 2139 176 2165 eum
203 2127 365 2167 Graecis
395 2138 679 2182 congruentem
710 2129 921 2182 intelligas.
988 2129 1156 2184 Triplex
1185 2129 1268 2167 veli
1290 2143 1434 2181 genu-5,
1463 2128 1520 2165 ait

86 2181 303 2221 Durandus
331 2184 380 2221 L.
415 2185 446 2222 Ι.
479 2185 638 2223 Ration.
671 2185 797 2223 divin.
829 2184 933 2223 offic.
965 2199 1001 2223 e.
1027 2185 1065 2223 5.
1096 2199 1138 2237 p.
1169 2198 1248 2237 ¹7·³
1277 2183 1524 2238 suspendiw

85 2237 127 2275 in
151 2237 330 2286 ecclesia,
364 2239 548 2278 videlicet
570 2240 678 2294 quod
697 2254 811 2278 sacra
843 2241 992 2294 aper-ic,
1024 2240 1133 2294 quod
1157 2239 1372 2276 sacrarium
1398 2251 1424 2275 α
1447 2237 1519 2275 cle-

86 2305 133 2330 ro
162 2292 332 2338 dividit,
372 2302 410 2332 et
435 2294 544 2348 quod
571 2296 717 2333 clerum
755 2309 782 2333 a
804 2296 954 2350 populo
988 2295 1163 2332 secernit.
1221 2293 1320 2332 Post
1345 2293 1523 2344 exposita.¹

87 2345 169 2384 duo
207 2348 343 2399 priora
359 2377 370 2394 ,
413 2350 564 2387 tertium
577 2380 588 2396 ‚
631 2350 763 2397 addit,
807 2350 898 2388 ιήἅε
929 2350 1064 2387 habuit
1093 2349 1282 2401 originem
1296 2376 1310 2395 ,
1349 2348 1444 2402 quia
1474 2347 1518 2386 ιίι

81 2403 289 2455 primitiva
318 2404 478 2441 ecclesia
506 2405 705 2458 peribolus
722 2435 734 2455 ,
763 2405 810 2443 id
827 2414 883 2442 est
904 2406 1062 2459 paries,
1095 2405 1165 2458 qui
1185 2403 1320 2441 cima't
1343 2403 1514 2450 chorum,

86 2469 164 2494 non
194 2457 419 2496 elevabatur
450 2460 528 2497 nisi
560 2474 675 2514 usque
706 2460 765 2499 ad
794 2460 1110 2514 appodiationem
1124 2473 1141 2506 ‚-
1175 2456 1283 2512 quod
1312 2456 1441 2496 adhuc
1475 2458 1518 2494 in

85 2510 312 2564 quibusdam
341 2514 508 2552 ecclesias
543 2515 783 2553 observatur.
845 2514 963 2568 Quod
987 2513 1076 2552 ideo
1094 2512 1246 2567 siebat,
1283 2521 1326 2551 ut
1349 2511 1519 2566 populus

87 2565 225 2604 videns
248 2567 391 2605 clerum
408 2569 639 2622 psallentem
661 2570 752 2609 inde
782 2571 920 2608 bonum
952 2569 1175 2621 exemplum
1202 2576 1375 2605 sumeret.
1437 2565 1519 2603 Vc-

90 2631 176 2657 rwn
208 2629 336 2660 eumen
368 2623 440 2662 hoc
472 2633 641 2678 tempore
671 2627 784 2680 quasi
813 2625 1063 2662 communiter
1087 2622 1332 2677 suspenditur
1358 2622 1439 2660 sive
1462 2622 1520 2658 in·

89 2677 305 2727 aetpom'lur
322 2678 452 2716 velum
480 2688 547 2717 aut
566 2694 698 2718 murus
729 2682 830 2717 inter
853 2679 1000 2716 clerum
1020 2686 1058 2715 et
1074 2677 1285 2732 populum,
1315 2691 1364 2716 ne
1389 2684 1518 2714 mutuo

92 2741 132 2764 se
164 2732 380 2784 compti-ere
401 2735 572 2787 possint,
612 2736 728 2789 quasi
757 2736 840 2787 ipso
851 2734 968 2783 sacto
994 2732 1174 2774 dic-atzar:¹
1212 2731 1359 2772 Averte
1389 2730 1518 2769 oculos

91 2788 186 2831 ‘¹⁴⁰⁸’
217 2798 264 2822 ne
285 2786 445 2840 rideant
460 2790 686 2828 vanitatem.
725 2787 949 2841 Intelligent
965 2786 1096 2827 locum
1110 2787 1234 2840 hunc,
1264 2788 1333 2840 qui
1349 2786 1518 2826 facetum
