1884 3132
211 222 287 266 Αιι
326 220 625 266 consa-mr.
646 221 846 267 poam.
886 219 959 265 ne
983 221 1166 265 cmm.
1207 222 1308 264 un.
1336 224 1389 263 11.
1474 205 1587 262 883

79 330 81 332 ’
134 326 291 366 cantico
317 325 370 364 ab
398 325 484 379 ipso
510 326 749 380 composito,
776 325 919 379 procul
946 324 1070 364 dubio
1098 324 1311 378 legendum
1339 332 1397 364 est
1413 325 1584 378 χειρῶν,

134 382 211 420 nisi
230 381 415 420 malimus
441 381 587 431 dicere,
616 389 819 420 auctorem
841 381 1057 419 admodum
1075 380 1225 433 tragice
1246 379 1423 419 locutum
1445 381 1579 421 fuisse.

134 436 288 475 Verum
318 436 480 490 quidem
510 443 599 486 est,
645 437 910 500 Imperatores
939 435 1047 475 haud
1083 449 1175 474 raro
1203 435 1307 488 ipsos
1333 438 1486 475 cantica
1513 451 1581 475 or-

133 505 198 530 sos
221 491 340 530 fuisse
365 505 438 530 suo
466 466 599 530 coetui’
624 497 708 530 tam
735 494 778 530 in
807 491 993 539 ecclesia,
1022 494 1143 543 q'uam
1173 490 1312 541 domi,
1351 499 1397 529 ut
1424 498 1583 532 constat

134 544 315 599 exemplo
342 546 489 584 Leonis
519 547 714 592 Armeni,
743 546 793 584 de
819 560 900 600 quo
921 545 1126 584 Cedrenus
1151 559 1192 598 p.
1213 544 1307 612 491.
1335 545 1403 587 C.:
1438 545 1584 586 cmi-921.

131 599 180 640 ἓν
206 604 299 646 ταῖς
325 599 595 654 ψαλμιιμιδιαις
628 598 838 665 ἑξᾴρχειν
852 601 938 639 ταῖν
963 597 1119 662 αιἰων,
1157 599 1230 639 καί
1254 600 1414 648 μᾶλλον
1443 596 1508 641 ὅτε
1537 601 1582 641 ἐν

130 654 187 709 τῇ
228 653 307 694 τοῦ
332 655 524 706 Χριστοῦ
569 652 754 708 γεννήσει
801 651 838 694 οἱ
877 655 951 708 τῆς
975 631 1119 706 ἑορτῆς
1143 651 1310 700 κανόνες
1336 654 1583 705 ἐιυάλλοντο.

131 695 212 748 Sed
242 709 309 748 hic
334 723 416 748 non
445 710 592 749 dieitur
624 711 707 749 Leo
738 709 911 764 hymnos
939 723 1099 749 exorsus
1127 710 1272 755 fuisse,
1302 709 1372 749 sed
1400 719 1582 751 cantores

131 764 320 804 dicuntur
354 765 550 818 hymnum
592 767 677 804 cius
717 765 902 804 manibus
938 771 1089 804 textum
1117 765 1350 817 calamoque
1381 767 1466 805 eius
1490 781 1582 806 exa-

130 827 263 858 ratum
291 820 431 858 ordiri.
491 819 658 859 celeber
694 828 827 859 autem
869 822 950 859 Leo
987 821 1153 873 Sapiens
1190 827 1249 859 est
1275 822 1381 859 iuter
1406 821 1581 874 hymno-

130 874 304 928 graphos
332 877 521 922 Graecos,
550 883 596 914 ut
621 889 667 914 ex
696 878 794 914 actis
819 876 1060 914 Sanctorum
1092 876 1141 917 T.
1173 876 1206 913 1.
1238 875 1341 914 Iunii
1370 884 1538 915 constat.

241 931 284 972 B.
312 929 388 968 ult.
428 929 544 984 [757‚
571 944 611 969 11
623 929 652 983 .]
702 927 886 978 δεξᾲιου.
943 931 1004 969 Ita
1031 930 1152 983 paulo
1180 930 1414 970 msolentius
1442 932 1580 985 appel-

131 982 188 1022 lat
216 991 341 1023 totam
369 998 442 1037 pel·
470 985 563 1024 ΧΗ.
591 984 676 1024 dies
705 986 979 1024 continuatam
1004 985 1269 1033 hilaritatem,
1300 985 1447 1039 quibus
1466 1002 1580 1026 nem-

130 1053 187 1092 pe
209 1039 313 1093 Imp.
341 1053 524 1092 proceres
544 1039 597 1078 ad
624 1054 665 1079 se
694 1047 734 1079 et
760 1040 812 1078 ad
839 1055 1017 1079 mensam
1047 1055 1159 1079 suam
1187 1014 1439 1081 admittebat.

316 1092 609 1148 7.[757‚17.]
646 1093 944 1134 Ἰουστινιανοῦ
971 1094 1048 1134 τοῦ
1072 1109 1140 1146 με;
1142 1094 1267 1135 α’λου.
1335 1097 1581 1137 lastinianus·

131 1148 190 1191 M.
213 1147 279 1188 ille
315 1109 393 1188 dici
431 1148 557 1199 solet,
600 1152 671 1202 qui
701 1149 914 1199 Belisario,
946 1151 1150 1203 Procopio
1184 1155 1222 1188 ct
1252 1151 1449 1215 Agathiae
1486 1154 1582 1192 vixit

131 1203 307 1257 aequalis
333 1204 466 1243 medio
494 1204 652 1243 saeculo
681 1205 753 1247 Vl.
779 1212 818 1243 et
846 1205 917 1244 diu
958 1220 1182 1258 magnaque
1220 1219 1312 1245 cum
1341 1205 1467 1259 gloria
1516 1222 1581 1246 re-

131 1261 270 1312 gnavit
290 1288 302 1308 ‚
347 1259 533 1298 omnibus
562 1267 695 1298 notus.
749 1260 876 1326 Atqui
904 1258 1123 1299 triclinium
1150 1261 1357 1299 Iustiniani
1386 1275 1466 1300 nou
1495 1262 1577 1310 ille,

131 1313 203 1352 sed
231 1314 475 1352 Iustinianus
512 1309 534 1351 ὅ
574 1313 663 1360 νέος
698 1321 739 1353 et
776 1311 798 1352 ὅ
827 1310 1092 1366 ῥιυότμητος,
1139 1322 1185 1352 ut
1219 1315 1409 1367 appellari
1449 1316 1578 1364 solet,

132 1369 203 1420 qui
230 1368 387 1407 saeculo
415 1365 513 1406 V11.
544 1376 710 1407 exeunte
737 1371 918 1422 regnavit
946 1369 1060 1408 foeda
1088 1369 1181 1408 cum
1208 1369 1343 1419 fama,
1372 1371 1578 1419 condidit,

131 1429 180 1461 ut
205 1430 359 1462 constat
387 1437 409 1462 e
436 1424 504 1461 Du
533 1423 671 1476 Cangii
697 1424 799 1462 CPli
828 1423 978 1462 Ch1ist.
1010 1425 1134 1462 L.11.
1161 1438 1200 1476 p.
1239 1424 1329 1463 118.
1386 1425 1460 1464 Est
1487 1439 1583 1478 ergo

134 1491 248 1516 error
278 1486 350 1518 aut
378 1479 594 1516 memoriae
619 1480 822 1527 auctoris,
857 1485 927 1516 aut
963 1478 1116 1517 calamo
1146 1478 1303 1517 librarii
1340 1480 1581 1519 tribuendus

134 1539 174 1571 et
199 1531 294 1572 νέου
322 1533 623 1586 reponendum,
660 1540 730 1571 aut
758 1533 814 1588 τῶ
842 1529 1037 1588 μεμίλῳ,
1069 1541 1114 1573 ut
1140 1548 1181 1586 p.
1198 1532 1293 1584 440.
1323 1534 1371 1572 C.
1392 1549 1433 1588 7.
1463 1535 1582 1574 Conf.

69 1628 73 1630 ,
134 1587 242 1626 dicta
278 1588 330 1627 ad
364 1602 407 1641 Ρ.
441 1589 535 1641 572.
566 1588 618 1626 A.
649 1588 725 1626 ult.

246 1643 299 1684 D.
327 1642 368 1682 8.
398 1624 513 1696 [758,
535 1641 599 1696 8.]
627 1640 685 1696 τῶ
717 1640 904 1694 φθέγμα.
962 1642 1024 1680 Ita
1053 1641 1324 1683 membranae>
1393 1643 1479 1683 Aut
1519 1643 1580 1699 τῷ

137 1697 352 1751 φθέγματι
380 1697 474 1750 leg„
504 1703 573 1736 aut
601 1693 646 1736 τὸ
678 1697 787 1749 4³3⁸)
787 1711 863 1746 μα
918 1696 1039 1735 Prius
1070 1698 1230 1736 rectius.

238 1751 364 1845 4391)
372 1752 423 1793 Α.
442 1751 484 1803 4.
506 1751 618 1806 [758,
648 1753 710 1791 15.
714 1750 730 1805 ]
751 1752 832 1790 τῶν
844 1747 1131 1800 καθισμὰτων.
1169 1752 1234 1791 Sic
1254 1760 1293 1791 et
1311 1753 1416 1792 insta
1437 1753 1582 1806 legitur

135 1821 178 1860 Ρ.
206 1805 364 1861 447.1)
414 1821 447 1847 ι.
480 1813 520 1845 et
547 1805 644 1857 452.
675 1806 724 1846 A.
753 1806 827 1844 ult.
899 1807 991 1844 Non
1023 1810 1123 1845 solet
1151 1814 1285 1846 tamen
1317 1809 1359 1846 in
1401 1808 1579 1860 plurali,

138 1862 207 1900 sed
235 1863 276 1900 1ιι
296 1861 488 1914 singulari
516 1861 649 1900 efferri
678 1862 886 1900 cathisma.
943 1861 1041 1899 Nam
1071 1862 1125 1900 sic
1149 1862 1424 1915 appellabatur
1447 1870 1581 1902 totum

137 1915 241 1955 illud
278 1916 455 1955 tribunal
516 1916 582 1955 vel
619 1916 843 1955 aedificium
877 1930 996 1969 super
1024 1916 1174 1954 circum
1200 1918 1403 1967 eminens,
1441 1932 1463 1956 e
1497 1924 1581 1971 quo'

139 1971 244 2024 Imp.
274 1971 391 2010 ludos
424 1973 619 2010 circenses
657 1971 886 2024 spectabat,
922 1979 967 2009 ut
998 1972 1153 2023 saepius
1185 1971 1351 2011 dictum.
1410 1972 1580 2011 Videtur

138 2025 329 2077 inferius,
370 2026 409 2064 in
446 2027 526 2065 ima
553 2025 674 2065 huius
704 2027 870 2065 aedificii
898 2027 1223 2078 contignatione,
1255 2027 1339 2066 sa'la
1370 2029 1580 2080 pransoria

138 2080 285 2131 1111558,
325 2095 447 2133 quam
482 2082 628 2120 Noster
656 2080 722 2120 hic
760 2077 833 2120 τὸν
862 2079 1067 2131 2’91'mtvov
1094 2081 1175 2120 τῶν
1202 2081 1474 2131 καθισμάτων
1506 2096 1578 2134 ap-

138 2134 273 2187 pellat.
330 2137 438 2175 Infra
463 2143 597 2175 autem
630 2151 670 2189 p.
687 2135 782 2187 450.
805 2136 852 2174 C.
866 2134 907 2187 4.
930 2132 953 2173 ὅ
989 2135 1192 2187 τρίκλινος
1218 2136 1297 2175 τοῦ
1322 2134 1583 2186 καθίσματυς

163 2190 377 2243 pp.ellatur

249 2245 302 2288 A.-
333 2259 375 2299 9.
405 2245 518 2300 [758,
538 2244 617 2299 αα]
661 2243 844 2299 ἆκταρίω
873 2258 942 2283 και
963 2244 1023 2298 τῷ
1041 2243 1322 2300 ὃεκσογράφιμι
1376 2245 1434 2284 Ita
1453 2259 1583 2284 mem-

139 2296 306 2339 branae.
363 2301 547 2339 Actarius
580 2302 674 2339 satis
710 2300 811 2338 bene
843 2307 970 2352 potest
1010 2300 1088 2338 dici
1128 2300 1179 2338 ab
1200 2310 1313 2350 acta,
1350 2314 1481 2353 neque
1510 2315 1582 2352 pe-

139 2356 218 2402 ius,
242 2368 365 2408 quam
389 2357 584 2394 actuarius
609 2355 662 2394 ab
691 2364 823 2404 αεειιςς
856 2350 1139 2407 δεκσογραφος
1153 2362 1286 2394 autem
1310 2354 1414 2393 male
1443 2369 1581 2393 exara·

138 2416 228 2448 tum
257 2417 317 2448 est
340 2418 414 2462 pro
442 2407 738 2464 (Ῑεησογράφος.
791 2410 846 2448 Et
869 2409 1130 2473 adscripscrat
1157 2409 1210 2448 cl.
1240 2409 1387 2448 Leiche
1408 2410 1581 2462 margini

141 2464 359 2517 apographi
379 2465 619 2528 Draudiani‚
659 2464 737 2518 leg.
768 2477 850 2503 esse
876 2461 1167 2517 δεησογράφῳ.
1240 2465 1318 2503 Sed
1350 2478 1373 2502 a
1417 2472 1582 2528 vepretp

141 2519 241 2557 ficus
264 2519 434 2572 quaerit,
468 2520 537 2572 qui
569 2520 861 2558 accurationem
888 2526 928 2556 et
960 2519 1175 2572 puritatem
1202 2519 1393 2558 sermonis
1419 2533 1442 2558 a
1465 2521 1584 2558 novis

142 2574 306 2613 Graecis
337 2581 546 2627 exspectat.-
605 2574 670 2613 Sic
696 2569 980 2626 εὖτυχοφόρος
1007 2574 1146 2612 dicunt
1176 2587 1248 2626 pro
1277 2571 1585 2637 εὕτυχιοφόρος

148 2626 212 2665 vel
238 2623 579 2682 ευτυχειοφόρος,
618 2636 664 2667 ut
698 2629 738 2667 in
759 2629 909 2667 Latinis
944 2630 1041 2667 meis
1066 2627 1217 2691 ubique
1250 2631 1422 2682 reposui,
1457 2635 1497 2667 et
1523 2629 1584 2667 in-'

143 2680 265 2734 srap.
294 2683 390 2732 462.
415 2684 465 2723 A.
491 2698 525 2722 1.
554 2690 612 2722 est
638 2679 901 2749 ρειτονάρχης
926 2697 999 2735 pro
1026 2681 1327 2734 γειτοιιάργης.
1385 2682 1495 2722 Talis
1527 2690 1586 2723 eet

143 2732 326 2776 formatio
350 2734 630 2788 ὀπισθόδομος
655 2752 728 2790 pro
749 2733 1060 2788 ὄπισθιόδομος,
1090 2738 1132 2776 1(1
1156 2745 1213 2777 est
1231 2736 1358 2786 δόμος
1377 2735 1584 2788 ὄπίσθιοῃ

147 2790 481 2847 κωμῳδογραφος
507 2807 582 2847 pro
619 2789 985 2847 κωμῳδιογράᾳος.
1053 2788 1322 2847 Ποσωχάρης
1351 2808 1394 2833 m
1423 2793 1503 2834 Ant
1510 2793 1586 2831 hor-
