1884 3132
311 107 423 165 528
583 127 654 169 10.
695 128 800 170 mc.
849 130 1044 170 Raisxn
1081 128 1460 173 commm'rARn

303 231 465 285 plenam
491 231 616 283 rugis.
675 229 907 270 Athenaeus
941 246 981 285 p.
1002 230 1097 286 47¹·
1117 232 1169 271 E.
1194 246 1232 270 2.
1252 241 1387 271 testam
1414 229 1588 287 appellat
1622 235 1753 275 κισσῖ

309 280 631 337 καταβρύουσαν
651 314 663 334 ‚
693 295 814 324 totam
824 286 1040 342 florentem
1071 288 1228 326 hedera.
1289 287 1399 326 Idem
1427 302 1470 340 p.
1498 286 1596 342 495.
1626 288 1676 328 F.
1740 318 1750 327 .

310 340 433 379 habet
461 335 611 379 κλάδον
640 336 932 392 κατάκαρπον,
962 351 1081 381 totum
1104 344 1266 397 plenum
1270 342 1470 395 fructibus
1502 357 1658 382 ramum
1678 372 1690 394 ‚
1712 351 1753 383 et

310 411 351 449 p.
375 395 466 436 550.
492 396 538 434 C.
565 410 604 434 2.
628 395 834 435 hominem
855 391 1133 448 κατάσαρκον,
1173 398 1351 444 obesum,
1397 398 1582 436 offertum
1624 398 1757 438 cam-i-

310 452 401 491 bus.
434 451 649 504 Sophocles
666 449 892 503 κάθυπνον,
921 455 1051 491 somni
1075 454 1253 507 plenum,
1288 451 1750 508 dixitTrachin.v.98-J.‚

311 507 381 546 ubi
404 507 518 546 editt.
536 507 720 561 vulgatae
734 521 873 547 vocem
895 508 996 546 male
1018 509 1218 547 dividunt.
1240 509 1294 547 V.
1317 509 1366 548 ad
1385 522 1426 562 p.
1452 507 1547 548 380.
1565 508 1619 547 A.
1633 508 1676 548 6.

427 574 474 612 C.
499 588 539 627 7.
564 572 682 627 MOS,
709 573 792 628 12]
823 573 1059 625 χαλιίντζια.
1116 575 1452 630 Quandoquidem
1484 573 1658 613 καυκιόν
1684 587 1760 613 an-

317 629 447 683 cipitis
473 637 532 668 est
560 629 884 682 significationis:
917 644 1010 668 nam
1049 638 1087 670 et
1116 639 1321 684 pateram,
1356 645 1378 669 e
1405 644 1485 684 qua
1523 631 1585 668 ius
1611 628 1760 668 sorbile

318 684 517 724 cochleari
550 685 737 723 hauritur
758 716 769 735 ‚
805 692 874 723 aut
919 686 958 723 in
981 701 1060 739 qua
1090 687 1211 739 dapes
1241 694 1375 725 coctae
1405 691 1688 739 apponuntur,
1719 691 1761 724 et

314 739 505 794 poculum
525 771 536 791 ‚
563 754 585 779 e
614 755 694 794 quo
721 743 861 780 vinum
878 741 1030 780 bibitur
1046 773 1055 787 ,
1082 750 1219 781 notat:
1252 757 1296 781 ex
1330 756 1376 781 eo
1400 741 1469 790 fit,
1491 747 1538 779 ut
1558 740 1608 778 de
1633 741 1759 792 signi·-

316 796 501 835 ficatione
527 803 565 834 et
603 796 844 850 etymologia
886 796 1070 835 vocabuli
1100 795 1339 848 χαλίντζιον
1379 810 1462 836 non
1494 802 1660 834 constet.
1716 794 1760 834 Si

310 852 498 906 poculum
530 859 668 890 notare
685 852 828 903 debet,
858 860 917 891 est
944 852 1085 905 procul
1113 852 1236 891 dubio
1263 853 1370 891 idem
1389 882 1399 900 ‚
1435 851 1544 905 quod
1574 845 1761 898 καλίτζα.

316 907 382 945 Sic
412 908 506 946 novi
523 908 664 946 Graeci
689 908 862 959 calycem
889 908 1107 961 appellant,
1133 915 1375 947 transsumta
1404 921 1427 946 a
1453 906 1605 945 Latinis
1642 917 1757 952 voce,

317 969 365 1000 ut
395 963 529 1001 Latini
562 976 676 1001 suam
708 971 827 1001 antea
854 977 876 1001 e
906 964 1060 1002 Graeco
1095 960 1212 1011 κύλιξ
1240 969 1532 1012 assumserant3
1577 959 1662 999 vid.
1689 959 1759 999 Du

316 1018 451 1071 Cange
469 1018 536 1057 Gl.
552 1019 624 1056 Gr.
636 1033 678 1070 p.
692 1017 784 1058 558.
805 1018 959 1068 Quodsi
1001 1031 1099 1059 vero
1134 1018 1309 1071 amplam
1323 1027 1508 1073 pateram
1525 1022 1638 1054 notat
1652 1044 1664 1065 ‚
1700 1021 1760 1054 est

320 1083 374 1122 ab
393 1083 566 1122 Arabica
591 1099 690 1123 voce
719 1075 850 1147 Εέῗ45
879 1084 978 1139 [vid.
1009 1083 1266 1125 D'Herbelot.
1298 1084 1403 1123 Bibl.
1432 1083 1508 1122 Or.
1536 1095 1578 1135 p.
1601 1078 1698 1135 987.
1715 1093 1760 1120 v.

319 1149 507 1203 Klzalig]
566 1150 691 1189 Notat
721 1165 766 1189 ea
795 1150 973 1189 canalem
1015 1165 1175 1189 omnem
1219 1150 1411 1203 grandem
1453 1161 1596 1201 aquae.
1655 1144 1764 1184 Hine

321 1205 468 1244 fretum
488 1205 698 1244 CPtanum
711 1220 781 1244 scu
799 1206 1002 1259 Bosporus
1026 1207 1071 1244 al
1079 1207 1209 1258 chalig
1233 1206 1270 1244 in
1293 1207 1423 1258 specie
1443 1201 1634 1243 celebrari
1645 1200 1760 1240 solet.

319 1261 374 1300 V.
393 1262 460 1299 Du
484 1261 618 1314 Gange
641 1275 682 1300 v.
704 1262 842 1314 Caligo
870 1269 909 1300 et
926 1262 1061 1310 Calyae
1075 1291 1085 1311 ‚
1113 1275 1212 1314 quas
1240 1261 1377 1300 ambas
1398 1259 1516 1300 valde
1557 1263 1664 1296 errat
1693 1256 1766 1308 qui

321 1316 486 1355 Latinas
511 1317 566 1356 ibi
587 1331 668 1355 esse
696 1318 909 1370 putaverit.
964 1317 1019 1355 Et
1053 1316 1147 1355 hinc
1179 1316 1313 1355 locum
1350 1310 1680 1355 SanutiTorselli
1713 1309 1766 1350 P.

323 1371 353 1411 Ι.
374 1373 422 1410 L.
451 1372 486 1410 I.
509 1386 545 1410 c.
572 1385 604 1413 1.
626 1374 801 1426 corrigas
825 1386 835 1410 :
896 1381 1066 1427 tempore
1097 1373 1235 1410 mem-is
1271 1372 1449 1411 Octobris
1467 1368 1630 1426 flumen
1667 1365 1770 1404 illud

324 1425 479 1481 [Nilus]
503 1427 679 1466 abundat
704 1429 746 1466 ἱη
776 1436 924 1466 tantam
938 1458 947 1475 ‚
975 1428 1085 1483 quod
1113 1429 1221 1482 ipsae
1256 1428 1471 1482 speciariae
1502 1433 1539 1463 et
1563 1422 1767 1461 mercimo-

323 1484 392 1521 nia
413 1498 439 1521 a
466 1483 693 1534 Babylonia
726 1498 803 1537 per
825 1483 971 1522 dictum
990 1483 1141 1538 flumen
1170 1484 1319 1521 intrant
1340 1497 1417 1537 per
1442 1478 1642 1535 quandam
1667 1477 1768 1514 calt-

322 1539 476 1590 giatam
496 1537 598 1591 [non
618 1539 842 1591 talgiatam‚
871 1545 917 1577 ut
942 1539 1062 1592 vulgo
1093 1537 1241 1591 editur]
1266 1539 1444 1591 longam,
1471 1545 1508 1574 et
1527 1547 1605 1590 per
1624 1532 1770 1571 ducen-

325 1603 366 1632 ta
399 1594 594 1632 milliaria
607 1623 618 1643 ‚
662 1609 762 1649 qnae
797 1603 884 1633 sunt
921 1609 948 1633 a
979 1595 1206 1645 Babylonia
1241 1609 1356 1648 usque
1382 1594 1423 1631 in
1452 1588 1767 1637 Alexandriam,

326 1649 566 1700 dffermztur.
591 1649 687 1687 Vid.
707 1651 774 1687 Du
798 1650 932 1703 Gange
944 1664 984 1688 v.
1008 1651 1204 1702 Talgiata.
1232 1650 1387 1687 Verum
1406 1649 1499 1700 quia
1519 1643 1674 1684 Arabes
1694 1655 1768 1694 pro

327 1704 598 1757 extravaganti
621 1719 692 1744 sua
716 1706 1000 1758 imaginatione
1023 1713 1061 1744 et
1085 1704 1311 1758 eloquentia
1334 1710 1464 1742 vastas
1486 1700 1642 1754 patinas
1662 1711 1770 1746 suas,

327 1759 609 1812 hospitalitatis
644 1774 739 1799 suae
768 1762 1015 1814 potissimam
1039 1761 1230 1812 gloriam,
1267 1759 1365 1797 cibis
1405 1757 1526 1797 coctis
1564 1752 1773 1793 iurulentis

330 1815 601 1854 redundantes
616 1845 627 1866 ‚
658 1831 750 1854 cum
780 1817 1008 1870 ingentibus
1036 1815 1167 1855 fluviis
1187 1845 1198 1864 ‚
1220 1814 1386 1854 lacubus
1409 1821 1449 1852 et
1479 1811 1590 1850 fretis
1611 1821 1774 1860 compa-

330 1889 445 1920 rant:
469 1896 515 1920 ex
548 1896 595 1920 eo
627 1882 776 1921 sactum
793 1912 803 1932 ‚
834 1890 879 1921 ut
898 1875 1028 1944 ffb>
1048 1911 1059 1932 ,
1089 1883 1243 1934 clzdig,
1271 1893 1431 1934 quoque
1444 1879 1654 1934 patinam,
1679 1873 1774 1912 ''li-5·

330 1938 476 1976 sorium
508 1945 635 1977 notet.
678 1938 856 1977 Praeivit
878 1939 981 1977 hanc
1003 1938 1133 1976 ideam
1161 1938 1287 1990 po'etis
1301 1934 1486 1974 Arabicis
1502 1943 1648 1985 ,quam
1665 1926 1776 1969 haud

333 2007 469 2046 segnes
491 1995 635 2032 imitati
656 1993 832 2043 fuerunt,
865 1994 993 2032 Labid
1024 1995 1064 2031 in
1091 1992 1289 2031 Moallaca
1311 1991 1365 2030 V.
1385 1989 1474 2045 [75.
1492 1990 1556 2043 76.
1573 1988 1638 2028 ed.
1658 1982 1772 2038 sac-⁶]

1741 2056 1762 2071 «β

577 2080 743 2138 teoto-95
778 2078 882 2135 02:ss
916 2079 1031 2134 >2214AE
1064 2083 1148 2134 &wo
1181 2080 1269 2146 λῳ)
1310 2076 1354 2132 3<
1388 2073 1552 2131 ῳωῆς
1586 2076 1631 2128 35
1666 2078 1778 2136 ὑφ’

335 2237 556 2293 Applicant
572 2252 625 2284 se,
651 2238 759 2276 velut
781 2238 843 2275 ad
858 2238 1064 2291 hospitium
1079 2267 1089 2284 ,
1115 2237 1174 2275 acl
1198 2250 1371 2275 meorum
1391 2235 1639 2273 tentoriorum
1653 2233 1780 2284 fimes

336 2308 470 2331 omnes
486 2293 660 2331 misellae
662 2294 872 2343 foeminae
893 2294 933 2331 in
948 2293 1162 2345 corrugatis
1175 2292 1399 2345 pannucit'S,
1420 2291 1630 2340 referentes
1639 2287 1780 2342 [macie

338 2355 379 2385 et
410 2348 598 2386 horrifico
624 2347 828 2400 adspectu]
858 2349 1047 2386 camelum
1063 2378 1072 2393 ‚
1106 2361 1205 2401 quae
1236 2347 1294 2384 ad
1323 2345 1538 2400 sepulcrum
1567 2343 1656 2380 heri
1686 2343 1781 2380 alli-

337 2410 431 2454 gata
439 2404 560 2453 same
582 2404 724 2441 sinitur
739 2404 959 2456 exspirare.
990 2403 1145 2441 Earum
1160 2401 1332 2454 orphani
1351 2401 1520 2450 cingunt,
1550 2405 1590 2436 ut
1618 2411 1777 2444 corona,

339 2465 418 2494 lam
433 2486 443 2502 .,
474 2471 590 2511 quum
628 2457 737 2494 vena·
770 2457 932 2494 adversi
961 2458 1062 2495 inter
1097 2471 1154 2503 se,
1186 2456 1293 2493 velut
1311 2453 1508 2518 praeficae
1523 2481 1533 2498 ‚
1562 2452 1786 2506 plangendi

340 2512 444 2548 vices
473 2512 633 2558 obeunt,
658 2512 785 2549 lacum
800 2540 811 2561 ,
840 2512 898 2549 acl
923 2526 1034 2565 quem
1060 2511 1236 2550 decentes
1267 2511 1357 2547 viae
1361 2507 1571 2561 frequenti
1587 2520 1782 2544 commea-

342 2567 445 2602 tione
489 2567 602 2604 tritae
647 2575 747 2604 sunt.
815 2565 1007 2618 Exempla
1039 2566 1157 2619 plura
1195 2565 1344 2603 habent
1389 2561 1663 2601 commentarii
1702 2562 1781 2600 mei

344 2619 396 2656 ad
417 2619 640 2658 Abulfedae
669 2620 859 2659 Arabica.

456 2674 500 2712 C.
529 2674 721 2728 10.[468‚
753 2674 838 2728 15.]
869 2670 1040 2713 ἅλειπτὰ
1059 2703 1070 2724 ,
1101 2672 1379 2722 καπνίσματα.
1433 2670 1557 2708 Volui
1594 2671 1635 2708 in
1671 2670 1783 2708 Lati-

348 2728 409 2766 nis
443 2727 652 2767 discrimen
693 2729 838 2768 harum
880 2742 1027 2768 vocum
1068 2729 1274 2777 indicare3
1312 2725 1382 2764 sed
1407 2738 1575 2774 vereor,
1603 2733 1649 2765 ut
1691 2726 1784 2764 satis
