1884 3132
235 153 310 197 An
352 151 648 197 CONSTANT.
689 153 886 197 ponpa.
931 155 1002 195 DE
1042 152 1224 198 cEmM.
1266 157 1364 199 Lm.
1402 161 1436 200 1.
1486 149 1600 215 419

159 270 237 297 ano
267 258 394 297 T.11.
412 273 455 312 p.
480 258 547 313 57.
603 258 658 298 Et
685 258 825 306 Bassi,
854 260 890 299 si
916 259 1020 299 bene
1047 262 1238 313 memini,
1266 264 1489 316 superiores
1506 277 1599 304 suos

158 311 238 352 hoc
280 314 401 352 modo
438 314 605 353 adorant
625 344 637 365 ‚
681 328 705 352 a
744 315 903 353 Graecis
931 315 1054 354 docti.
1113 317 1247 355 Latini
1276 320 1478 371 sequiores
1505 333 1596 358 eum

157 368 449 407 inclinationem
484 379 574 408 ante
599 379 638 407 et
666 379 770 407 retro
793 368 1007 421 appellant.
1067 371 1198 410 Mirae
1226 372 1501 426 appellationis
1528 389 1597 413 ra-
1606 374 1667 410 Ed.
1682 374 1717 407 L·
1738 375 1799 410 ¹32

156 424 306 461 tionem
325 425 499 477 suggerit
520 424 736 462 Udalricus
753 425 800 461 L.
826 425 898 462 111.
919 424 1108 463 Consuet.
1130 426 1310 466 Cluniae.
1333 443 1369 467 c.
1388 443 1428 468 2.
1448 444 1458 467 ε
1493 430 1593 483 Qui-

155 477 250 516 libet
266 480 435 517 novitias
459 487 515 518 est
538 479 781 517 instruendus
798 507 809 525 ‚
838 488 880 517 ιιι·
900 480 1133 531 regulariter
1157 483 1255 520 sciat
1279 493 1397 538 caput
1422 485 1591 523 inclimz-

156 547 200 570 η’
218 562 230 579 ,
263 533 409 572 scilicet
433 547 511 572 non
534 534 651 572 dorm
679 542 838 572 arcuato
862 557 883 562 -
902 556 923 563 -
947 535 1019 572 sed
1037 536 1114 583 ita,
1157 545 1199 574 ut
1224 537 1381 576 dorsum
1404 540 1455 577 sic
1487 554 1591 578 sum-

155 589 318 635 missius,
350 590 469 643 qnam
498 588 621 626 lumbi
637 617 648 638 ‚
670 597 707 626 et
725 597 842 642 caput
860 591 1107 635 summissius,
1130 605 1247 644 quam
1266 593 1423 632 domum
1439 624 1449 640 ‚
1471 610 1593 648 quam

154 643 445 682 inclinationem
474 657 542 681 nos
565 657 643 697 pet·
672 657 779 681 usum
806 646 895 681 ante
915 652 954 682 et
977 653 1080 682 retro
1100 647 1348 699 appellamus
1362 677 1380 694 ,
1404 651 1498 702 quia
1527 651 1591 688 in-

156 698 254 751 cipit
273 706 407 736 contra
427 699 614 736 orientem
643 706 680 735 et
690 697 794 752 finit
814 707 948 737 contra
965 699 1212 739 occidentem.
1269 701 1332 740 De
1358 703 1591 744 adoratione

153 760 283 804 prono
306 759 445 791 ventre
486 760 644 805 peracta
669 753 831 804 insignis
858 761 916 791 est
943 752 1054 792 locus
1088 755 1193 808 apud
1222 756 1465 809 Procopium
1493 774 1586 812 pag.

158 807 247 845 133.
265 806 344 845 fine
385 807 532 846 Histor.
562 807 813 846 Anecdotae:
843 804 958 859 παρὰ
996 806 1359 861 'lovomaavdvffie
1382 814 1455 852 καί
1484 813 1588 853 Θεο-

153 859 299 914 δώραν
329 857 406 908 τὰς
435 858 623 909 εἰσόδους
650 859 884 912 ποιούμενοι
914 861 958 901 οἵ
981 871 1023 901 ’τε
1042 856 1162 902 ἄλλοι
1183 860 1364 912 ἅπαντες
1390 866 1463 906 καί
1494 864 1588 907 ὅσοι

149 911 198 954 τὸ
227 915 439 967 πατρίκιον
465 910 626 967 ἀξίωμα
654 911 790 968 εἶχον,
834 913 1008 956 ἔπιπτον
1032 917 1111 967 μὲν
1137 918 1197 966 εἷς
1223 916 1270 959 τὸ
1299 917 1460 975 ἔδαφος
1479 952 1491 972 ,
1516 917 1587 961 εὔ-

149 966 237 1016 θύς
263 969 334 1010 ἐπὶ
373 967 506 1021 στόμα
524 1002 536 1021 ‚
573 971 730 1033 χειρῶν
770 970 844 1010 καί
868 971 1007 1011 ποδῶν
1032 972 1091 1019 εἰς
1116 966 1222 1025 ἄγαν
1247 977 1559 1025 τετανυσμένων
1574 1009 1586 1029 ‚

150 1020 227 1063 καὶ
249 1024 384 1076 χείλει
410 1022 534 1072 ποδὸς
572 1025 769 1078 εκατέρου
810 1023 1022 1076 ἁψάμενοι
1047 1027 1326 1076 ἐξανίσταντο.
1383 1030 1468 1070 Ubi
1498 1046 1584 1071 mo-

149 1091 235 1118 rem
263 1079 376 1119 illum
403 1094 428 1119 a
456 1081 677 1120 Iustiniano
705 1088 744 1120 et
771 1081 987 1120 Theodora
1014 1096 1152 1122 recens
1183 1084 1386 1124 invectum
1402 1115 1414 1134 ‚
1442 1088 1585 1140 procul

150 1133 276 1173 dubio
304 1149 350 1174 ex
385 1136 607 1175 imitatione
631 1150 770 1190 regum
798 1136 1039 1185 Persarum,
1079 1145 1127 1176 ut
1167 1139 1428 1180 intolerabilis
1454 1149 1494 1180 et
1522 1143 1584 1180 in·-

148 1188 464 1229 humani'fastus
491 1198 769 1245 argumenmm
796 1192 971 1244 graviter
997 1193 1277 1245 reprehendit3
1306 1209 1348 1234 v.
1364 1196 1415 1234 ad
1432 1211 1470 1249 p.
1486 1198 1581 1251 ²78·

150 1243 198 1282 C.
239 1239 325 1283 1o.*
359 1246 495 1298 Imago
534 1247 600 1285 ἐπ’
640 1241 826 1299 ἐδάφους
852 1248 1179 1298 προσκυνοῦντος
1205 1251 1448 1302 conspicitur
1475 1253 1584 1305 apud

148 1298 218 1338 Du
245 1299 379 1354 Gange
401 1300 536 1340 tabula
565 1301 616 1343 ΙΙ.
644 1302 948 1353 praemissarum
976 1302 1133 1342 dissert.
1169 1303 1219 1343 de
1243 1306 1417 1345 nummis
1429 1307 1584 1359 Byzan-

149 1354 244 1392 tinis
270 1369 374 1407 poue
400 1354 576 1394 Glossar.
606 1357 696 1394 Lat.
755 1357 817 1394 De
858 1356 1090 1396 adoratione
1128 1358 1265 1398 multis
1301 1362 1382 1413 egit
1423 1361 1584 1402 selden.

149 1408 278 1447 Titul.
308 1410 461 1448 Honor.
494 1425 536 1463 p.
554 1409 622 1460 54.
642 1424 732 1463 sqq.
790 1411 911 1461 Quod
940 1418 1076 1450 autem
1102 1413 1154 1451 ad
1172 1428 1325 1452 morem
1341 1444 1353 1465 ‚
1381 1415 1435 1454 ob
1461 1430 1582 1468 quem

149 1462 249 1502 haec
283 1464 471 1517 digressio
512 1465 690 1503 instituta
730 1464 832 1514 fuit,
875 1466 1041 1513 attinet,
1084 1466 1199 1506 illum
1227 1483 1401 1521 nempe,
1441 1470 1582 1510 diebus

150 1517 358 1557 dominicis
386 1533 452 1557 eos
480 1533 559 1557 non
596 1519 817 1569 adorandi,
863 1533 963 1571 quos
1005 1521 1101 1560 alias
1133 1530 1356 1575 oporteret,
1394 1526 1581 1577 antiquus

149 1572 219 1612 ille
245 1581 304 1612 est
331 1580 370 1612 et
396 1573 644 1612 Tertulliano
673 1575 751 1611 iam
780 1581 1045 1622 memoratus,
1076 1575 1180 1615 libro
1208 1577 1258 1615 de
1287 1578 1446 1629 Corona
1474 1579 1580 1618 mili-

154 1634 243 1666 tum
263 1643 275 1667 :
303 1628 370 1666 die
392 1629 588 1667 dominico
627 1630 812 1667 ieium'um
851 1629 961 1679 nefas
989 1629 1162 1669 ducinms
1204 1632 1273 1670 vel
1316 1632 1368 1670 de
1400 1636 1579 1686 geniculo

147 1682 328 1732 adorare,-
349 1684 561 1738 eademque
576 1685 816 1722 immunitate
835 1697 861 1721 a
877 1683 943 1721 die
956 1684 1132 1723 Paschae
1150 1682 1192 1724 ῐιι
1204 1685 1449 1726 Pentecosten
1463 1704 1580 1743 usque

145 1738 374 1789 gaudemus.
405 1738 519 1777 Alios
546 1737 654 1777 locos
682 1739 820 1777 citavit
855 1738 991 1777 Iosuas
1025 1739 1142 1778 Arnd
1171 1742 1214 1779 in
1242 1742 1385 1781 Lexico
1404 1742 1577 1796 Antiqu.

149 1792 377 1831 Ecclesiast.
406 1793 489 1832 Tit.
518 1792 619 1832 Dies
642 1793 838 1832 dominica
856 1802 899 1845 p.
919 1793 1013 1846 307.
1062 1795 1220 1845 Quibus
1246 1796 1351 1834 addo
1369 1795 1481 1836 illum
1501 1799 1578 1837 Nili

148 1846 340 1887 Monachi
367 1848 502 1900 Epist.
524 1848 600 1887 111.
624 1861 691 1886 21.
714 1862 726 1886 ε
753 1847 806 1901 τῇ
832 1848 1012 1902 κυριακῇ
1037 1847 1173 1905 ἡμέρᾳ
1201 1843 1377 1897 ἑστῶτες
1403 1849 1580 1903 εὐχόμε-

148 1901 231 1951 θα,
274 1898 321 1940 τὸ
351 1902 429 1941 τοῦ
453 1902 669 1951 μέλλοντος
697 1901 847 1948 αἰῶνος
886 1897 1086 1953 στάσιμον
1111 1904 1398 1951 ἑκτυποῦντες.
1457 1906 1503 1946 ἐν
1530 1907 1580 1946 δὲ

146 1958 239 2001 ταῖς
264 1949 410 2002 ἄλλαις
437 1955 615 2009 ἡμέραις
643 1953 695 1996 τὰ
721 1954 871 2008 γόνατα
900 1957 1104 2008 κλίνομεν,
1134 1955 1214 2009 τήν
1240 1955 1310 1997 δια
1337 1956 1411 2011 τῆς
1438 1955 1578 2014 ἆμαρ-

146 2008 240 2056 τιἀς
266 2011 422 2051 πτῶσιν
449 2011 663 2064 δηλοῦντες
689 2011 767 2051 τοῦ
794 2009 1058 2065 ἀνθρωπείου
1096 2011 1254 2063 γένους.
1314 2014 1577 2069 (ὶυοηάοφιίώ

146 2064 239 2102 dem
266 2072 399 2104 autem
443 2075 555 2105 sacra
589 2067 654 2106 die
688 2067 886 2106 dominico
926 2081 950 2105 a
987 2067 1276 2120 geniculatione
1303 2068 1345 2107 iu
1373 2069 1484 2108 cultu
1512 2072 1577 2111 dei

145 2116 428 2171 absolvebant,
454 2120 580 2160 multo
620 2123 752 2161 minus
790 2128 947 2174 poterat
982 2121 1104 2160 homo
1138 2122 1334 2162 honorem
1371 2123 1575 2178 flagitare,

147 2175 262 2213 cuius
301 2177 459 2214 veniam
499 2176 597 2215 deus
637 2176 857 2216 cultoribus
901 2177 982 2215 suis
1012 2177 1168 2216 faceret.
1225 2178 1328 2216 Cum
1358 2177 1437 2218 hoc
1465 2194 1576 2220 more

147 2232 336 2268 convenit
363 2229 432 2269 ille
461 2230 730 2278 monasticus,
760 2245 866 2284 quo,
905 2232 975 2284 qui
1015 2231 1104 2270 leve
1131 2232 1228 2285 quid
1264 2241 1460 2286 peccasset
1487 2250 1574 2275 mo—

147 2284 322 2331 nachus,
349 2284 494 2324 diebus
520 2285 628 2324 festis
658 2293 816 2326 tantum
853 2286 1037 2325 manibus
1075 2287 1126 2325 ad
1153 2295 1301 2326 terram
1329 2288 1508 2329 demissis
1532 2300 1574 2330 se

146 2338 358 2379 inclinaret
385 2339 496 2379 velut
522 2339 769 2394 quadrupes,
800 2354 925 2394 eoque
945 2341 986 2379 in
1007 2343 1084 2380 situ
1105 2341 1249 2380 faceret
1266 2345 1572 2396 poenitentiam3

145 2392 310 2447 reliquis
352 2402 485 2434 autem
522 2395 572 2433 de
611 2396 793 2448 geniculo
810 2425 822 2447 ,
865 2402 912 2434 ut
950 2395 1217 2449 loquebantur
1230 2426 1242 2443 ,
1286 2396 1350 2436 vel
1376 2399 1419 2436 in
1444 2413 1574 2451 genua

147 2448 383 2500 provolutus
427 2463 578 2502 poenae
619 2456 788 2489 statutae
831 2450 1081 2490 satisfaceret.
1155 2451 1268 2490 Ordo
1305 2452 1572 2494 Cisterciensis

146 2503 279 2555 (apud
308 2506 376 2544 Du
406 2505 539 2558 Gange
566 2517 606 2542 v.
635 2505 885 2556 Articulus):
907 2507 1073 2556 ‚festivis
1109 2507 1266 2560 quidem
1293 2507 1426 2547 diebus
1457 2523 1574 2564 super

145 2555 327 2598 articulos
341 2589 351 2607 ,
377 2561 552 2614 privatis
579 2574 674 2598 vero
700 2575 815 2614 super
843 2574 968 2611 genua
990 2562 1357 2614 prosternantur-ad
1370 2563 1512 2602 sedem.

231 2611 322 2664 240.
344 2615 392 2653 C.
419 2616 482 2653 13.
506 2609 619 2668 [414‚
639 2612 699 2667 8.]
729 2616 930 2664 καμπαῖα.
957 2614 1136 2653 Dubium
1165 2631 1245 2654 non
1274 2624 1332 2655 est
1354 2616 1570 2670 καμπάγια

151 2671 222 2702 aut
245 2666 459 2717 καμπάδια
487 2668 697 2721 legendum
725 2684 824 2708 esse.
885 2670 1078 2719 Quamvis
1104 2671 1207 2710 enim
1234 2671 1361 2710 forma
1381 2675 1570 2722 καμπαῖα

149 2720 279 2771 quoad
315 2726 613 2776 grammaticam
660 2724 766 2764 bona
805 2731 924 2779 queat
965 2739 1047 2765 esse
1065 2755 1078 2778 ,
1125 2726 1157 2765 si
1184 2739 1325 2780 nempe
1354 2741 1378 2767 a
1401 2726 1541 2779 κάμπη
1556 2756 1570 2777 ,
