1884 3132
176 176 250 219 An
290 171 939 218 cons‘rm.1›01›.1>n.nss
972 169 1151 212 OEmm.
1185 169 1282 210 Lm.
1321 170 1374 209 ιι.
1418 147 1531 222 879

205 279 259 321 D
286 277 327 317 5.
351 274 470 332 [748,
490 273 555 328 2.]
583 270 624 313 οἱ
659 273 842 325 πένητες.
906 271 1095 312 solebant
1129 271 1239 310 statis
1269 269 1407 309 diebus
1433 282 1533 322 pau-

97 345 231 427 ἔξω,
258 332 459 370 interdum
475 330 793 423 xagzunumem'
821 326 917 367 alias
945 340 1104 420 quoqule
1117 325 1263 378 plures,
1273 327 1413 418 1sacris
1430 337 1533 417 ¹‹ipu-

102 386 695 491 Ερεὲἓξὲὺξῗῒειιῖιτριιρειῖῗιῖε
711 396 1032 490 geldnegniiwffieeo
1047 381 1246 488 ιιιῖεῗῑιξῐίιιιι
1274 391 1534 488 lgffflpggff

100 498 226 536 tifioes
259 509 424 549 quoquae⁹
453 493 622 533 domani
661 492 757 531 olim
794 492 949 544 saepius
988 504 1179 544 pauperes
1209 490 1333 542 epulis
1365 489 1533 542 excipie-

101 551 216 590 bant.
279 549 449 588 Photius
486 549 529 587 in
564 547 770 599 Excerptis
804 547 909 585 vitae
944 546 1124 599 Gregorii
1166 546 1224 583 Μ.
1251 558 1310 607 p.
1343 543 1435 598 760.
1466 542 1531 584 ed.

27 610 31 613 ’
102 603 313 649 Hoescloel.
338 603 390 642 de
419 601 613 642 Pontifice
640 603 715 640 isto
743 601 839 640 haec
867 600 1077 654 perhibet:
1123 595 1195 639 τὸν
1236 574 1533 661 ἅρχιερατικὸν

100 657 244 710 λαχών
276 653 437 698 ἰθύνειν
461 652 613 719 θρόνον
641 653 799 695 ὁωδεκτέ
828 669 945 701 τινας
971 669 1053 693 των
1083 651 1293 716 πενήτων,
1339 651 1395 698 ὥς
1435 649 1534 697 ἔθος

82 711 299 764 πράττειν
322 714 407 758 τοῖς
424 706 725 776 πατριάρχαις,
754 709 1029 772 συνεστιαθηι
1032 722 1076 747 αι
1102 703 1258 746 κελευει
1283 705 1356 746 καί
1380 720 1535 770 συγκα-

100 767 306 808 λέσασθαι
327 761 494 813 τούτους
509 761 580 804 τὸν
606 763 752 803 οἰκεῖον
777 759 1047 826 σακελλάριον
1073 762 1297 825 ἐπιτρέπει.
1328 775 1384 809 ως
1413 760 1459 800 δὲ
1486 757 1531 800 td

100 818 347 887 πρόσταγμα
385 820 499 866 τέλος
540 815 664 869 ἔλαβε
714 833 782 857 και
834 814 910 880 τὴν
951 799 1160 869 τράπεζαν
1211 829 1248 855 οι
1290 813 1534 864 δαιτὺμοιες

100 873 369 938 ἐπλήρωσαν,
414 874 650 926 συνεωρᾶτο
689 871 735 912 δὲ
772 872 830 927 τῷ
868 866 1065 923 ἀρχιερεῖ
1092 885 1160 910 και
1201 870 1533 923 τρισκαιδέκατος

100 941 422 979 συνεστιωμενος
447 911 911 982 etc.*[S.Greg01-1us
950 927 1143 977 Pontgsbx
1182 925 1385 965 duodemm
1414 939 1531 980 per-e-

103 986 239 1038 grinos
263 984 410 1023 solebat
434 983 493 1022 ad
516 996 687 1020 mensam
713 983 904 1030 mutare,
945 982 994 1018 iis
1019 995 1170 1034 quoque
1196 981 1360 1033 singulis
1390 980 1532 1019 Calen-

99 1040 175 1087 ’ἀί-ς,
204 1047 245 1077 et
266 1039 483 1084 Pasa-hatis,
514 1036 670 1075 Natalts
694 1046 733 1074 et
751 1037 987 1074 pentecostes
1012 1044 1179 1089 tempore
1195 1049 1331 1073 aureos
1357 1049 1533 1073 nummos

98 1094 140 1132 ee
162 1101 359 1145 argenteos
383 1105 557 1145 erogat-e.
609 1091 704 1129 Vita
736 1093 820 1130 eius
846 1090 952 1150 apud
981 1089 1115 1129 Canis.
1146 1090 1195 1128 T.
1226 1090 1300 1131 VI.
1328 1103 1367 1142 p.
1395 1089 1475 1129 266
1479 1088 1532 1142 .]*

208 1146 442 1200 D.penult.
481 1144 594 1200 [749‚
613 1144 679 1199 6.]
723 1141 796 1185 τὸν
827 1105 1091 1209 πολύτριχον.
1166 1145 1227 1182 lta
1262 1143 1529 1183 membranae.

99 1202 271 1241 Draudii
298 1200 569 1265 apographum
596 1199 718 1238 dabat
742 1196 789 1239 τὸ
818 1196 1098 1265 πολύτριχον,
1138 1198 1312 1237 referens
1341 1199 1392 1238 ad
1419 1213 1533 1253 prae-

100 1257 244 1296 cedens
270 1255 502 1307 κλητώριον.
564 1254 642 1294 Sed
669 1261 799 1306 potest
827 1255 946 1292 etiam
986 1227 1110 1304 ὄχλον
1148 1253 1417 1307 subintelligi,
1463 1260 1534 1293 aut

101 1311 186 1349 τῶν
211 1308 474 1360 πολυτρίχων
498 1308 594 1362 legi.
648 1308 752 1347 Nam
793 1309 954 1347 barbari
1000 1321 1137 1348 omnes
1163 1307 1246 1355 illi,
1278 1310 1347 1360 qui
1375 1307 1442 1347 hic
1469 1309 1533 1347 di-

102 1372 249 1403 cuutur
278 1377 326 1403 eo
351 1363 418 1402 die
445 1363 497 1402 ad
523 1376 655 1402 sacras
691 1363 830 1415 epulas
859 1364 992 1402 vocati
1027 1362 1176 1408 fuisse,
1219 1362 1356 1415 longas
1400 1377 1531 1402 comas

102 1419 308 1472 gerebant,
340 1417 459 1468 (unde
485 1413 727 1470 πολυτριχοι
752 1417 1015 1467 dicebantur,)
1043 1430 1167 1469 quum
1187 1417 1327 1455 Graeci
1344 1423 1383 1454 et
1398 1417 1532 1456 Latini

104 1474 281 1513 breviter
323 1473 427 1511 tonsi
466 1479 623 1534 essent2
658 1473 829 1511 caesarie
865 1472 930 1510 vix
971 1471 1073 1510 infra
1104 1485 1219 1509 aures
1246 1471 1530 1522 descendente,

104 1528 286 1581 scapulas
313 1534 419 1565 certe
445 1540 527 1565 non
554 1526 783 1579 attingente.
851 1526 981 1565 Multa
1010 1527 1051 1564 in
1077 1532 1263 1578 promptu
1291 1525 1420 1564 habeo
1447 1527 1532 1564 eius

103 1585 163 1621 rei
191 1582 440 1628 testimonia,
482 1595 585 1634 quae
612 1595 646 1620 ει
672 1580 866 1634 explicare
915 1587 954 1619 et
980 1580 1285 1632 disputationem
1324 1580 1375 1619 de
1418 1594 1532 1619 coma

103 1644 146 1675 et
170 1637 343 1675 caesarie
370 1642 550 1675 veterum
578 1635 702 1674 ordiri
729 1635 899 1684 vellem,
925 1636 968 1673 in
997 1642 1152 1673 vastum
1180 1649 1365 1687 campum
1391 1635 1533 1673 evehe-

104 1705 186 1729 rer.
221 1691 495 1754 Quapropter
533 1691 654 1729 satius
692 1697 763 1739 est,
795 1703 885 1728 eam
913 1689 977 1728 hic
1003 1690 1186 1729 omitteie
1211 1696 1252 1727 et
1282 1688 1350 1728 alii
1377 1689 1531 1728 mehori

104 1745 327 1795 occasioni,
356 1747 390 1784 si
418 1758 499 1797 qua
526 1759 568 1784 se
594 1744 758 1793 offerat,
786 1757 1001 1783 reservare.

183 1798 276 1849 434.
302 1798 357 1837 A.
387 1797 569 1853 7.[749,
591 1797 671 1852 12.]
703 1794 907 1844 ἑθνικοὺς.
960 1798 1135 1837 Barbari
1150 1805 1191 1837 et
1207 1798 1382 1851 gentiles,
1409 1797 1532 1838 adeo·

101 1867 183 1906 que
208 1854 350 1892 ethnice
376 1853 482 1891 idem
511 1853 669 1892 valebat
694 1852 772 1892 illis
801 1853 1059 1905 temporibus.
1115 1853 1214 1892 Inde
1239 1851 1381 1891 Schola
1406 1855 1532 1905 genti-

102 1909 199 1946 lium
239 1907 336 1957 (vid.
365 1906 498 1949 Vales.
525 1908 577 1946 ad
605 1909 742 1947 Amm.
773 1907 981 1957 Marcellq)
1027 1923 1128 1960 quae
1167 1914 1302 1960 postea
1340 1907 1531 1947 Hetaerice

104 1962 210 2000 dicta
247 1962 323 2000 suit
378 1975 447 2001 seu
485 1961 624 2002 militia
662 1963 835 2016 palatina
864 1976 910 2000 ex
938 1965 1152 2015 peregrinis
1181 1962 1408 2000 nationibus
1435 1976 1531 2001 oon-

106 2015 332 2054 ssata.1ta
365 2016 405 2055 in
434 2023 590 2055 vetusto
616 2018 748 2070 lapide
774 2017 981 2069 Aquileiae
1012 2017 1107 2069 legit
1132 2017 1326 2055 Sertorius
1359 2017 1530 2056 Ursatus

103 2072 146 2109 in
178 2072 358 2109 Monam.
388 2070 530 2110 Patav.
563 2086 604 2124 p.
634 2071 701 2123 45.
745 2072 960 2124 sepulturae
996 2073 1194 2123 gentilium
1221 2081 1492 2111 veter-anorum
1514 2101 1527 2122 ,

104 2125 146 2163 id
172 2132 231 2163 est
256 2125 532 2175 barbarorum3
561 2126 641 2166 vid.
671 2127 733 2165 Sc.
766 2125 898 2164 Maffei
926 2126 1109 2165 museum
1127 2126 1353 2166 Veronense
1377 2140 1417 2179 p.
1437 2127 1531 2165 523.

107 2186 149 2218 et
178 2180 244 2217 Du
275 2180 408 2232 Gange
435 2180 602 2219 G1.G1·.
636 2195 678 2219 v.
713 2176 943 2232 Γεντήὶιος.

214 2234 267 2272 A.
258 2247 323 2296 ..9‘
353 2233 471 2287 1349,
496 2234 579 2288 14.]
601 2234 785 2286 ἐξαυτνς.
843 2235 901 2272 lta
921 2232 1188 2274 membranae.
1241 2233 1530 2287 Apographum

104 2285 151 2334 ἐξ
174 2284 311 2338 αυτῆς.
364 2289 505 2326 Neutri
532 2297 651 2327 recte.
685 2290 776 2341 Leg.
804 2289 908 2327 enim
936 2295 1006 2326 aut
1028 2285 1071 2336 ἐξ
1095 2288 1247 2337 αὕτων,
1273 2303 1353 2341 quo
1381 2291 1530 2342 respexi

105 2343 148 2379 in
187 2341 355 2392 Latinis,
397 2351 588 2406 quotquot
612 2357 771 2390 eorum,
806 2351 875 2380 aut
912 2341 1099 2394 ἐξαίτης,
1125 2345 1310 2406 insignis.
1382 2344 1532 2382 Dicunt

105 2409 247 2448 nempe
277 2397 371 2434 novi
394 2397 534 2436 Graeci
559 2393 588 2435 ἔ
583 2402 713 2445 ξαιτος
738 2411 811 2449 pro
835 2395 1010 2445 ἐξαίσιος
1046 2404 1085 2435 et
1119 2392 1281 2447 ἓξαρτος
1307 2405 1347 2436 et
1372 2393 1529 2448 ἔςοχος,

104 2451 291 2502 hisiguk,
317 2452 512 2501 emi,nens
549 2451 655 2490 unde
710 2459 748 2489 et
786 2466 864 2504 qua
902 2451 1097 2489 smmandi
1134 2453 1311 2500 ratione,
1361 2454 1530 2506 ingenue

106 2504 232 2542 fateor
254 2517 318 2542 me
346 2506 521 2556 nescire3
551 2506 620 2543 sed
647 2505 808 2554 dicunt,
835 2512 875 2543 et
903 2505 1076 2568 exempla
1102 2514 1195 2544 sunt
1215 2508 1298 2545 eius
1318 2508 1390 2546 rei.
1449 2508 1531 2545 He-

103 2557 276 2610 sychius:
305 2534 521 2608 ἔξαιτον,
532 2556 764 2625 ε’ξαιζιετον,
797 2558 924 2609 μέγα,
954 2557 1104 2610 καλὸν,
1142 2557 1315 2611 ἀγαθόν.
1371 2561 1530 2627 Pachy-

105 2623 233 2650 meres
250 2613 365 2651 VIII.
387 2610 473 2652 ι5..
463 2625 473 2635 ·
502 2609 607 2651 κατὰ
634 2608 731 2675 ϊὸννι
728 2610 1055 2652 Ἰουστινιάνειον
1075 2612 1293 2665 τρίκλινον,
1318 2611 1367 2654 ὃν
1395 2629 1417 2652 ο
1442 2618 1530 2662 ιεός

102 2661 391 2712 Ἰουστινιανός
411 2664 663 2719 ἐδομήσατο,
699 2661 860 2712 ἔξαιτον
890 2662 990 2705 ὄιτα
1015 2681 1083 2706 και
1108 2669 1236 2719 μέγαν
1262 2667 1334 2708 καὶ
1362 2671 1531 2719 θαυμα·

105 2716 231 2771 στόν,
270 2720 353 2760 vid.
393 2734 495 2776 quae
533 2721 583 2760 ad
623 2721 789 2760 Authol.
833 2721 942 2761 iued.
972 2736 1094 2761 carm.
1121 2722 1214 2775 414.
1252 2724 1347 2764 dixi.
1402 2725 1529 2766 Pon-o
