1884 3132
300 94 411 162 2125
611 113 683 155 10.
724 112 829 156 1Ac.
867 114 1067 155 masau
1107 91 1485 176 commum

405 216 463 255 D.
499 214 537 254 5.
569 212 794 312 [1¹5,22.}
826 213 908 254 τῶν
942 212 1003 253 δὲ.
1038 215 1100 254 Μ.
1121 214 1202 254 τῶν
1221 227 1280 255 τε.

415 271 484 325 69.
507 271 553 309 C.
573 270 614 309 6.
638 269 677 324 [ι
694 284 756 324 17,
802 269 835 325 .]
858 265 934 321 τήν
951 266 1084 323 πύλην
1111 266 1340 322 ἐξάγουσαν
1356 265 1429 309 ἐπὶ
1445 263 1506 313 vd.
1519 267 1580 310 Μ.
1595 264 1672 323 τῆν
1684 267 1764 310 mi«

299 328 374 378 λην
391 322 467 388 τῂν
495 322 726 376 ἑξάγουσαν
752 325 824 364 ἐπὶ
846 322 916 364 τὸν
936 323 1002 377 ἦλ.
1058 326 1133 366 Est
1164 333 1299 364 autem
1321 322 1343 364 ὅ
1371 320 1542 379 ἧλιακὸς
1562 353 1575 377 ,
1604 331 1674 364 aut
1702 321 1754 364 τὸ

299 377 486 433 ἡλιακον,
515 379 582 418 hic
613 380 775 434 quidem
797 379 902 432 loci,
931 395 1040 430 area,
1059 380 1388 420 deambulacrum
1415 378 1637 430 subdivale,
1657 381 1759 433 apri-

301 449 419 483 cum,
450 435 559 474 unde
588 437 665 489 ipsi
686 449 833 474 nomen
850 467 863 484 ,
895 450 918 474 a
941 436 1063 475 radiis
1092 450 1235 490 nempe
1257 436 1351 476 solis
1367 465 1380 488 ‚
1409 433 1557 489 quibus
1576 435 1755 489 patebat.

303 490 367 529 lta
404 492 564 543 exponit
609 490 861 530 constantin.
913 491 1008 530 Vita
1047 492 1180 531 Basilii
1219 507 1262 545 p.
1299 505 1394 543 207.
1426 490 1480 530 A.
1494 487 1534 542 4
1563 489 1759 543 αἰθέριον

305 540 733 598 καίἡλιοβολούμενον
754 544 1144 600 μαρμαρόστρωτον
1175 546 1400 598 περίπατον
1428 545 1647 600 appellans.
1705 545 1763 584 Et

308 614 356 639 eo
379 615 544 654 quoque
569 615 687 640 sensu
715 601 931 640 adhibetur
970 602 1010 641 in
1038 601 1135 641 locis
1172 602 1375 641 Eustathii
1404 609 1444 641 et
1470 601 1618 640 Leonis
1656 601 1767 654 sapi-

308 656 411 695 entis
441 656 548 709 apud
577 656 644 695 Du
676 657 812 710 Gange
838 656 1040 708 ianloss.
1072 658 1146 696 Gr.
1175 656 1220 696 h.
1249 657 1423 706 v.,item
1458 658 1500 696 in
1539 655 1610 695 illo
1654 654 1767 694 Ana-

307 711 416 750 stasii
445 712 486 750 in
515 713 710 765 Gregorio
735 713 809 751 lv,
838 726 915 752 vox
942 713 1084 751 solarii
1108 713 1227 752 debet
1252 713 1405 765 accipi:
1467 711 1643 752 Domum
1669 712 1768 750 saa&

308 767 472 819 dignam
501 767 673 820 undique
727 769 907 807 orticibus
931 766 1245 822 [deambulacris
1266 766 1400 821 tectis]
1423 781 1472 806 ac
1497 767 1655 807 solariis
1681 765 1766 820 [de-

311 820 555 861 ambulacris
580 822 621 861 in
648 782 733 863 80ss
752 822 874 876 plano
897 853 909 874 ‚
946 822 1132 877 apricis,]
1161 823 1459 862 circumdatam.
1515 822 1564 861 In
1601 820 1768 874 reliquis

311 884 446 916 autem
474 876 632 916 duobus
661 878 767 931 apud
795 877 911 917 illum
939 877 1036 918 locis
1065 878 1273 918 Michaelis
1297 877 1540 927 Attaliotae‚
1587 884 1629 916 et
1663 876 1768 916 The·

313 932 430 970 odori
460 933 759 986 Hermopolitae
780 963 794 984 ,
822 936 863 973 in
891 934 1038 988 quibus
1066 929 1239 986 ἡλιακὸν
1265 947 1338 987 per
1365 928 1543 985 ἐξώστην
1567 931 1632 972 vel
1667 931 1771 981 ἔξω·

313 983 488 1038 στάριον
512 988 722 1037 redditur,
754 987 878 1028 habet
906 990 1004 1028 haec
1032 1003 1109 1030 vox
1137 988 1258 1028 aliam
1287 988 1632 1043 significationem.
1692 985 1775 1026 Sci·

314 1038 409 1081 licet
436 1050 550 1082 notat
570 1040 595 1080 ὅ
628 1041 830 1097 ἐξώστης,
859 1044 925 1084 vel
951 1045 1086 1099 potius
1114 1039 1141 1096 ἦ
1171 1040 1342 1096 ἑξωστὴ,
1369 1043 1611 1098 proiectum,
1662 1055 1772 1083 moe-.

316 1099 502 1147 nianum,
534 1105 644 1138 extra
674 1098 792 1138 aedes
828 1101 932 1153 ipsas
970 1099 1222 1154 aliquantum
1261 1101 1492 1153 prominens
1530 1096 1775 1147 aedificium,

321 1166 345 1190 e
374 1167 456 1206 quo
486 1154 659 1206 prospici
688 1155 836 1207 possit3
866 1162 912 1194 ut
940 1163 1034 1194 sunt
1056 1162 1252 1194 nostrates
1280 1154 1438 1203 Erker,
1478 1152 1545 1192 vel
1581 1153 1771 1192 Balcons.

316 1206 372 1246 Et
403 1209 444 1246 in
472 1207 548 1247 hoc
576 1223 695 1247 seusu
726 1209 875 1248 solaria
903 1224 1065 1264 quoque
1092 1209 1295 1249 interdum
1324 1209 1510 1248 dicebant
1536 1208 1701 1257 Latini,
1729 1214 1778 1246 ut

320 1262 362 1301 in
390 1260 460 1301 illo
492 1263 748 1318 Hieronymi,
778 1265 994 1305 habuerunt
1014 1267 1057 1304 in
1074 1267 1179 1304 tectis
1201 1265 1387 1314 domata,
1417 1278 1518 1319 quae
1538 1264 1685 1302 Romae
1709 1262 1783 1301 vel

322 1318 473 1356 colaria
514 1319 584 1357 vel
617 1321 828 1358 moeniana
867 1330 1023 1360 vocant.
1057 1320 1155 1359 Vid.
1198 1319 1266 1360 Du
1302 1319 1437 1372 Gange
1472 1317 1601 1357 Gloss.
1630 1318 1704 1357 Gr.
1735 1331 1780 1357 v.

322 1368 513 1425 ἐξώστης,
544 1380 584 1413 et
596 1374 730 1414 Caroli
758 1374 910 1415 Maielli
937 1376 1094 1415 dissert.
1118 1375 1170 1415 de
1191 1374 1344 1429 Stylitis
1359 1372 1465 1428 apud
1484 1373 1779 1414 Assemannum

322 1430 521 1467 iuniorem
551 1429 591 1468 in
621 1428 735 1468 Actis
762 1432 990 1485 Martyrum
1019 1431 1188 1484 Syriacis
1214 1430 1263 1469 T.
1290 1431 1346 1469 11.
1370 1444 1412 1483 p.
1442 1427 1668 1481 247.‚item
1701 1427 1779 1467 Al-

322 1490 465 1522 teserr.
493 1483 545 1522 ad
566 1483 752 1524 Anastas.
776 1500 819 1538 p.
846 1498 935 1525 122.
994 1485 1179 1526 Tandem
1206 1480 1362 1538 ἦλιακὰ
1393 1498 1554 1538 quoque
1580 1490 1695 1523 erant
1716 1482 1782 1522 de-

326 1537 561 1578 ambulacra
601 1553 720 1592 super
758 1543 876 1579 tectis
909 1541 1002 1596 ipsis
1041 1543 1204 1594 aprica,
1248 1539 1384 1594 qualia
1413 1546 1611 1579 nostrates
1635 1538 1788 1579 Altane

327 1593 548 1647 appellant.
604 1594 889 1650 Epicaustoria
917 1595 1175 1651 appellabant
1211 1596 1345 1636 Latini
1373 1595 1521 1643 medii,
1551 1595 1648 1648 qnia
1665 1607 1788 1647 super

326 1648 584 1702 hypocaustis
611 1658 725 1690 erant
740 1681 752 1702 ‚
782 1651 848 1691 vel
879 1654 975 1706 quia
998 1653 1038 1691 in
1070 1654 1208 1707 aprino
1228 1658 1357 1691 erant.
1414 1649 1547 1690 Gloss.
1563 1649 1651 1690 MS.
1675 1648 1784 1702 apud

327 1704 396 1743 Du
424 1704 559 1758 Cangc
585 1703 631 1744 h.
659 1718 702 1745 V.
720 1721 733 1746 ε
749 1707 1068 1762 Epz'caustorium
1105 1708 1337 1748 eminentior
1375 1705 1480 1745 locus
1519 1706 1562 1744 in
1599 1704 1790 1760 aedzflcio

329 1760 389 1798 ad
429 1761 708 1814 speculandum
728 1791 742 1811 ,
794 1763 863 1801 vel
890 1764 1078 1803 solarium
1122 1763 1320 1818 puellare.
1375 1760 1578 1801 Solarium
1603 1759 1787 1815 puellare

329 1812 374 1853 id
403 1815 653 1868 appellatur,
684 1819 875 1872 quoniam
910 1819 1186 1872 gynaeconitis
1206 1824 1246 1857 et
1279 1815 1389 1870 apud
1416 1823 1574 1856 veteres
1604 1815 1784 1854 Graecos

331 1876 373 1908 et
399 1870 509 1924 apud
529 1872 695 1911 Latinos
730 1873 851 1912 medii
874 1876 962 1913 aevi
992 1875 1034 1913 in
1070 1874 1235 1913 summis
1261 1872 1421 1911 aedium
1460 1869 1644 1925 partibus
1679 1876 1782 1919 erat,

333 1925 672 1979 quemadmodam
689 1927 822 1967 adhuc
837 1928 958 1968 hodie
970 1928 1078 1982 apud
1095 1930 1232 1967 Moros
1243 1941 1313 1967 seu
1342 1927 1384 1966 in
1394 1926 1586 1966 Barbaria
1596 1924 1790 1965 Africana

332 1980 523 2021 mulieres.
557 1982 599 2021 in
641 1985 807 2022 summis
848 1984 1015 2023 aedibus
1059 1983 1269 2029 habitant,
1325 1981 1436 2035 quod
1482 1996 1529 2021 ex
1567 1981 1790 2020 itinerariis

334 2043 504 2076 constat.
562 2036 784 2090 Propterea
806 2038 903 2078 dicit
932 2038 1165 2078 Athenaeus
1184 2053 1227 2091 p.
1256 2035 1324 2092 57.
1345 2037 1476 2087 F.‚ex
1496 2050 1561 2090 ee,
1579 2035 1690 2090 quod
1705 2036 1790 2075 He·-

334 2089 425 2130 lena
455 2097 549 2131 nata
581 2092 700 2132 fuerit
734 2092 779 2132 ἐν
801 2094 859 2149 τῷ
881 2086 966 2149 ὦῷ,
982 2095 1025 2134 ἰη
1049 2095 1245 2149 superiore
1275 2093 1434 2131 aedium
1459 2101 1601 2148 parte,
1650 2097 1788 2131 natam

335 2145 457 2186 faisse
488 2146 666 2187 fabulam
690 2148 741 2188 de
765 2148 849 2187 eius
873 2156 967 2188 ortu
993 2164 1050 2189 εκ
1074 2163 1164 2188 ovo.
1237 2148 1354 2188 Conf-
1374 2147 1580 2202 Euripidis
1601 2146 1793 2186 Phoenis-

338 2214 474 2240 sarum
518 2202 694 2242 initium.
762 2203 817 2242 Et
860 2203 959 2243 haec
996 2206 1039 2244 in
1079 2204 1246 2243 summis
1266 2233 1278 2255 ‚
1321 2209 1362 2242 et
1402 2202 1472 2242 illa
1509 2203 1719 2242 moeniana
1748 2200 1793 2238 in

344 2256 487 2296 mediis
525 2257 690 2298 aedibus
728 2259 1014 2298 muniebantur
1055 2258 1242 2299 cancellis
1279 2259 1426 2298 aeneis.
1485 2257 1721 2297 Anastasius
1750 2255 1796 2294 in

341 2309 522 2352 Adriano
543 2328 554 2352 ε
590 2312 672 2354 Ubi
689 2323 728 2353 et
752 2314 1103 2354 deambulatoriwn
1117 2344 1130 2364 ‚
1160 2315 1306 2353 scilicet
1330 2313 1520 2353 solarium
1545 2325 1678 2360 suum,
1707 2323 1797 2350 cum

343 2367 527 2406 cancellis
554 2371 686 2409 aeneis
714 2370 831 2409 nimis
853 2370 1116 2424 pulcherrime
1143 2371 1317 2408 construi
1324 2370 1446 2422 ficit.
1506 2368 1569 2406 De
1595 2365 1667 2405 tali
1694 2365 1798 2404 sola·

343 2419 431 2469 rio'‚
471 2421 649 2471 Ahano,
681 2424 898 2478 capiendus
926 2432 986 2464 est
1014 2425 1150 2464 Nostri
1181 2424 1293 2464 locus
1321 2438 1361 2476 p.
1393 2422 1488 2473 284.
1519 2421 1572 2461 A.
1602 2435 1664 2460 12.
1681 2449 1696 2470 ‚
1723 2419 1801 2459 uhi

344 2469 374 2523 ὃ,
396 2472 568 2526 ἦλιακὸς
597 2478 662 2518 vel
696 2488 755 2519 est
781 2480 1006 2533 praefectus
1032 2479 1100 2518 vel
1127 2486 1258 2519 totum
1285 2479 1553 2518 ministerium
1579 2483 1620 2515 et
1644 2476 1800 2528 praesi-

351 2528 464 2568 dium
486 2532 528 2569 in
557 2532 750 2584 Heliam,
780 2533 847 2574 vel
877 2534 1012 2575 altano
1039 2534 1165 2574 Phari
1195 2534 1390 2574 excubare
1418 2533 1571 2572 iussum
1596 2536 1636 2570 et
1671 2530 1800 2585 depo-

168 2586 284 2625 EM..
296 2586 343 2624 68
360 2585 496 2624 situm.
552 2586 594 2639 *[
611 2584 666 2626 Τὸ
708 2586 881 2641 ἡλιακὸν
907 2591 1035 2630 solare
1075 2590 1316 2643 horologium
1352 2589 1476 2629 vertit
1512 2585 1724 2626 Combefis.
1756 2585 1800 2625 in

353 2639 513 2679 Contin.
544 2641 789 2695 Theophan.
821 2659 861 2697 p.
895 2646 985 2685 125.
1019 2642 1291 2711 perperam-P*

471 2695 518 2735 C.
552 2709 614 2736 10.
646 2696 759 2752 [1¹72
780 2699 841 2754 9.]
870 2701 1134 2753 καταβασιον.
1190 2700 1275 2741 Per
1314 2699 1488 2747 scalam,
1527 2711 1606 2752 per
1636 2695 1796 2750 gradus.
