1884 3132
201 167 277 212 AD
307 167 822 215 CONSTANT.PORP11.
867 169 938 208 DE
963 167 1362 209 CERIM.L113.11.
1449 163 1560 222 799

127 270 312 317 V111.n‚
333 272 401 327 39.
403 271 444 324 ]⁴'
499 271 599 312 Tale
625 269 842 311 formulare
868 276 992 310 exstat
1022 268 1128 323 apud
1158 268 1381 308 Habertum
1408 269 1451 308 in
1472 266 1559 322 Ap-

125 326 292 380 pendice
318 326 571 366 Pontificalis.

238 381 295 422 A.
312 381 354 423 8.
389 380 501 435 [679,
522 379 583 434 2.]
612 382 698 426 τοῖς
723 379 960 430 μεγιστᾶσι.
1008 379 1074 418 sic
1095 379 1274 418 ferebant
1293 393 1339 418 ea
1359 385 1558 431 tempora,

125 444 174 476 ut
198 435 482 490 loquerentur,
523 449 597 489 pro
623 448 722 481 τους
747 431 1006 499 μεγιστάνας.
1062 435 1123 473 Ita
1162 434 1405 497 Nicephorus
1438 434 1552 472 Patr.

127 491 367 555 CPtanusp.
388 489 482 557 47.·
513 485 714 536 ὦσαυτως
730 489 776 528 δὲ
803 485 876 527 καί
902 493 987 535 τοῖς
1013 502 1106 556 ns9c
1136 483 1264 527 αυτὸν
1291 482 1471 552 ἄρχουσι
1501 487 1557 539 (id

126 553 187 586 eet
212 558 313 592 τους
341 559 436 596 περι
463 542 592 584 αὐτὸν
620 537 847 596 αρχοντας)
865 547 950 590 τοῖς
978 539 1136 593 ὁμοίοις
1162 542 1348 591 ἐνωτιόις
1376 540 1558 593 εκόσμει.

125 601 217 655 lpse
243 600 388 640 Noster
414 601 470 639 sic
494 601 642 653 passim
670 598 872 665 loquitur,
907 605 952 637 ut
980 613 1021 651 p.
1050 599 1144 638 328.
1184 599 1238 637 A.
1271 597 1311 650 4.
1342 594 1557 649 εἰσάγουσι

125 658 212 702 τοῖς
238 658 327 708 (pro
354 650 461 703 τούς)
486 654 562 693 τοῦ
588 652 896 718 κουβουκλειόυ,
926 661 965 692 et
992 668 1034 707 p.
1056 652 1151 704 554.
1185 652 1240 692 A.
1273 666 1309 693 2.
1337 652 1556 691 τελειῶσαι

126 708 266 756 αυτοῖς
286 710 375 763 (pro
390 705 567 772 αὕτοὺς)
596 706 690 772 τὴν
699 704 927 761 εὐφημίαν,
955 723 998 761 p.
1019 709 1114 762 409.
1136 708 1184 747 C.
1208 709 1245 748 5.
1276 706 1556 758 καταχθέντος

124 761 231 816 πρὸς
270 767 357 811 τοῖς
385 766 471 817 (pro
497 759 612 816 τοὺς)
640 758 776 812 κάτω,
806 763 960 802 reducto
990 764 1047 802 ad
1071 778 1159 810 ρος,
1206 764 1276 818 qui
1300 764 1407 813 ηψπ
1434 771 1551 801 stant.

125 819 223 860 Pari
250 819 369 858 modo
397 819 529 858 Latini
568 818 846 871 pelmutabant
878 819 1058 858 dativum
1096 826 1135 857 et
1173 820 1442 856 accusativum
1484 817 1553 856 illo

126 888 239 914 aevo.
298 873 446 913 Charta
474 879 588 912 vetus
612 873 720 926 apud
733 874 929 913 Muratoi.
986 874 1037 911 T.
1062 874 1117 911 ΙΙ.
1142 873 1239 915 Ant.
1262 871 1352 911 Ital.
1380 887 1420 924 p.
1446 885 1551 910 ηις

124 930 282 982 Regalis
303 929 538 967 οεζςιίυάὴιιῖς
564 937 619 966 est
623 929 809 984 fideliter·
831 929 908 966 sabi
919 929 1211 979 sanuclantibus
1225 929 1338 966 donis
1359 927 1555 980 multiple-

123 984 228 1024 cibus
250 992 290 1022 et
312 984 517 1022 honoribus
543 983 756 1036 ingentibus
782 983 973 1022 honorare
1002 992 1120 1038 atque
1146 985 1276 1036 regiae
1310 982 1554 1022 suhlzffmzcatts

123 1038 357 1077 liberalitate
381 1039 546 1078 donare.

233 1092 289 1132 A.
312 1107 374 1132 ιο.
410 1092 528 1148 [679,
547 1092 612 1148 4.]
646 1087 982 1159 ἔξουσιοκράτωρ.
1063 1094 1143 1148 Qui
1178 1107 1264 1132 cum
1294 1101 1482 1147 potestate
1518 1101 1557 1132 ee

124 1149 324 1190 malestate
351 1149 540 1202 imperat:
589 1146 760 1198 ἐξουσία
789 1148 895 1186 enim
925 1149 1087 1188 Graecis
1114 1155 1173 1187 est
1200 1150 1406 1197 maiestas5
1442 1162 1482 1189 v.
1508 1162 1552 1201 p.

126 1203 221 1257 397.
238 1204 286 1243 A.
306 1203 459 1267 penult.
475 1202 616 1257 εῐ4ο9.
638 1203 692 1246 A.
706 1218 750 1257 9.
768 1210 807 1241 et
830 1202 1000 1242 Cedren.
1025 1204 1119 1243 563.
1145 1204 1191 1242 Β.
1215 1219 1255 1257 7.
1285 1203 1447 1242 Alexius
1474 1203 1556 1242 Co-

123 1271 294 1297 mnenus
321 1259 362 1297 in
390 1257 555 1310 epistola
582 1257 634 1297 ad
650 1259 873 1297 Heni-icum
895 1257 948 1300 V.
976 1259 1262 1320 Imperatorem
1292 1259 1333 1297 in
1362 1257 1555 1297 Alexiade

123 1326 165 1365 Ρ.
216 1312 259 1351 3.
279 1312 328 1351 C.
372 1312 544 1366 appellat
587 1327 680 1352 eum
723 1307 800 1364 ’τήν
842 1308 920 1374 σὴν
967 1311 1310 1364 μεγαλοὸυναιιον
1348 1311 1556 1361 ἐξουσίαν.

124 1367 158 1406 C
210 1380 329 1406 renus
355 1381 396 1419 p.
422 1381 516 1434 729.
539 1367 595 1406 D.
627 1368 668 1406 3.
696 1364 968 1419 ἑξουσιάρχην
997 1365 1212 1418 Ἀρμενίας
1241 1374 1279 1406 et
1310 1381 1350 1419 p.
1370 1366 1474 1420 741.

124 1421 167 1461 6.
198 1421 470 1473 ἐξουσιαστην
496 1420 736 1473 Ἀβασγιᾝας
792 1420 859 1458 Ad
903 1421 1065 1460 modum
1093 1424 1337 1460 Graecorum
1378 1421 1556 1462 celebra-

123 1476 224 1515 bant
248 1477 381 1515 Latini
410 1490 458 1515 eo
479 1483 657 1530 tempore
676 1490 769 1516 suos
792 1470 1026 1526 Potestates3
1054 1491 1095 1515 v.
1122 1477 1189 1514 Du
1208 1478 1342 1529 Cange
1357 1491 1397 1516 v.
1415 1477 1556 1516 Ποδε-

123 1525 276 1577 ordros·
301 1538 341 1570 et
367 1530 558 1570 Potestas.
614 1532 825 1571 Caeterum
855 1532 898 1570 iu
925 1530 1045 1569 huius
1074 1532 1212 1583 capitis
1230 1533 1556 1584 interpretatione

123 1587 284 1625 veniam
311 1600 409 1639 rogo
436 1586 534 1626 mihi
562 1586 672 1637 fieri,
711 1587 743 1625 si
779 1600 860 1624 non
898 1587 1033 1624 omnia
1070 1586 1192 1624 verba
1222 1588 1374 1625 Graeca
1403 1587 1556 1625 Latinis

122 1641 291 1680 totidem
313 1641 453 1681 reddo.
510 1642 602 1694 Ipsa
630 1655 692 1681 res
718 1655 799 1680 non
827 1642 993 1693 patitur.
1045 1640 1089 1678 Si
1114 1641 1192 1679 mei
1222 1641 1356 1680 fuisset
1384 1641 1556 1693 arbitrii,

122 1694 333 1735 titulorum
359 1695 463 1736 hanc
491 1695 735 1759 farraginem
762 1696 912 1748 absque
940 1696 1263 1758 interpietatione
1289 1696 1496 1735 dedissem.

234 1750 289 1789 A.
314 1764 372 1791 10.
402 1751 517 1804 [679,
540 1726 625 1804 4.]Ό
631 1746 775 1803 ἅρχων
804 1751 887 1789 τῶν
913 1745 1139 1803 α’ρχόντωι.
1198 1750 1276 1790 Vel
1319 1751 1479 1803 respicit
1502 1751 1556 1790 ad

123 1805 352 1852 Armenos,
394 1806 444 1844 de
481 1820 653 1859 quorum
693 1805 966 1844 Archontibus
1005 1805 1259 1844 Aichontum
1298 1806 1423 1845 multa
1449 1805 1555 1845 Con-

124 1862 322 1901 stanu'nus
348 1860 471 1899 habet
498 1863 539 1899 in
567 1861 669 1900 libro
697 1861 746 1899 de
771 1859 1084 1899 administrando
1111 1863 1277 1912 imperio
1295 1890 1307 1910 ‚
1337 1860 1402 1901 vel
1428 1862 1555 1914 respi-

123 1917 179 1954 eit
205 1914 257 1954 ad
284 1915 444 1954 Buiidas
486 1916 527 1954 in
568 1915 660 1955 aula
687 1915 911 1969 Bagdadica
946 1915 1106 1954 Emiros
1132 1915 1362 1955 Emirorum
1400 1915 1556 1967 dictos,

123 1969 233 2023 quod
259 1969 366 2009 idem
392 1977 462 2009 est.

234 2025 280 2062 B.
297 2024 339 2063 3.
371 2023 489 2088 [679⁹
508 2024 568 2077 8.]
597 2028 629 2077 ἦ·
658 2019 746 2075 ρὴξ,
778 2022 967 2074 πρίγκιψ.
1023 2023 1189 2076 Signum
1207 2026 1334 2063 crucis
1353 2024 1419 2064 hie
1447 2024 1554 2064 idem

122 2077 230 2118 valet
256 2085 377 2131 atque
401 2081 543 2118 usitata
572 2079 713 2131 Anglis
743 2078 846 2117 linea
875 2085 1099 2117 transversa
1131 2100 1184 2108 ·-
1214 2093 1290 2132 pro
1317 2087 1452 2118 nostro
1478 2089 1551 2119 etc.

122 2133 209 2172 Aut
235 2133 459 2186 aequivalet
486 2142 622 2173 nostro
650 2143 755 2171 uem.
812 2133 967 2172 Titulos
997 2147 1074 2172 rex
1108 2140 1149 2172 et
1182 2148 1366 2189 pnnceps
1403 2134 1556 2173 dabant

121 2188 264 2227 Graeci
294 2189 444 2227 Latinis
472 2190 687 2227 maioribus
712 2195 751 2226 et
779 2190 907 2226 mino·
910 2189 998 2227 ibus
1026 2188 1227 2239 dominis,
1267 2196 1313 2228 ut
1340 2203 1363 2228 e
1386 2203 1555 2242 sequen-

120 2242 229 2281 tibus
256 2243 454 2281 constabit
482 2245 666 2296 amplius.

232 2297 278 2335 B.
310 2296 350 2347 4.
379 2297 492 2351 [679,
518 2299 593 2362 10.]
624 2291 876 2348 πατράρχης.
937 2297 1017 2346 Qui
1046 2306 1197 2349 praeest
1236 2294 1400 2351 πάτρᾳ,
1445 2298 1555 2351 quod

121 2349 227 2389 idem
255 2358 314 2389 est
344 2359 464 2403 atque
492 2350 658 2404 (prima,
686 2351 870 2401 ‹par91'‚a
902 2351 1303 2403 q9atot'a‚f·1milia
1344 2353 1555 2392 hominum

120 2405 297 2452 eiusdem
326 2406 490 2458 originis
518 2413 557 2445 et
584 2405 888 2444 cohabitationis
918 2382 1137 2458 iisdemqiie
1156 2407 1344 2459 πατρίοις
1367 2408 1554 2446 institutis

119 2460 358 2498 viventium.
417 2461 596 2499 Insolens
624 2460 784 2512 quidem
815 2467 873 2498 est
899 2460 995 2498 haec
1024 2461 1150 2500 soi-ma
1168 2492 1179 2507 ,
1210 2477 1282 2502 nec
1310 2471 1443 2502 tamen
1475 2463 1552 2501 im-

119 2514 262 2606 proba.
335 2516 397 2553 De
428 2514 651 2567 patriarcha
697 2528 900 2553 sacrorum
935 2515 1108 2554 antistite
1143 2517 1210 2556 hie
1248 2532 1328 2557 non
1372 2519 1550 2570 cogitan-

152 2582 217 2606 um
244 2576 316 2607 est.

231 2623 279 2662 C.
300 2625 336 2662 3.
369 2623 481 2677 [679,
508 2622 589 2674 18.]
620 2619 833 2673 αιιὰντωρ.
890 2622 972 2661 Fox
976 2629 1012 2660 te
1039 2623 1297 2676 depravatum
1328 2633 1393 2665 est
1417 2639 1440 2664 e
1475 2629 1552 2667 La-

122 2675 206 2714 tino
233 2687 398 2715 amator.
455 2678 532 2715 Sed
561 2676 721 2716 xidetui
749 2685 878 2716 tamen
907 2680 1015 2730 potii=
1009 2693 1038 2716 .s
1065 2678 1139 2731 legi
1164 2681 1308 2721 deheie
1331 2678 1545 2736 ιίμυντωρ,

120 2730 170 2768 d
150 2731 320 2781 ὁΙὲεηεοι·
347 2747 403 2785 pr
402 2741 556 2772 oteccor.
