1884 3132
205 157 280 199 An
319 157 616 201 coNs‘rm.
655 157 852 199 Poura.
891 157 963 197 m:
999 156 1179 198 cmm.
1220 159 1320 199 Lm.
1374 161 1406 200 1.
1446 137 1556 194 315

218 261 308 302 181.
332 262 386 302 A.
418 277 478 303 10.
502 263 627 318 [310,
653 261 739 317 16.]
769 257 993 313 κριτάριον.
1064 261 1172 301 Puto
1201 261 1304 300 idem
1335 276 1417 302 csse
1443 269 1563 316 atque

133 313 356 367 κριτήριον,
389 317 568 357 tribunal
593 317 843 356 iudiciarium
860 329 933 369 pro
956 315 1188 356 dirimendis
1207 316 1343 356 litibus
1375 320 1562 371 aurigan-

80 387 85 392 «
108 403 110 405 ,
130 372 234 408 tium
258 378 299 410 et
324 372 550 412 factionum.
604 371 699 411 Vid.
721 373 809 411 Ser.
830 377 919 424 post
936 370 1120 423 Theoph.
1135 386 1174 424 p.
1198 385 1286 425 ¹¹9·
1303 373 1357 411 D.
1375 388 1412 412 c.
1435 373 1506 411 fin.

243 426 289 464 B.
316 440 348 469 ι.
369 427 482 482 [31o,
512 425 591 480 ι8.]
630 423 937 477 κουστωδιάρις.
992 424 1065 464 Est
1102 427 1207 464 idem
1248 434 1367 480 atquc
1405 437 1526 467 mestos
1545 458 1556 475 ,

131 488 344 532 apparatus
372 496 516 535 nempe
549 483 733 521 circensis
761 481 812 520 ad
839 493 961 534 equos
970 510 983 529 ,
1017 494 1159 519 currus
1175 510 1186 527 ,
1215 484 1398 534 aurigas,
1427 483 1569 522 sactio-

133 547 234 572 num
265 538 512 590 magistratus
538 544 614 576 etc.
642 537 873 588 pertinentis
889 564 901 583 ,
943 536 1012 588 qui
1065 543 1242 575 servaret
1273 538 1406 576 omnia
1422 567 1434 587 ,
1467 551 1564 576 usus

133 595 316 642 tempore
351 598 617 645 expromeret,
648 597 687 629 et
715 605 853 630 rursus
887 597 977 643 post
999 603 1116 629 usum
1142 591 1388 638 reconderet.
1441 593 1566 632 Forte

134 643 256 695 igitur
277 643 336 684 est
358 647 535 686 conditor·
555 659 740 699 gregum,
780 647 850 698 qui
882 647 923 683 in
958 645 1281 698 inscriptionibus
1306 649 1562 690 memoratur.

132 697 214 736 Sed
239 699 355 740 valde
373 701 599 755 discrepant
638 702 819 739 virorum
849 698 1058 739 doctorum
1084 700 1134 739 de
1169 702 1373 740 conditore
1401 702 1567 741 circensi

136 756 381 805 sententiae3
414 756 496 795 vid.
534 756 697 794 Gmteri
726 756 904 808 inscript.
923 753 1018 794 538.
1053 755 1114 793 ed.
1135 755 1307 804 Gmev.,
1338 757 1410 795 ubi
1444 758 1571 796 Grac-

135 808 226 847 vius
249 810 318 859 ait,
345 804 434 850 esse*
453 810 698 850 conditorem
724 824 906 864 gregum,
938 811 1007 862 qui
1032 823 1227 863 equorum
1252 825 1387 865 greges
1424 811 1475 850 ad
1506 814 1569 850 iu-

121 857 233 916 ‘gum
258 863 505 905 adsuesceret
546 872 664 918 atque
685 872 905 914 excreeret3
943 864 1045 903 alius
1080 866 1238 918 exponit
1270 864 1467 918 ἀλείπτην
1498 864 1570 904 ἴπ-

136 931 252 967 πων,
278 920 388 973 quod
418 921 655 959 casaubono
677 927 734 959 est
762 919 942 959 hortator
967 926 1088 972 atque
1118 921 1347 975 instigator,
1381 921 1574 960 salmasio

138 971 315 1013 medicus
353 989 560 1029 equorum.
618 973 817 1028 Scaligero
854 975 906 1014 ad
948 973 1150 1014 Catalecta
1191 983 1285 1015 sunt
1319 976 1568 1025 conditores,

140 1027 211 1082 qui
241 1027 452 1069 factionem
472 1030 634 1070 ederent
672 1037 711 1068 et
738 1030 880 1069 missus
910 1030 1222 1082 suppeditarent.

250 1083 297 1122 B.
320 1098 358 1124 2.
381 1084 427 1140 [5
437 1099 499 1132 ιο,
523 1083 603 1140 19.]
615 1082 911 1135 μαγγανάριος.
937 1085 1011 1124 Est
1022 1083 1104 1135 ille,
1121 1086 1190 1139 qui
1207 1082 1258 1124 τὰ
1272 1082 1478 1137 μα’γγανα,
1492 1085 1592 1126 hoc·

145 1144 208 1177 ὅτ
232 1151 411 1179 carceres
436 1139 501 1179 vel
529 1134 722 1179 caucellos
738 1139 887 1192 ligneos
901 1147 1036 1188 curat,
1063 1155 1087 1179 a
1104 1141 1248 1194 quibus
1260 1141 1349 1194 equi
1362 1141 1574 1180 dimittun-
1596 1189 1606 1193 -

143 1197 229 1232 tur.
286 1194 430 1234 Graeci
453 1195 548 1233 novi
570 1190 778 1245 μᾶγγαιόν
794 1194 993 1248 appellant
1010 1195 1049 1233 in
1074 1197 1202 1249 specie
1228 1205 1375 1234 vectem
1389 1203 1428 1234 et
1451 1197 1575 1236 vectis
1607 1202 1611 1206 '

140 1246 252 1286 illam
272 1257 448 1302 partem,
479 1245 586 1303 quae'
609 1249 757 1287 serrum
782 1249 1044 1302 glandiforme
1066 1250 1187 1289 habet
1205 1279 1217 1299 ,
1254 1251 1294 1289 in
1323 1251 1500 1290 foramen
1528 1253 1573 1291 in

139 1309 254 1354 poste
290 1303 441 1343 factum
480 1303 799 1351 immittendum,
843 1304 938 1344 alias
971 1302 1151 1354 βάλανον
1186 1306 1351 1356 dictum.
1411 1306 1574 1345 Glossae

140 1357 222 1396 Ms.
249 1359 356 1410 apud
383 1359 452 1397 Du
481 1360 616 1412 Cange
644 1358 710 1396 Gl.
743 1360 815 1398 Gr.
846 1374 887 1412 p.
919 1357 1014 1409 841.
1039 1375 1049 1398 :
1086 1356 1281 1405 Βάλανός
1306 1359 1394 1399 ἑσῑι
1424 1357 1470 1399 τὸ
1514 1360 1575 1407 εἰς

142 1406 214 1450 τὸν
239 1409 397 1464 μόχλον
423 1410 625 1465 σιδήριον,
648 1410 671 1450 ὃ
699 1414 869 1452 καλοῦσι
892 1410 1111 1465 μάγγαιόν.
1167 1415 1222 1453 Et
1247 1415 1348 1453 forte
1376 1416 1577 1454 Macarius

200 1479 303 1519 oque
322 1467 410 1506 loco
445 1467 594 1506 ibidem
617 1466 787 1515 allegato
817 1482 956 1507 vocem
984 1465 1179 1519 μάγγαιά
1208 1483 1254 1508 eo
1277 1483 1393 1508 sensu
1417 1471 1572 1522 posuit:

142 1534 166 1558 ο
194 1516 445 1567 πολύπλοκος
470 1517 662 1571 διάβολος
683 1518 805 1572 κέχων
835 1520 1026 1573 ¹tm'yymaeot
1065 1519 1137 1560 καί
1163 1524 1346 1575 τρίθυρα
1376 1521 1448 1562 καὶ
1482 1537 1577 1562 ποι-

144 1573 284 1614 κιλίαν
303 1572 485 1627 πολλὴν;
514 1577 588 1615 nisi
616 1578 748 1628 potius
776 1572 966 1627 μάγγανα
995 1577 1050 1615 ibi
1078 1579 1252 1628 positum
1278 1592 1352 1630 pro
1381 1574 1575 1630 μηχανὰς

144 1628 281 1668 fuerit.
337 1630 399 1669 Ut
432 1632 701 1684 concipiatur,
743 1632 840 1683 quid
874 1631 994 1670 fuerit
1027 1629 1207 1679 βάλανος
1248 1633 1290 1671 in
1324 1647 1368 1671 re
1397 1634 1575 1683 seraria,

144 1685 384 1737 perobscura
411 1685 603 1738 profecto,
634 1685 764 1724 dicam
793 1687 835 1724 in
862 1694 1107 1736 transcursu,
1146 1686 1265 1726 fuisse
1293 1687 1444 1726 ferrum
1473 1689 1578 1727 vecti

145 1745 218 1778 aut
242 1739 439 1791 exemtili‚
477 1747 546 1779 aut
573 1754 648 1793 ope
679 1740 782 1780 clavi
809 1741 861 1780 ad
889 1741 1049 1779 ianuam
1087 1740 1216 1790 affixi,
1270 1756 1429 1781 sursum
1458 1742 1578 1782 deor-

148 1807 238 1832 sum
264 1794 430 1844 mobili,
460 1796 677 1848 praefixum
694 1826 704 1843 ,
738 1795 972 1849 globosum,
1016 1795 1066 1834 ad
1094 1798 1220 1834 instar
1257 1797 1433 1849 glandis,
1470 1798 1580 1836 unde

148 1862 294 1888 nomen
322 1849 487 1900 habuit,
514 1850 742 1904 quagglans
763 1851 888 1889 ferrea
918 1851 1205 1890 immittebatur
1230 1852 1272 1890 in
1300 1854 1512 1891 cavitatem
1537 1854 1581 1891 in

148 1909 261 1955 poste
287 1903 431 1942 factam
459 1906 536 1956 ita,
565 1902 616 1943 ut'
640 1906 891 1959 excipiendae
917 1913 957 1945 et
984 1906 1178 1945 tenendae
1196 1905 1439 1960 glandi-apta
1461 1914 1577 1947 esset.

149 1958 279 2010 Super
307 1958 435 1997 ferreo
464 1974 582 2013 scapo
598 1990 609 2006 ,
639 1963 708 2013 qui
739 1961 923 2014 glandem
951 1975 1043 1999 cum
1061 1968 1173 2000 vecte
1193 1964 1397 2015 iungeret,
1428 1962 1582 2015 depan-

150 2011 318 2065 gebatur
346 2014 386 2052 in
412 2022 529 2068 poste
551 2014 710 2064 clavus,
741 2016 809 2069 qui
837 2016 1060 2069 impediret,
1090 2030 1141 2055 ne
1168 2017 1291 2055 vectis
1318 2031 1411 2055 cum
1436 2016 1580 2070 glande

150 2081 174 2105 e
200 2081 272 2106 suo
297 2068 387 2106 sinu
416 2069 651 2108 elevaretur.
712 2071 899 2110 Carceres
928 2071 1048 2124 igitur
1076 2072 1170 2110 circi
1192 2071 1341 2110 CPtani
1358 2079 1472 2110 erant
1487 2085 1581 2110 can-

150 2121 239 2160 celli
265 2121 384 2175 lignei
412 2137 502 2162 cum
531 2124 676 2164 additis
703 2126 882 2165 vectibus
911 2125 976 2164 vel
996 2126 1112 2174 seris,
1143 2127 1286 2180 quibus
1301 2126 1467 2165 sublatis
1486 2140 1582 2179 ape-

150 2175 333 2215 riebatur
360 2191 498 2217 cursus
526 2180 649 2232 equis.
706 2181 760 2220 Hi
791 2195 966 2220 carceres
1008 2183 1124 2220 eximi
1150 2189 1335 2234 poterant
1379 2188 1418 2220 et
1466 2195 1581 2234 repo-

153 2230 353 2270 nebantur
378 2246 474 2270 usus
499 2240 693 2286 tempore.
754 2236 873 2286 Quod
899 2237 967 2288 qui
995 2243 1174 2283 curaret,
1207 2235 1272 2275 ille
1301 2237 1581 2289 manganarius

149 2292 249 2324 erat.
306 2286 362 2326 Et
388 2301 514 2340 quum
540 2290 582 2326 in
610 2290 716 2328 circo
743 2292 1053 2343 uniuscuiusque
1079 2291 1284 2341 factionis,
1318 2292 1491 2329 Venetae
1517 2291 1582 2329 in·-

155 2354 276 2393 quam
304 2348 344 2380 et
373 2342 587 2393 Prasinae,
617 2352 745 2386 essent
776 2360 869 2384 sena
894 2345 1132 2394 μεσόοτυλα
1160 2361 1229 2385 seu
1256 2345 1581 2394 intercolumnia,

151 2409 324 2447 quorum
360 2405 555 2449 quaterna
598 2406 810 2450 quaternos
847 2415 988 2439 currus
1024 2403 1066 2439 in
1095 2400 1258 2453 singulis
1298 2400 1439 2453 palmis
1464 2400 1583 2438 simul

152 2450 411 2501 emittebant,
439 2453 534 2490 bina
563 2453 771 2493 redeuntes
799 2454 851 2493 ab
882 2455 991 2493 obita
1011 2462 1115 2494 meta
1130 2455 1395 2507 recipiebant:
1427 2469 1583 2494 necesse

154 2510 267 2554 erat,
294 2512 340 2544 ut
366 2507 532 2545 totidem
561 2522 719 2560 quoque
746 2516 874 2547 essent
904 2509 943 2546 in
969 2509 1134 2563 singulis
1162 2510 1395 2548 factionibus
1415 2507 1583 2560 κάγκελ-

154 2558 234 2606 λα,
263 2560 450 2610 cancelli,
481 2569 520 2600 et
546 2557 738 2613 μα’γγανα
767 2578 834 2602 seu
864 2578 998 2612 serae,
1040 2578 1142 2617 quae
1179 2564 1406 2603 clauderent
1432 2564 1582 2603 emissis

156 2613 267 2664 equis
297 2621 336 2653 et
374 2617 572 2669 aperirent
611 2618 844 2670 reci‘p'iendis
871 2632 894 2656 a
922 2618 1037 2657 finito
1058 2633 1178 2671 cursu
1205 2620 1316 2672 equis
1344 2626 1383 2658 et
1400 2619 1583 2659 curribus

159 2671 403 2720 manganarii
434 2685 502 2710 seu
531 2673 683 2710 serarii.

270 2722 315 2760 B.
337 2722 377 2774 4.
400 2723 514 2779 [310,
537 2725 621 2780 20.]
648 2723 694 2765 τὸ
725 2724 915 2778 στάβλον.
971 2728 1031 2767 Μ.
1054 2723 1126 2766 τὸν
1153 2727 1341 2768 σῐαῦλον.
