1884 3132
325 151 437 208 338
596 169 670 212 10.
715 168 821 231 1Ac.
861 171 1054 214 Rssisxn
1094 168 1472 215 COMMENTARH

321 291 361 329 p.
383 275 476 329 537.
498 274 545 312 B.
578 273 675 312 dicit
702 273 752 312 de
779 274 940 327 regibus
970 274 1223 315 Francorum
1251 275 1535 343 Merovingicis
1553 304 1565 324 ,
1596 290 1762 318 consue-

319 333 424 369 visse
465 343 533 368 cos
579 329 764 368 Calendis
826 331 922 368 Maii
995 330 1333 383 προκαθέζεσθαι
1377 330 1447 370 ἐπι
1495 327 1647 379 παντὸς
1685 332 1762 372 τοῦ

319 381 485 434 ἔθνους,
515 382 588 423 καί
614 389 861 434 προσκυνεῖν
890 379 1042 431 αὖτοὺς
1072 386 1145 424 καί
1171 385 1495 438 προσκυνεῖσθαι
1522 382 1594 424 ὑπ’
1605 385 1756 426 αὐτῶν.

321 440 573 492 Nicephorus
600 439 835 478 Patriarcha
878 441 979 479 CPt.
1022 441 1198 479 Breviar.
1228 455 1270 493 p.
1307 455 1374 494 79.
1404 440 1509 479 fine:
1548 437 1646 493 περὶ
1682 440 1763 481 τῶν

319 494 598 534 αἰτιαθέντων
623 494 695 533 ἐπὶ
721 493 912 533 πλείστου
944 491 1241 547 ἁθροισθέντος
1263 496 1338 534 τοῦ
1365 496 1436 548 τῆς
1452 492 1611 541 πόλεως
1639 494 1757 544 ἐπεξ-

317 545 386 604 ῄει
423 545 559 601 δήμου
571 579 584 599 ,
634 550 684 588 de
737 550 961 588 criminibus
989 564 1122 589 coram
1151 552 1228 603 ste
1256 551 1363 589 uenti
1392 550 1535 605 populi
1579 552 1763 590 concione

316 606 540 644 disserebat.
599 604 678 643 Dio
708 604 867 643 Cassius
895 619 965 644 seu
993 607 1124 658 potius
1152 566 1385 659 Xipcsfilinus
1412 621 1455 658 p.
1482 605 1679 659 1109.6.:
1709 604 1762 645 τοὶ

318 659 472 712 δένδρα
504 658 552 699 τὰ
585 653 802 698 ἐπάὖτῶν
819 660 885 711 (ita
921 660 1134 714 legendnm
1163 675 1185 699 e
1224 660 1427 700 codicibus
1453 661 1762 714 manuscriptis,

317 729 398 753 non
429 713 596 763 αύτοῖς,
630 722 676 753 ut
704 714 855 753 editum
884 719 983 766 est,)
1015 708 1113 755 ὄντα
1130 746 1141 766 ,
1171 717 1352 765 arbor-ex,
1393 730 1493 771 quae
1519 730 1653 755 coram
1678 717 1759 755 illis

318 771 449 823 (regiis
479 771 657 820 aedibus)
698 778 825 808 erant.
885 769 1082 810 Aristides
1110 772 1161 809 T.
1201 772 1236 810 1.
1266 786 1307 824 p.
1337 770 1407 811 68.
1438 785 1473 810 c.
1505 770 1576 809 fin.
1601 785 1612 810 ε
1643 771 1757 819 urbs,

317 825 383 878 ἐφ’
409 819 455 877 ἧς
473 856 482 872 ,
514 841 645 865 eoram
663 840 765 880 qua,
798 824 846 864 αἳ
872 838 914 864 τε
943 826 1092 865 θυσίαι
1118 826 1326 878 γίγνονται
1357 826 1434 865 νῦν
1460 825 1533 865 καί
1559 823 1597 864 οἱ
1626 823 1759 878 λόγοι.

401 894 492 919 200.
515 881 564 920 A.
587 882 627 920 5.
648 878 765 935 [543‚
795 879 876 934 ¹02]
906 881 1197 934 πρεμφέκτωρ.
1225 882 1280 920 Et
1307 879 1552 934 προφέκτωρ
1575 888 1762 935 estprae-

298 936 447 986 fictus.
504 936 655 974 Notum
695 937 868 974 Graecos
906 949 1032 974 novos
1064 936 1213 989 ubique
1251 951 1284 987 μ
1320 937 1513 990 ingerere.
1569 936 1762 976 Solebant

315 1005 476 1043 quoque
505 991 636 1030 medio
664 1004 763 1029 aevo
793 1005 912 1029 voces
940 992 982 1028 in
1011 1005 1054 1030 us
1083 998 1268 1030 exeuntes
1295 1005 1367 1044 per
1394 1005 1453 1044 ωρ
1481 989 1636 1030 efferre.
1695 991 1757 1031 lta

314 1060 476 1099 quoque
508 1047 641 1085 Latini
669 1046 888 1084 advocator
913 1059 986 1099 pro
1014 1046 1241 1093 advocatus,
1273 1047 1436 1085 allector
1461 1060 1536 1099 pro
1563 1047 1724 1085 allectus
1740 1061 1758 1096 ,-

314 1102 384 1139 Du
413 1102 549 1154 Gange
569 1101 698 1140 Gloss.
715 1102 834 1151 Lat-3
864 1102 1049 1156 opinator
1073 1115 1147 1154 pro
1174 1101 1354 1156 opinatus
1380 1115 1450 1140 seu
1478 1099 1652 1151 electus,
1681 1101 1758 1141 bo-

312 1169 390 1194 nae
429 1158 629 1209 opinionis
672 1162 711 1194 et
754 1155 882 1194 famae
926 1155 1064 1203 miles,
1110 1156 1280 1209 ideoque
1328 1163 1515 1210 optatus,
1556 1156 1757 1209 delectus,

310 1213 446 1263 optio3
479 1225 520 1250 v.
538 1213 604 1249 Du
622 1211 757 1264 Gange
784 1225 825 1249 v.
853 1213 959 1266 optio
975 1241 985 1259 ,
1017 1211 1088 1250 ubi
1117 1212 1282 1250 Glossae
1310 1210 1609 1265 Anglosaxon.:
1632 1214 1753 1265 optio,

309 1266 495 1318 gest-osone
521 1267 720 1320 Kempan.
781 1267 884 1305 Hinc
914 1274 972 1306 est
992 1296 1004 1317 ,
1033 1266 1143 1320 quod
1175 1267 1278 1306 infra
1303 1281 1394 1320 pag.
1417 1280 1510 1321 227.
1544 1264 1755 1320 οἶδόράτορ

309 1335 383 1373 per
426 1320 697 1373 προσευκτέος
739 1322 976 1374 exponitur,
1019 1323 1135 1375 quasi
1173 1322 1399 1361 adorandus
1429 1328 1558 1372 esset,
1596 1330 1759 1374 rogator

308 1389 382 1428 pro
408 1385 580 1428 rogatus,
607 1376 647 1414 id
677 1383 734 1416 est
761 1391 858 1430 roga
885 1377 1069 1426 donatus,
1101 1378 1379 1430 stipendiatus.
1434 1377 1622 1416 Vicissim
1647 1378 1690 1416 in
1710 1391 1754 1416 us

309 1431 581 1470 terminabant
603 1460 614 1481 ,
643 1446 746 1484 quae
773 1433 816 1470 in
845 1446 894 1471 or
920 1432 1118 1471 debebant
1145 1433 1385 1482 terminari,
1425 1438 1472 1470 ut
1500 1431 1656 1471 adimus
1682 1445 1758 1486 pro

311 1487 489 1525 adiutor.-
520 1486 627 1525 unde
649 1487 776 1526 (tintus
795 1516 806 1536 ‚
836 1487 950 1526 aidus
964 1517 976 1538 ,
1006 1488 1123 1536 aide3
1150 1489 1342 1526 alienatus
1379 1487 1532 1526 morbus
1558 1501 1631 1540 pro
1657 1489 1756 1527 alie-

308 1551 447 1589 nator,
481 1542 574 1594 quia
603 1556 738 1581 sensus
767 1542 939 1592 alienat3
969 1543 1158 1581 allocatzae
1185 1557 1259 1597 pro
1289 1543 1504 1591 allocutor,
1533 1542 1747 1591 consessor,

306 1611 491 1649 sponsor.
551 1597 733 1636 Diceacus
758 1612 830 1651 pro
862 1598 1079 1646 dictatore,
1116 1599 1186 1651 qui
1223 1598 1346 1636 dictat
1359 1628 1371 1647 ,
1408 1597 1451 1636 id
1490 1603 1550 1636 est
1576 1599 1750 1652 concipit

310 1654 482 1705 scripto,
511 1651 696 1705 epistolas
719 1660 788 1692 aut
816 1655 1022 1703 rationes3
1053 1667 1095 1691 v.
1124 1654 1190 1692 Du
1221 1653 1357 1706 Gange
1384 1651 1426 1691 h.
1454 1665 1496 1694 v.

419 1708 466 1745 B.
485 1706 526 1746 8.
549 1707 674 1761 [545,
707 1707 789 1762 25.]
832 1705 1112 1758 στοιβοίζουσι.
1169 1709 1459 1760 Exaggerant3
1495 1707 1658 1760 proprie
1695 1714 1755 1747 est

309 1760 557 1813 στοιβάζειν,
588 1763 815 1814 corgsercire,
836 1764 1100 1811 condensare3
1129 1763 1211 1802 vid.
1235 1777 1326 1816 pag.
1357 1762 1445 1816 196.
1464 1762 1519 1800 D.
1541 1763 1636 1812 ult„
1659 1776 1754 1803 201.

309 1819 360 1856 A.
388 1832 447 1856 12.
508 1817 845 1870 Frequentissime
887 1818 963 1857 hoc
1007 1818 1134 1857 verbo
1159 1820 1286 1857 utitur
1314 1818 1470 1856 Nicetas
1510 1817 1748 1868 choniates,

310 1880 357 1910 ut
384 1888 474 1926 pag.
501 1874 567 1912 31.
591 1873 643 1911 E.
673 1875 712 1912 3.
746 1874 808 1912 ed.
828 1873 974 1913 Venet.
1017 1880 1057 1911 et
1077 1874 1142 1926 37.
1176 1873 1217 1912 C.
1238 1873 1278 1912 6.
1301 1903 1311 1920 ‚
1355 1872 1425 1910 ubi
1457 1879 1516 1911 est
1545 1869 1745 1911 ἅναστοι-

309 1926 484 1978 βάζειν,
515 1937 618 1967 retro
647 1929 888 1968 condensat-e
901 1958 910 1976 ‚
947 1928 989 1967 id
1019 1935 1078 1967 est
1107 1930 1317 1983 reprimere
1335 1957 1346 1976 ,
1374 1928 1586 1981 repellere,·
1614 1941 1658 1980 p.
1675 1927 1746 1978 64.

308 1982 362 2020 D.
386 1982 427 2034 4.
450 1982 632 2037 fluvium
659 1980 1047 2033 ὑπαναστοιβάζειν,
1077 1985 1252 2038 opposito
1282 1997 1421 2035 aggere
1460 1991 1564 2022 retro
1607 1997 1748 2035 agere,

310 2044 351 2075 et
383 2038 559 2085 efficere,
605 2044 651 2077 ut
678 2045 938 2092 coaggeretur
955 2067 967 2089 ,
1008 2040 1278 2091 constipetur3
1323 2052 1366 2091 p.
1399 2037 1468 2077 82.
1488 2037 1543 2077 D.
1567 2036 1606 2077 6.
1633 2049 1748 2076 στοι-

309 2089 473 2143 βασμὸς
510 2092 592 2132 τῶν
618 2089 794 2144 κόπων,
835 2095 1034 2131 hastarum
1068 2095 1242 2145 conserta
1274 2107 1399 2145 seges,·
1444 2107 1537 2146 pag.
1570 2090 1664 2144 246.
1700 2092 1748 2136 Β.

309 2147 425 2193 νίκας
466 2146 537 2187 ἐπὶ
579 2146 713 2195 νίκαις
751 2146 1021 2200 ἀναιρεῖσθαι
1061 2149 1135 2187 καί
1171 2143 1352 2202 τρόπαια
1398 2145 1611 2200 τροπαίοις
1656 2145 1749 2186 ἑπι-

305 2198 555 2253 στοιβάζειν.

417 2258 464 2295 Β.
484 2271 525 2323 Q.
548 2256 661 2310 [343⁹
695 2256 780 2311 25.]
823 2253 1002 2309 λάχανα.
1058 2257 1258 2297 Discimus
1297 2272 1342 2298 ex
1370 2257 1447 2297 hoc
1475 2257 1590 2305 loco,
1622 2270 1747 2310 quare

308 2312 540 2363 ’λαχανικον
562 2312 805 2366 appellatum
823 2313 942 2351 fuerit
957 2313 1033 2351 hoc
1051 2312 1251 2352 ludicrum
1270 2315 1460 2363 circense,
1490 2313 1584 2365 quia
1602 2325 1746 2365 nempe

307 2362 500 2418 λάχανα,
530 2366 662 2418 olera,
692 2368 896 2420 placentae
925 2375 964 2407 et
1001 2369 1126 2420 pisces
1159 2369 1308 2422 populo
1338 2366 1559 2421 diripienda
1589 2366 1742 2405 daban-

305 2427 394 2470 tur,
437 2429 476 2459 et
520 2423 790 2463 Lachanicum
827 2423 905 2461 hoc
942 2422 1184 2462 celebratum
1222 2424 1341 2463 fuisse
1375 2423 1439 2461 die
1466 2421 1590 2460 natali
1615 2421 1742 2461 urhis.

307 2475 513 2528 Reliquiae
533 2479 631 2531 'ergo
655 2478 731 2517 hae
754 2486 847 2517 sunt
879 2479 1151 2517 institutorum
1176 2479 1227 2517 ab
1254 2479 1364 2517 urbis
1401 2476 1605 2516 conditore
1633 2476 1742 2515 Con-

304 2534 479 2569 stantino
512 2533 570 2570 M.
607 2534 772 2587 panium
795 2533 970 2572 civilium
997 2541 1066 2572 aut
1078 2535 1333 2586 gradiliam,
1373 2532 1442 2586 qui
1480 2530 1532 2569 ad
1558 2537 1742 2584 tempora

305 2598 430 2637 usque
463 2587 635 2626 Heraclii
667 2589 845 2641 quotidie
882 2590 1002 2641 gratis
1033 2589 1215 2628 distribui
1242 2591 1345 2626 inter
1370 2581 1465 2631 τούς
1491 2582 1741 2640 καλαμηφό-

307 2651 406 2687 ρους
447 2654 515 2678 seu
557 2651 785 2683 tesserartmz
823 2645 1055 2682 exhibitores
1102 2643 1308 2692 solebant3
1347 2641 1396 2680 de
1438 2639 1583 2692 quibus
1623 2641 1740 2681 docte

301 2693 430 2736 multa
453 2695 628 2748 disputat
654 2698 869 2738 Salmasius
896 2698 946 2736 ad
975 2699 1061 2737 Scr.
1095 2697 1215 2736 H.A.
1230 2698 1279 2736 T.
1292 2697 1345 2734 ΙΙ.
1365 2711 1407 2748 Ρ.
1422 2694 1513 2735 502.
1544 2709 1658 2749 sqq.,
1687 2695 1741 2736 ad

299 2762 423 2800 quem
450 2750 489 2788 id
518 2765 644 2790 uuum
682 2753 938 2802 observatum
966 2753 1101 2806 velim,
1131 2748 1228 2799 τούς
1254 2745 1454 2804 κτὴτορας
1487 2764 1571 2791 esse
1595 2752 1739 2794 divites
