1884 3132
263 124 379 191 4οό
551 140 623 180 ιο.
665 138 772 181 1Ac.
813 140 1007 181 masxn
1050 138 1429 181 COMMENTARII

264 243 493 291 crebuisset,
533 242 589 279 ait
624 240 854 280 Chronicon
900 240 1134 279 Cassinense
1179 238 1260 280 ΠΙ.
1283 254 1372 289 20.,
1421 254 1549 294 regem
1583 240 1709 296 [Imp.

266 295 568 348 Germanicum]
590 298 632 335 in
654 296 822 334 Italiam
842 304 1047 334 venturum
1083 310 1162 334 esse
1178 325 1189 346 ,
1223 297 1407 350 pen-exie
1431 295 1592 350 [Abbas
1619 312 1710 337 coe-

265 351 397 406 nobii]
429 351 609 407 Amaffi'n
624 381 634 398 ,
664 352 792 406 ibique
823 353 968 404 viginti
991 365 1148 405 pannos
1179 353 1319 390 sericos
1333 381 1344 400 ,
1389 365 1483 406 quos
1523 351 1713 391 triblattos

266 417 410 446 vocant
424 438 434 454 ,
468 408 630 455 coemit,
669 416 710 445 ut
723 437 733 456 ‚
759 409 795 445 si
804 408 919 459 sbrte
941 407 1196 445 necessariwn
1228 416 1322 446 esset
1340 436 1351 454 ,
1401 406 1558 446 haberet
1587 416 1711 453 certe,

267 462 375 518 quod
401 463 486 515 regi
510 463 677 502 donaret
694 493 704 509 ,
751 477 830 516 pro
863 462 981 501 tutela
1017 462 1202 501 videlicet
1232 471 1271 500 et
1305 463 1450 500 honore
1488 463 1718 500 monasterii

270 519 396 557 lucius.
454 518 516 556 De
543 532 656 557 more
683 518 913 570 principum
942 518 1151 570 utriusque
1193 517 1302 556 orbis
1330 524 1370 556 et
1409 516 1557 556 saeculi
1592 517 1717 563 medii

270 572 449 613 vestibus
470 587 537 612 eos
555 573 732 612 donandi
752 603 763 620 ,
793 573 939 626 quibus
959 572 1061 611 bene
1082 571 1232 611 vellent
1246 603 1258 622 ,
1290 586 1406 625 agam
1426 586 1468 625 p.
1489 585 1585 626 27¹·
1598 572 1654 611 D.
1675 573 1719 623 4.

382 628 427 666 C.
451 643 492 683 7.
516 628 629 683 [406‚
651 627 743 682 2i.]
759 626 965 678 κοσμίὸιν.
996 628 1152 667 localia
1181 627 1435 680 appellabant
1453 627 1586 665 medio
1600 641 1716 666 aevo.

272 684 483 725 Pertinent
523 699 569 723 eo
609 698 732 731 auro,
776 690 942 737 argento
973 683 1078 722 facta
1120 697 1243 737 opera
1262 714 1272 730 ,
1311 683 1501 737 pyxides,
1536 683 1718 732 taeniae,

275 754 471 790 gemmae,
501 741 766 794 margaritae,
795 739 958 792 plumae
988 741 1124 778 avium
1161 740 1358 791 pretiosae
1378 767 1390 789 ‚
1430 751 1542 777 arma
1569 737 1721 777 affabre

275 794 381 834 faeta
399 824 411 844 ‚
441 797 594 844 omnia,
621 795 767 849 quibus
794 808 940 847 corpus
968 802 1137 833 ornatur
1165 801 1205 832 et
1233 793 1474 834 illustratur.

386 851 440 889 D.
467 852 506 891 5.
529 850 641 905 [4o7,
663 849 722 904 7.]
751 847 941 888 κίνδυνον
969 844 1134 900 ἔχουσι.
1193 849 1300 888 Rara
1319 849 1417 888 haec
1437 848 1559 893 dictio
1580 877 1592 898 ‚
1621 847 1722 887 mihi

276 905 439 958 quidem
467 921 665 959 nusquam
693 905 790 944 alias
814 911 986 957 reperta,
1007 911 1147 954 notat,
1177 904 1286 957 quod
1307 918 1430 943 nexus
1453 911 1494 942 et
1515 905 1618 944 ratio
1646 903 1724 943 loci

72 960 187 1006 EdzL·
205 962 270 997 128
282 968 492 1009 monstrat,
524 961 878 1008 labor-enalzahent,
909 960 951 998 id
981 967 1040 998 est
1069 959 1305 1012 deputatum
1322 989 1334 1011 ,
1362 958 1616 998 commissum
1631 972 1728 997 suae

281 1031 416 1055 curae.
447 1015 730 1069 Improbabilis
758 1022 804 1053 ut
829 1014 983 1061 accidat
1004 1014 1054 1054 ob
1082 1015 1302 1054 novitatem
1318 1043 1330 1064 ,
1359 1027 1519 1055 necesse
1538 1020 1617 1054 est.
1645 1013 1726 1058 Sed

283 1074 367 1111 eius
399 1074 554 1125 generis
585 1073 627 1111 in
655 1071 732 1109 hoe
761 1069 866 1109 libro
895 1069 1022 1108 multa
1050 1077 1173 1122 sunt3
1205 1077 1244 1109 et
1270 1083 1322 1108 ne
1351 1071 1406 1108 sic
1437 1068 1600 1122 quidem
1625 1070 1725 1107 rati-

283 1141 361 1166 one
397 1134 521 1166 caret.
583 1125 793 1171 Klydvvog
818 1126 934 1164 novis
977 1125 1138 1165 Graecis
1181 1132 1239 1164 est
1274 1133 1507 1164 tormentum
1527 1154 1539 1173 ,
1564 1138 1697 1178 poena
1713 1154 1726 1176 ,

283 1182 518 1237 supplicium
534 1196 551 1230 ‚-
576 1182 662 1221 vid.
701 1180 916 1234 Nicephor.
944 1181 1056 1220 Patr.
1085 1181 1265 1220 Breviar.
1297 1194 1338 1234 p.
1372 1193 1435 1219 ιι.
1459 1178 1498 1219 5.
1523 1186 1563 1218 et
1593 1193 1656 1233 ¹9·
1687 1195 1727 1219 c.

286 1239 355 1276 fin.
428 1237 584 1276 Eodem
613 1251 731 1276 sensu
759 1237 892 1274 Latini
922 1250 1083 1289 quoque
1121 1237 1324 1289 sequiores
1353 1235 1571 1289 periculum
1611 1248 1732 1273 usur-

285 1299 400 1346 pant.
454 1293 557 1331 Hinc
585 1294 678 1345 ipsis
709 1288 894 1337 κίνδυνος
924 1298 983 1330 est
1010 1305 1153 1341 omne,
1183 1290 1293 1344 quod
1320 1304 1412 1329 cum
1431 1290 1612 1328 cruciatu
1633 1303 1731 1328 con-

287 1350 469 1387 iunctum
499 1354 581 1395 est,
613 1361 806 1386 aerumna
823 1378 836 1398 ‚
863 1345 978 1385 labor
1008 1346 1129 1385 taedii
1157 1346 1299 1399 plenus
1317 1375 1329 1396 ‚
1357 1345 1558 1383 contentio
1587 1343 1729 1383 defati-

289 1418 402 1457 gans.
459 1402 674 1441 Affirmare
702 1404 830 1440 ausim
860 1402 963 1440 hanc
992 1401 1318 1455 significationem
1346 1399 1548 1440 veteribus
1569 1399 1732 1439 Graecis

288 1460 534 1511 incognitam
579 1473 662 1497 non
700 1457 833 1497 fuisse.
888 1457 1010 1496 Sume
1048 1456 1156 1496 locos
1177 1487 1189 1508 ,
1234 1457 1276 1495 in
1314 1455 1460 1509 quibus
1488 1454 1733 1494 vocabulum

289 1512 478 1560 κίνδυνος
514 1513 660 1567 legitur
679 1544 691 1562 ,
732 1526 871 1551 omnes
892 1542 904 1562 ,
934 1519 974 1550 et
998 1512 1190 1565 expende.
1244 1511 1411 1551 Videbis
1450 1524 1590 1550 eorum
1614 1509 1738 1563 longe

286 1568 472 1622 plurimis
504 1569 831 1621 significationem
850 1567 999 1606 laboris
1028 1568 1269 1615 aerumnosi,
1299 1565 1576 1607 sollicitudinis
1597 1566 1735 1618 (prout

288 1637 434 1676 nempe
456 1624 496 1662 in
519 1624 620 1663 Cod.
640 1624 676 1662 T
679 1623 799 1662 heod.
821 1630 860 1662 et
881 1623 1023 1662 lustin.
1047 1623 1203 1676 legitur)
1222 1637 1304 1661 non
1323 1622 1455 1660 minus
1472 1621 1592 1670 bene,
1611 1634 1735 1673 quam

288 1679 458 1732 periculi
488 1693 724 1732 congruere.
781 1678 952 1725 Diodori
981 1678 1104 1717 Siculi
1132 1692 1169 1717 e.
1188 1692 1224 1717 c.
1247 1677 1350 1716 illud
1376 1676 1481 1721 libro
1510 1676 1670 1715 XVIII.
1691 1676 1736 1713 in

290 1735 370 1773 fine
397 1731 531 1773 πάντα
560 1733 750 1773 κίνδυνον
778 1731 1066 1784 ἀναδέχεσθαι
1093 1748 1175 1773 non
1201 1734 1326 1787 magis
1353 1730 1458 1770 hanc
1477 1745 1598 1784 quam
1626 1729 1737 1769 illam

294 1789 625 1842 significationem
644 1789 805 1836 tolerat.
866 1789 988 1827 Recte
1016 1790 1138 1855 igitur
1163 1788 1262 1834 dixit
1290 1787 1475 1827 Zosimus
1498 1786 1577 1824 fine
1595 1787 1736 1838 capitis

291 1844 360 1885 62.
386 1845 434 1882 L.
457 1844 518 1882 L:
550 1840 652 1895 ἔργα
682 1841 755 1883 καί
779 1839 994 1888 κινδύνους
1022 1842 1355 1892 αποδειξασθαι,
1402 1841 1472 1884 uhi
1500 1841 1642 1879 dubito
1669 1855 1736 1879 re-

294 1906 408 1937 ctene
437 1896 727 1946 ὖποδέξασθαι
754 1899 1011 1937 emendatum
1038 1906 1140 1938 eant.
1173 1899 1292 1937 Certe
1318 1893 1421 1949 ἔργα
1449 1893 1744 1947 ὑποδέχεσθαί

293 1968 413 1999 nemo
423 1968 605 2007 unquam
622 1952 736 1993 dixit.
767 1953 995 2007 Allegarem
1006 1953 1255 2008 Polyaenum
1269 1983 1280 2001 ,
1300 1951 1407 2005 apud
1419 1965 1538 2005 quem
1553 1950 1741 2005 P·¹58·7·-

296 2008 483 2054 κίνδυνος
513 2023 560 2047 eo
588 2011 631 2047 in
659 2009 747 2047 loco
775 2010 949 2061 positum
980 2015 1053 2060 est,
1083 2023 1164 2063 quo
1193 2008 1294 2047 alius
1312 2009 1543 2060 quicunque
1559 2007 1736 2045 Graecus

298 2065 469 2116 scriptor
498 2065 670 2116 purioris
685 2065 875 2103 sermonis
903 2063 1104 2103 studiosus
1133 2060 1245 2114 ἀγών
1266 2063 1511 2102 adhibuisset
1532 2076 1543 2100 :
1573 2059 1630 2107 ὥς
1645 2059 1741 2099 δ”ὲν

299 2116 463 2172 ἰσχυρῷ
482 2115 674 2173 κινδύνῳ,
700 2118 960 2171 ταραχωδῶς
981 2113 1239 2168 ἐμπεσόντες,
1268 2116 1341 2157 καί
1370 2114 1441 2156 διὰ
1461 2111 1609 2161 νυκτὸς
1636 2111 1741 2168 φεύ-

298 2186 387 2224 γειν
413 2172 685 2223 βιασθέντες,
718 2172 951 2224 α’πέβαλλον
979 2172 1122 2212 πολλοὶ
1146 2170 1221 2219 τὰς
1250 2169 1458 2223 α’σπίδας,
1489 2172 1603 2210 multi
1619 2171 1742 2208 iactu-

301 2242 389 2266 ram
417 2237 609 2266 scutorum
615 2229 819 2279 jecerant,
846 2237 888 2266 ut
906 2230 948 2267 in
967 2229 1185 2267 vehementi·
1207 2229 1309 2266 lucta
1322 2227 1398 2279 (vel
1414 2226 1681 2275 contentione),
1703 2232 1743 2263 et

303 2283 448 2323 invecti
473 2297 557 2321 cum
579 2284 765 2333 tumultu,
789 2285 985 2338 coactique
1007 2297 1085 2337 per
1108 2292 1259 2326 noctem
1267 2284 1428 2336 ficgere.
1488 2280 1567 2320 Sed
1595 2280 1698 2318 absit
1715 2293 1741 2317 a

305 2351 370 2375 me
391 2367 401 2383 ,
433 2344 479 2376 ut
507 2338 742 2390 scriptorem,
770 2345 853 2376 tam
880 2337 1124 2388 infantilem,
1151 2346 1235 2378 tam
1265 2338 1436 2386 anilem,
1477 2343 1560 2375 tam
1592 2334 1741 2373 iudicio

305 2399 346 2433 et
365 2391 593 2446 eloquentia
611 2394 721 2432 omni
750 2408 930 2444 cassum,
961 2393 1085 2447 ipsius
1114 2393 1272 2433 infimae
1299 2400 1339 2432 et
1365 2393 1517 2442 ferreae
1534 2389 1742 2431 Graecita-

307 2447 358 2484 tis
388 2447 563 2494 dedecus,
580 2478 590 2492 ,
622 2456 748 2488 aetate
770 2456 956 2502 argentea
983 2450 1051 2502 (sic
1079 2450 1187 2488 enim
1213 2449 1510 2488 Antoninorum
1536 2443 1744 2497 aequalem

309 2502 525 2553 appellant)
543 2503 709 2556 dignum
729 2505 961 2543 existimem.
1022 2504 1155 2554 Quem
1171 2518 1245 2543 nos
1263 2503 1458 2543 habemus
1472 2498 1741 2552 Polyaenum,

311 2569 357 2594 cx
384 2557 468 2594 cius
496 2560 789 2598 commentariis
819 2574 911 2608 eum
938 2561 1077 2598 insutis
1105 2561 1185 2601 suis
1205 2557 1438 2605 commentis
1456 2568 1586 2607 nugax
1604 2553 1746 2606 aliquis

311 2610 530 2649 Graeculus
559 2615 866 2657 consarcinavit.
923 2615 971 2653 In
1001 2613 1237 2667 Thucydide
1264 2612 1402 2652 videor
1429 2609 1527 2648 mihi
1547 2609 1745 2662 significa-

311 2670 398 2725 tum
424 2665 594 2704 eundem
620 2668 802 2708 vocabuli
834 2669 952 2708 huius
982 2668 1313 2722 deprehendisse,
1343 2664 1523 2705 scil-111.
1548 2663 1636 2716 14:
1681 2661 1743 2721 ptr}

313 2720 501 2779 ῃρωχσθε
531 2715 639 2782 ἡμᾶς
667 2719 773 2762 ἴδιον
799 2723 875 2774 μὲν
902 2720 975 2772 τὸν
1021 2722 1210 2772 κίνδυνον
1243 2721 1327 2769 ταῖν
1366 2715 1570 2772 σωμάτων
1610 2732 1750 2777 παρα-ι
