1884 3132
343 160 455 216 838
653 180 726 221 10.
769 178 876 220 1AC.
920 181 1120 222 Rsslsxn
1148 171 1542 228 COMMENTARH.

341 297 419 323 nae
453 281 636 337 publicae
665 284 999 335 asservabantur,
1042 299 1122 324 non
1151 285 1333 325 dixerim.
1390 281 1504 341 *[Τά
1531 282 1724 336 μάγγανα
1765 278 1796 338 ἢ

341 335 364 377 ὃ
394 339 482 385 νέος
510 333 616 385 οἶκος
652 339 784 378 Basilii
813 341 1068 393 Imperatoris
1100 355 1216 393 opus.
1280 341 1378 380 Vita
1419 342 1505 380 eius
1543 354 1633 393 cap.
1678 339 1792 394 60.]*

342 394 464 444 Quod
494 394 562 432 ille
589 394 736 434 dicitur
762 409 810 434 eo
838 396 1006 435 consilio
1036 398 1248 447 struxisse,
1285 403 1331 434 ut
1359 396 1526 435 haberet
1561 395 1656 434 inde
1684 396 1791 435 redi-

341 456 408 488 tus
453 456 491 488 et
534 460 687 488 sumtus
727 465 798 503 pro
825 452 1035 501 conviviis,
1065 465 1168 504 quae
1196 459 1357 503 recepto
1382 466 1428 491 ex
1457 464 1568 490 more
1597 451 1678 490 suis
1718 465 1791 490 cu-

343 503 510 543 rialibus
546 508 752 544 annuatim
790 508 907 545 certis
934 507 1125 559 statisque
1154 507 1327 559 periodis
1355 507 1473 545 edere
1502 505 1688 552 debebat,
1718 520 1795 545 no-

343 558 429 599 lens
458 559 664 612 publicum
694 561 830 599 fiscum
880 575 903 601 e
938 562 1100 606 tributis
1135 561 1388 600 subditorum
1408 560 1621 600 conflatum
1645 561 1686 600 in
1703 574 1797 600 suos

344 616 525 669 privatos
560 623 599 654 et
628 631 765 654 corum
811 630 906 655 usus
935 630 1196 667 consumere,
1238 616 1320 656 τῶν
1355 613 1433 655 ἀνὰ
1471 616 1556 655 πᾶν
1591 612 1681 662 ἔτος
1723 611 1796 654 ὑπ’

347 669 477 708 αὐτοῦ
517 670 769 722 κεκλημένων
789 700 800 720 ,
842 686 937 727 quos
971 673 1173 711 annuatim
1205 672 1266 710 ad
1289 686 1422 710 sacras
1446 671 1582 726 epulas
1606 680 1795 719 vocat-et,-

346 725 432 764 vid.
464 726 588 764 Goar.
631 726 682 764 ad
715 726 861 766 Codin.
892 741 933 780 p.
970 723 1059 766 11'6.
1090 741 1133 766 n.
1176 728 1238 768 15.
1273 734 1311 766 et
1338 727 1389 765 ad
1421 726 1591 766 Cedren.
1622 740 1664 778 p.
1695 724 1794 765 618.

347 781 400 819 D.
433 780 608 819 Bandur.
636 795 676 834 p.
706 781 800 821 606.
860 782 970 833 Quid
1009 784 1041 821 si
1081 796 1178 821 vero
1215 777 1265 820 τὰ
1294 778 1488 833 μάγγανα
1515 781 1662 820 fuerint.
1703 779 1795 819 talis

349 836 492 874 domus
536 837 574 874 in
611 843 728 889 portu
771 838 1018 891 Byzantion,
1062 837 1193 891 qualis
1221 843 1280 875 est
1325 851 1362 875 e.
1419 851 1455 875 c.
1505 834 1798 875 Amstelodami

348 892 421 931 das
451 891 863 941 Admiralitactsham,
893 892 965 932 ubi
984 893 1187 943 rudentes,
1214 891 1412 931 anchorae
1431 921 1443 942 ,
1474 891 1644 941 ferrum,
1663 890 1797 944 plum-

350 946 472 994 bum,
509 948 590 1000 pix,
619 947 780 995 trabes,
810 954 1012 987 tormenta
1043 947 1189 987 bellica
1218 954 1296 986 etc.
1319 960 1581 1001 quaecunque
1599 946 1799 985 instruen-

350 1001 425 1040 dae
454 1004 545 1041 navi
577 1009 615 1040 et
644 1002 758 1041 classi
788 1003 959 1051 iaciunt,
991 1002 1101 1042 velut
1131 1004 1169 1042 in
1200 1002 1395 1055 apotheca
1433 1003 1564 1040 iacent
1603 1008 1644 1040 et
1671 1014 1799 1040 asser·

351 1063 500 1095 vantur
523 1072 534 1107 3
568 1056 767 1109 simulque
796 1058 942 1096 suerint
969 1058 1187 1106 telonium,
1222 1058 1293 1095 ubi
1322 1058 1570 1110 recipiuntur
1596 1057 1797 1109 portoria,

350 1111 559 1165 vectigalia
606 1114 799 1150 mercium
845 1113 1154 1166 ingredientium
1193 1119 1232 1151 et
1274 1110 1520 1151 exeuntium.
1595 1111 1805 1150 Curatores

353 1181 449 1206 sane
476 1166 570 1205 olim
602 1167 841 1206 dicebantur
868 1176 1090 1221 receptores
1111 1167 1405 1222 portoriorum,
1438 1173 1479 1205 et
1506 1165 1585 1205 tale
1603 1164 1797 1212 tribunal,

351 1221 393 1260 in
421 1236 500 1275 quo
534 1222 744 1275 vectigalia
770 1223 1090 1277 recipiebantur,
1117 1223 1304 1263 audiebat
1330 1223 1561 1270 cut-acoria‚·
1586 1220 1672 1260 vid.
1706 1222 1802 1259 Mu-

352 1283 431 1315 rat.
464 1277 514 1315 T.
545 1278 597 1315 ll.
631 1278 729 1316 Ant.
765 1277 855 1317 ltal.
882 1294 921 1332 p.
953 1277 1021 1318 28.

464 1332 511 1370 C.
549 1346 611 1370 ιι.
643 1331 754 1386 [7ι5,
783 1332 861 1386 12.]
905 1330 1186 1387 ὄῳφικιὰλιοε.
1243 1332 1423 1386 Apparet
1453 1331 1566 1383 hinc,
1594 1330 1702 1370 unde
1717 1343 1805 1370 ma-

353 1387 507 1425 naverit
538 1401 624 1426 mos
663 1389 916 1439 magistratus
955 1389 1144 1428 militares
1170 1385 1357 1439 officiales
1383 1401 1566 1426 sermone
1607 1386 1807 1425 Francico

354 1441 597 1495 appellandi.
665 1442 866 1482 officiales
907 1451 1024 1493 sunt,
1077 1445 1147 1497 qui
1185 1444 1292 1495 apud
1330 1443 1550 1497 principem
1586 1441 1652 1480 vel
1680 1440 1805 1480 alium

355 1497 530 1549 aliquem
560 1498 751 1536 maiorem
780 1500 1054 1551 magistratum
1083 1500 1123 1538 in
1152 1498 1283 1537 officio
1312 1505 1431 1548 sunt,
1471 1497 1512 1537 id
1550 1503 1610 1535 est
1648 1497 1691 1535 in
1727 1496 1804 1535 ob-

356 1553 519 1604 sequi0‚
549 1552 780 1602 domestici,
811 1555 1081 1606 apparitores,
1111 1555 1180 1607 qui
1210 1560 1438 1607 exspectant
1466 1551 1700 1591 mandatum
1720 1552 1809 1589 eius

357 1605 495 1659 aliquo
536 1608 681 1658 eundi,
724 1608 875 1662 aliquid
912 1610 1164 1663 exsequendi.
1222 1610 1274 1647 Hi
1303 1622 1458 1662 semper
1489 1608 1632 1646 armati
1659 1613 1808 1656 erant,

355 1669 402 1699 ut
429 1676 567 1714 cogere
604 1671 765 1716 possent
793 1679 885 1713 eos,
928 1666 998 1718 qui
1023 1665 1126 1704 sorte
1153 1664 1352 1702 mandatis
1381 1663 1574 1716 principis
1601 1662 1808 1700 adversari

355 1716 563 1756 auderent.
632 1717 763 1758 Gloss.
803 1721 875 1758 Gr.
911 1721 1030 1759 Lat.:
1073 1717 1304 1771 ταξειότης,
1332 1720 1561 1773 apparitor,
1601 1715 1808 1769 offi'cz'alis3

356 1779 396 1809 et
433 1772 498 1810 Du
540 1774 674 1826 Cange
712 1774 757 1812 h.
791 1788 832 1813 v.
875 1783 914 1815 et
953 1789 1056 1829 quae
1095 1774 1218 1813 modo
1256 1774 1308 1813 de
1345 1773 1582 1826 domesticis,
1617 1772 1810 1821 diximus;

359 1827 457 1866 item
486 1842 526 1881 p.
559 1829 653 1878 415.
674 1829 720 1871 C.
1468 1854 1473 1858 -

472 1883 572 1932 415.
606 1885 653 1922 B.
684 1898 725 1938 9.
761 1884 873 1939 [716‚
902 1884 983 1939 ¹2.]
1011 1880 1284 1938 ἧμεριάρχαι.
1340 1885 1405 1924 Ita
1422 1883 1695 1926 membranae.
1730 1881 1810 1920 Sed

358 1938 497 1990 procul
526 1938 651 1978 dubio
679 1939 761 1993 leg.x
801 1937 837 1978 οἱ
867 1938 1122 1992 μεριιὶρχαι,
1168 1940 1227 1978 vel
1257 1941 1391 1994 potius
1429 1940 1584 1978 abiecto
1623 1936 1808 1976 articulo.

356 1994 463 2033 Sunt
495 2001 626 2032 autem
658 1990 915 2047 μεριάρχαι,
943 1993 1157 2048 μεριὶρχαι
1185 2003 1224 2033 et
1250 1991 1487 2047 μοιράρχαι
1507 1994 1644 2046 iidem.
1686 1992 1809 2044 Quod

358 2057 490 2087 turma
522 2049 560 2086 in
591 2050 808 2101 equitibuS,
837 2050 943 2089 idem
965 2051 1046 2090 fere
1070 2053 1110 2089 in
1143 2050 1394 2104 pedestribus
1435 2056 1521 2088 erat
1558 2050 1688 2100 μοῖρα
1743 2045 1811 2086 vet

356 2101 471 2156 μόρα
487 2134 498 2153 ,
527 2106 763 2158 manipulus.

469 2159 512 2196 B.
550 2173 590 2212 9.
621 2159 842 2213 [716,12.]
887 2157 1017 2212 κόμης
1058 2159 1133 2212 τῆς
1169 2156 1335 2213 κόρτης.
1413 2157 1597 2198 Habebat
1639 2157 1813 2211 quisque

360 2219 557 2267 strategus
598 2229 712 2253 suam
753 2217 883 2254 cortin
913 2215 976 2254 vel
1004 2217 1248 2268 praetorium
1267 2247 1276 2261 ,
1309 2216 1393 2253 sive
1421 2215 1461 2253 in
1491 2213 1645 2253 stativis
1671 2219 1711 2251 et
1737 2226 1809 2251 ur-

359 2267 506 2318 bibus,
537 2269 730 2320 domum,
758 2272 841 2309 sive
882 2271 921 2309 in
960 2273 1119 2321 castris,
1174 2273 1411 2309 tentorium.
1470 2268 1625 2308 Uhiuhi
1676 2273 1814 2321 ageret

360 2330 580 2376 strategus,
623 2326 676 2363 ibi
712 2332 796 2364 erat
823 2326 905 2365 eius
933 2328 1069 2365 cortis.
1127 2326 1243 2364 Hane
1273 2339 1440 2379 parare,
1472 2323 1711 2370 conducere,
1742 2323 1809 2360 in-

361 2385 515 2417 struere
541 2379 811 2432 suppellectile
852 2382 1092 2429 necessaria,
1136 2383 1167 2420 si
1206 2381 1248 2419 in
1289 2380 1390 2419 urbe
1416 2387 1544 2426 esset,
1587 2378 1710 2430 erigi,
1741 2390 1810 2414 Μ’

360 2432 480 2480 velli,
510 2437 773 2488 transportari
805 2437 1044 2486 tentorium,
1076 2437 1108 2475 si
1141 2438 1180 2474 in
1211 2436 1360 2484 castris,
1391 2448 1559 2484 curare,
1588 2430 1813 2486 pertinebat

362 2487 412 2526 ad
448 2490 633 2528 comitem
674 2491 793 2529 cortis
834 2492 1008 2544 strategi.
1085 2491 1361 2530 Chartularius
1395 2490 1585 2528 thematis
1631 2486 1821 2526 nationes>-

362 2542 564 2581 redituum
594 2559 691 2583 suae
719 2545 889 2597 legionis
914 2554 954 2585 et
981 2560 1239 2599 expensarum
1270 2545 1504 2584 conficiebat
1542 2549 1581 2581 et
1618 2540 1804 2590 curabat,

362 2603 409 2634 ut
443 2601 683 2639 necessariae
721 2603 870 2653 species
908 2604 1151 2640 annonariae
1175 2609 1330 2654 praesto
1358 2606 1501 2639 essent.
1559 2597 1814 2641 Domesticus

362 2650 549 2692 thematis
575 2655 734 2694 videtur
762 2657 881 2695 fuisse
908 2656 1059 2710 legatus
1079 2659 1238 2710 strategi
1269 2656 1478 2703 thematis,
1509 2652 1577 2704 qui
1620 2653 1812 2690 commis-

365 2705 496 2745 siones
539 2711 622 2749 eius
659 2719 939 2765 exsequeretur
979 2719 1017 2750 et
1046 2713 1174 2750 vicem
1203 2711 1375 2750 absentis
1402 2713 1566 2761 gereret.
1621 2707 1813 2759 Drunga·

363 2759 516 2800 riorum
551 2763 775 2806 bandorum
814 2774 851 2806 et
891 2769 1081 2807 comitum
1117 2767 1346 2806 bandorum
1385 2761 1607 2802 differentia
1642 2775 1722 2801 non
1760 2760 1813 2801 li-
