1884 3132
0 2365 5 2378 -
0 2265 18 2358 *afr-¹³&
0 2123 15 2258 ..owe-*v
0 1836 17 2117 nr*«u=,=⁷-·.-=··.t-³-·=-=ss
0 1802 10 1829 Ἴ
0 1758 13 1796 n·-
0 1622 13 1750 -WJ-n·
0 1534 13 1605 *rw*
2 1506 3 1510 „

324 160 398 201 An
435 157 775 200 APPENmCEM
813 158 912 198 Lus.
967 158 1000 196 1.
1058 155 1131 196 DE
1168 154 1430 198 cnumcri.
1515 136 1626 192 503

171 266 278 305 hanc
297 279 382 304 rem
405 262 633 303 suffecturis
648 277 670 301 e
683 275 726 301 re
743 261 898 314 privata
910 259 1151 299 dedicatiset
1172 260 1394 301 destinatis.
1418 259 1531 299 Idem
1557 274 1622 299 au-

170 328 260 360 ctor
286 320 502 368 ξυλέλαιον
524 317 645 356 hahet
681 332 723 370 p.
757 315 847 369 ι69.
859 344 871 364 ,
909 316 1168 370 εῑίρεηᾱίιιιη,
1190 316 1293 354 unde
1307 317 1417 368 ligna
1437 325 1478 354 ec
1497 315 1630 354 oleum.

173 383 372 422 curantur,
398 381 438 412 et
466 387 508 426 p.
531 373 628 412 2ι5.
658 361 988 423 ἀριστόδειπνον,
1004 371 1223 425 prandium
1250 381 1286 410 et
1305 385 1439 409 coena.
1498 370 1624 424 Apud

170 431 239 469 Du
250 430 382 483 Gange
402 427 524 467 habes
551 425 806 479 ἅρχιτέλεια,
832 425 985 464 i'nzciwn
1010 435 1049 464 et
1067 426 1190 481 finis,
1215 422 1508 477 βουκάκρατον,
1533 426 1623 464 buc-

170 499 235 537 ca,
292 485 333 524 id
360 489 420 523 est
441 482 597 522 bucella
630 483 767 548 panis,
798 489 836 518 et
875 493 1024 519 merum
1064 495 1131 520 seu
1162 482 1302 519 vinum
1322 476 1624 533 ,ἅνδρειαζω-

173 539 287 591 διον,
316 539 358 578 id
385 545 444 578 est
471 534 650 589 ἀνδριάς
677 534 750 575 καί
772 531 951 586 ζωὸῗον,
989 545 1142 586 statua,
1171 536 1324 589 sculpta
1352 544 1422 574 aut
1450 550 1540 575 aere
1558 536 1623 575 su-

169 609 243 646 sa,
271 603 311 634 et
340 595 451 649 picta
480 594 641 644 imago,
681 605 800 654 quam
833 602 974 629 vocem
1004 591 1071 629 Du
1099 591 1232 644 Gange
1271 606 1310 630 v.
1341 589 1507 630 Ζωδιον
1535 591 1620 630 fru-

168 657 251 689 stra
300 649 512 700 sollicitat,
537 642 887 709 ἦπατοπνεύμων,
918 647 1025 684 iecur
1054 655 1091 684 et
1107 648 1342 701 pulmones,
1373 642 1620 709 καρπὸχειρ,

166 718 311 759 carpus
339 713 378 742 ee
410 717 574 753 manus,
609 699 878 752 λαοὸότυρος,
919 701 1077 739 lardum
1101 711 1140 740 et
1181 716 1338 749 caseus,
1364 695 1619 752 ξυλάχυρον,

165 761 278 813 ligna
302 767 341 798 et
339 759 524 826 paleae,
561 734 956 807 σαββατοκυριακὴ,
987 757 1188 796 sabbatum
1224 766 1262 796 et
1291 757 1514 806 ιίοηιίηιετι,
1543 771 1622 795 σα-

170 813 405 867 γμοσελίον,
422 814 523 852 sella
542 814 686 867 equina
706 825 794 849 cum
813 811 1003 862 stragula,
1027 807 1275 875 σιτόκριθον,
1282 813 1500 866 praestatio
1514 813 1619 863 fiec-

169 871 293 909 menli
319 867 396 920 (vel
439 868 567 919 farris)
600 876 638 906 et
662 865 822 911 hordei,
854 862 1190 927 σκαφοκάραβος,
1218 869 1333 906 navis
1365 881 1450 905 cum
1476 868 1621 905 admn-

167 933 227 964 clo
254 924 404 971 lembo,
447 916 884 984 τετραδοπαρασκευή,
910 931 1051 975 quarta
1070 931 1107 959 et
1127 931 1243 961 sexta
1264 924 1403 973 firm,
1430 934 1622 975 ‹payono-

168 976 271 1027 τίον,
301 979 406 1017 cibus
434 986 473 1016 et
495 987 639 1043 poem,
670 973 1007 1040 ’g'votpohy'xvssffoq
1026 977 1133 1029 apud
1152 977 1413 1031 Hesjchium,
1441 978 1619 1031 ampulla

168 1035 247 1075 olei
268 1048 355 1073 cum
374 1034 553 1086 strigile,
586 1028 877 1083 ἄρτολάγυιος,
903 1033 1023 1085 panis
1039 1041 1076 1070 ec
1104 1033 1262 1084 lagena,
1299 1034 1340 1071 in
1370 1032 1621 1086 Anthologia

168 1103 210 1143 p.
237 1088 326 1128 180.
352 1103 396 1127 n.
427 1086 523 1142 447.
598 1084 722 1139 Apud
750 1084 944 1125 Nostrum
982 1087 1186 1126 uberrima
1227 1102 1337 1142 seges
1376 1086 1544 1138 talium,
1554 1063 1619 1126 out

169 1138 493 1195 σελλοχάλινον,
522 1142 620 1181 sella
643 1142 785 1195 equina
814 1150 852 1180 et
866 1142 1038 1194 frenum
1065 1157 1106 1196 Ρ.
1128 1141 1196 1194 48.
1220 1143 1276 1182 D.
1296 1157 1337 1182 2.
1364 1172 1379 1194 ,
1404 1142 1618 1193 βεστιομι-

168 1197 371 1252 λιαρήσια
383 1212 442 1263 ...p’
464 1196 559 1251 289.
586 1197 640 1235 D.
673 1196 715 1235 6.

278 1253 341 1292 A.
360 1253 423 1291 13.
439 1251 552 1307 [462,
581 1250 661 1304 15,]
685 1247 838 1301 §ammi
862 1250 1037 1301 α’μάλια.
1062 1252 1224 1303 Rasum,
1244 1247 1389 1304 ῥάσον,
1419 1259 1477 1291 est
1489 1253 1617 1291 Grae-

168 1309 225 1347 cis
253 1309 368 1347 novis
384 1306 564 1346 ciassifili
598 1313 638 1345 et
666 1305 846 1345 vilissimi
882 1309 1035 1359 generis
1062 1321 1242 1360 pannus,
1271 1307 1389 1359 quale
1416 1321 1541 1374 quum
1571 1322 1617 1346 ex

169 1364 352 1402 instituto
382 1363 487 1401 vitae
514 1368 666 1415 gestent
697 1360 883 1399 monachi
916 1362 1088 1411 Graeci,
1139 1361 1392 1415 appellantur
1427 1360 1618 1415 ῥασοφο-

170 1418 354 1470 ροῦντες.
411 1417 552 1455 Rasica
579 1417 703 1468 igitur
730 1416 873 1454 amalia
902 1424 1020 1456 eiunt
1049 1416 1194 1456 amalia
1222 1431 1358 1470 panno
1386 1430 1518 1456 crasso
1556 1417 1616 1455 fa-

170 1479 250 1511 cta.
307 1472 387 1511 Sed
414 1471 513 1524 quid
541 1478 634 1510 sunt
661 1467 852 1520 andita?
880 1471 948 1509 Du
970 1472 1107 1525 Gange
1123 1486 1263 1510 vocem
1291 1471 1396 1510 hanc
1424 1486 1446 1511 e
1466 1471 1611 1524 Script.

167 1535 257 1581 post
281 1527 424 1579 Theop
427 1527 523 1564 han.
553 1525 720 1564 afferens
749 1525 789 1562 in
810 1525 876 1564 Gl.
901 1526 974 1564 Gr.
1005 1527 1161 1565 deiivat
1186 1526 1238 1565 ab
1265 1523 1442 1578 οἶμαλὸς,
1470 1536 1580 1565 tener
1600 1556 1612 1574 ,

168 1581 280 1635 quod
302 1581 346 1621 id
375 1595 499 1635 genus
526 1580 598 1620 lini
623 1582 869 1619 tenen-iorum
897 1588 938 1620 et
959 1580 1235 1621 delicatiorum
1277 1589 1392 1621 esset.
1459 1581 1616 1620 Verum

167 1644 327 1691 praeter
353 1637 396 1675 id
437 1635 546 1690 quod
591 1629 754 1685 ἆμαλὸς
796 1643 836 1675 et
863 1632 1023 1683 ἁπαλὸς
1051 1637 1101 1676 de
1128 1637 1317 1687 homine,
1345 1632 1532 1700 μαλακὸς
1563 1637 1615 1675 de

169 1706 304 1746 panno
332 1692 506 1741 dicitur,
535 1691 655 1729 etiam
684 1691 898 1730 consistere
939 1699 1144 1745 nequeunt
1169 1688 1325 1745 ῥασικά
1355 1699 1395 1730 et
1423 1684 1611 1741 ἆμαλια,

169 1749 201 1786 si
242 1747 341 1787 haec
381 1749 564 1786 tenuiora
578 1776 590 1794 ‚
637 1745 868 1785 delicatiora
914 1745 1036 1786 lintea
1073 1754 1193 1796 sunt,
1240 1747 1307 1786 illa
1344 1760 1482 1810 grosso
1509 1746 1614 1786 duro

167 1817 303 1855 panno
330 1801 444 1840 facta.
515 1802 637 1839 Venit
668 1801 788 1853 igitur
826 1803 868 1840 in
897 1809 1072 1841 mentem
1102 1802 1201 1841 mihi
1229 1802 1387 1856 gemina
1414 1803 1613 1854 interpre-

169 1857 280 1895 tandi
306 1857 411 1896 hanc
456 1870 596 1896 vocem
624 1857 740 1895 ratio.
810 1856 996 1920 Utraque
1022 1872 1046 1896 a
1074 1853 1234 1908 μαλλὸς
1265 1857 1440 1904 derivat,
1470 1871 1614 1896 verum

170 1911 423 1965 discrepant
413 1925 454 1949 in
486 1911 619 1950 littera
634 1905 824 1950 initiali’
798 1926 842 1959 α,
871 1926 974 1964 quae
990 1920 1060 1951 aut
1087 1913 1322 1966 negationis,
1354 1919 1427 1950 aut
1448 1912 1613 1952 unitatis

169 1966 286 2004 index
315 1980 398 2005 esse
425 1973 567 2018 potest.
591 1960 781 2017 νΛμαλον
808 1974 938 2020 potest
966 1982 1040 2020 Ριο
1070 1983 1147 2007 non
1158 1967 1349 2023 floccoso‚
1382 1966 1611 2018 defloccato‚

170 2020 326 2074 glabro,
354 2027 394 2059 et
421 2023 516 2059 item
543 2035 617 2072 pro
632 2019 845 2072 μονόμαλλ
849 2035 910 2071 ον,
929 2037 982 2062 ex
1014 2038 1093 2062 una
1123 2032 1273 2062 tantum
1291 2031 1422 2077 parte
1427 2021 1611 2071 floccoso,

168 2077 342 2130 positum
373 2089 469 2114 esse.
527 2076 628 2114 Nam
654 2083 808 2115 veteres
834 2077 906 2116 etsi
933 2077 1084 2117 litteras
1110 2080 1307 2131 scriptura
1334 2077 1610 2140 duplicarent,

169 2138 303 2170 tamen
342 2137 388 2168 ut
427 2131 622 2183 simplices
661 2130 890 2170 effen-‚ebant
967 2133 1031 2171 Sic
1062 2134 1244 2187 quamvis
1280 2130 1435 2183 μαλλός
1463 2131 1612 2170 scribe-

170 2193 295 2235 rent,
323 2193 457 2224 tamen
493 2192 540 2224 ut
577 2182 711 2235 μαλὸς
749 2188 1074 2238 pronuntiabant.
1131 2189 1238 2228 Hinc
1266 2200 1425 2241 quoque
1463 2187 1612 2238 passim

170 2254 255 2280 uno
283 2247 440 2278 tantum
468 2240 486 2277 l
518 2246 602 2278 tam
630 2241 736 2292 apud
762 2241 948 2289 Gr‚aecos
979 2257 1101 2296 quam
1128 2244 1292 2281 Latinos
1321 2242 1468 2293 scripta
1496 2253 1612 2303 repe-

171 2297 276 2334 ritur
302 2295 400 2334 haee
428 2308 520 2334 vox.
551 2294 660 2333 Infia
675 2296 781 2347 apud
801 2297 1043 2349 Nostrump.
1064 2297 1161 2351 269.
1181 2296 1236 2335 A.
1256 2309 1291 2334 1.
1326 2301 1451 2335 exstat
1476 2291 1613 2344 μαλὸς

171 2364 246 2403 pro
273 2346 433 2399 μαλλὸς
469 2364 491 2388 e
533 2349 613 2388 fide
654 2350 977 2390 membranarum
1003 2359 1042 2390 et
1080 2366 1123 2404 p.
1158 2365 1253 2404 270.
1274 2351 1330 2388 D.
1369 2350 1410 2388 3.
1439 2350 1611 2398 zcvqua-

172 2400 373 2457 λωτάρια.
446 2403 569 2457 Apud
609 2404 847 2456 Gregorium
889 2407 946 2446 M.
973 2406 1100 2458 Epist.
1125 2406 1177 2448 X.
1207 2404 1274 2445 50.
1305 2405 1424 2445 etiam
1454 2405 1617 2457 amphi-

171 2460 318 2498 malum
345 2459 497 2498 editum
525 2459 823 2498 suit.Pa1·1ter
851 2460 958 2514 apud
989 2459 1178 2498 Malalam
1207 2459 1260 2497 T.
1290 2459 1345 2497 ΙΙ.
1375 2456 1517 2511 Ρ.98.
1533 2457 1611 2497 sal-

172 2520 321 2553 tatores
349 2514 538 2552 dicuntur
570 2509 750 2563 ἔμμαλοι
770 2542 782 2563 ,
823 2514 866 2552 id
904 2521 962 2553 est
987 2509 1226 2563 σύμμαλλοι
1270 2512 1334 2552 vel
1379 2505 1610 2563 ευμαλλοι,

174 2582 260 2606 cum
282 2570 439 2618 malles,
470 2570 512 2607 id
544 2576 602 2607 est
648 2568 841 2607 cincinnis
868 2570 1053 2617 venusti,
1082 2567 1250 2621 pulchie
1278 2568 1438 2614 cirrati,
1467 2566 1612 2606 mallo-

175 2622 294 2661 nibus
335 2625 506 2662 minium
549 2625 728 2676 crispatis
765 2623 815 2661 ad
848 2637 963 2661 ames
1001 2598 1096 2661 scite
1124 2622 1439 2675 dependentibus
1464 2629 1504 2661 et
1530 2636 1608 2661 un-

178 2675 363 2716 dantibus
402 2680 651 2742 conspicuis,
699 2678 806 2716 unde
843 2691 1002 2739 quoque
1029 2677 1156 2716 data
1146 2678 1240 2730 ipsis
1266 2678 1429 2718 nomina
1455 2673 1608 2729 Καρά-

177 2732 333 2779 anssec
361 2734 446 2786 (pro
484 2730 793 2788 Χαράμαλλος,
834 2727 1170 2785 Χαριτὸμαλλος)
1217 2739 1256 2772 et
1282 2729 1604 2786 Χρυσόμαλλος.
