1832 3126
146 207 220 252 An
260 203 556 250 cons'rm.
595 201 792 244 Pomm.
831 200 903 241 DE
941 196 1125 240 cmm.
1166 197 1268 251 ms.
1310 197 1346 237 1.
1390 173 1502 251 ¹59

175 310 231 350 D.
255 325 295 365 7.
317 307 408 363 [62‚
433 305 498 362 2.]
531 305 613 346 Pro
640 298 691 344 ἂν
716 303 839 343 habet
865 300 987 340 codex
1014 299 1065 341 εἴ.

123 365 193 408 38.
214 366 260 404 Β.
290 377 326 404 1.
347 362 434 418 [62,
456 361 537 415 15.]
575 359 622 400 ἐν
649 357 728 410 μὲν
756 358 810 411 τῇ
834 355 950 411 δεξιᾷ
975 352 1050 408 τὴν
1077 349 1360 404 ἀνεξικακίαν,
1386 352 1432 393 ἐν
1452 350 1502 393 δὲ

69 421 124 473 τῆ
149 418 349 474 ἄριστερᾶ
376 415 591 470 σκηπίωνα
618 411 875 463 ἐπικείμενον
898 410 955 466 τῷ
973 404 1074 465 ὤμῳ
1100 407 1247 450 αὐτοῦ.
1280 409 1376 448 Vid.
1397 421 1501 462 quae

67 462 122 516 aii
146 490 188 530 p.
216 458 399 515 532.‘A.
424 472 466 512 6.
495 471 549 511 A.
579 469 697 519 dico,
737 474 777 507 et
803 467 1019 520 imaginem
1048 465 1245 504 Manuelis
1272 463 1501 517 Palaeologi

67 531 176 584 apud
207 530 276 569 Du
307 527 442 582 Gange
480 527 522 565 in
554 522 701 563 Famjl.
746 523 911 576 Byzant.
947 535 1038 574 pag.
1073 521 1167 560 233.
1207 527 1246 558 et
1267 519 1361 571 242.
1385 527 1424 559 et
1455 521 1500 560 in

70 587 229 626 dissert.
251 583 303 623 de
316 583 448 622 numis
467 582 499 621 B
527 580 674 620 zantin.
694 583 784 630 post
803 576 981 616 Glossar.
1003 576 1135 615 Latin.
1165 575 1231 628 fig.
1249 576 1324 614 Vl.
1345 582 1384 614 et
1402 574 1498 615 vn.

178 640 227 680 Β.
247 653 287 694 7.
311 637 395 693 [62‚
427 595 527 689 :imi⁷
554 626 924 687 πρωτοσπαθάριοι
952 627 1171 683 βαρβάτοι.
1225 630 1418 681 Barbati,
1458 629 1502 670 id

67 702 127 736 est
155 709 235 735 non
261 693 434 733 castrati.
490 690 597 731 Nam
626 695 666 728 et
692 686 970 727 eunuchorum
998 685 1101 726 bene
1127 684 1244 724 multi
1272 693 1386 724 erant
1403 699 1500 740 pro-

66 749 316 806 tospatharii.

178 806 224 844 B.
247 818 288 859 9.
313 801 397 858 [62‚
416 799 504 855 23.]
545 797 574 852 ἥ
601 794 765 844 ἐκθεσις
809 803 885 835 etc.
944 794 1054 846 Quid
1087 795 1280 849 significet
1316 794 1382 835 hic
1420 794 1500 834 loci

67 855 252 909 ἕκθεσις,
279 872 362 897 non
387 857 491 897 bene
516 855 628 894 novi.
684 851 953 892 probabiliter
980 859 1114 890 tamen
1139 851 1313 890 reddidit
1340 851 1392 891 cl.
1415 851 1506 890 Lei-

67 915 181 955 chius
206 929 233 953 a
255 921 434 969 paratus.
490 910 663 951 Videtur
689 921 832 960 nempe
856 913 1070 960 apparatus
1092 905 1335 945 ferculorum
1350 937 1361 953 ‚
1404 918 1502 960 sup-

67 969 224 1024 pellecti
242 969 274 1008 is
298 973 492 1007 aureaeet
517 971 748 1018 argenteae,
774 963 963 1002 vinorum
987 969 1085 1014 etc.‚
1113 976 1217 1015 quae
1236 963 1416 1001 convivis
1437 975 1502 1016 ap-

67 1025 163 1080 poni
185 1023 407 1070 debebant,
437 1020 598 1075 publico
628 1018 831 1072 adspectui
854 1017 1050 1070 expositus
1075 1017 1288 1070 designari.
1346 1018 1503 1056 Occur-

69 1081 124 1120 rit
146 1078 246 1119 haec
269 1091 347 1118 vox
375 1077 596 1131 significatu
622 1073 952 1123 subobscuriore,
986 1072 1055 1112 sed
1081 1072 1230 1123 simili,
1259 1072 1368 1127 apud
1393 1073 1503 1112 Scri-

69 1142 176 1190 ptor.
207 1139 297 1188 post
325 1131 562 1186 Theophan.
593 1144 634 1183 p.
669 1144 757 1183 ¹07·
787 1129 840 1167 D.
872 1135 1006 1180 antep.
1048 1123 1149 1180 ἔργα
1186 1129 1259 1179 τῆς
1283 1126 1504 1181 βασιλικῆς

69 1187 296 1238 ἐκθέσεως,
338 1187 409 1227 ubi
436 1188 608 1227 vertitur
646 1185 777 1238 regiae
803 1183 1114 1239 magnffioentiae
1153 1184 1331 1237 supellex·
1344 1213 1356 1231 ‚
1398 1183 1506 1224 forte

69 1244 247 1299 mpellex
280 1243 542 1282 ostentationis
574 1239 777 1293 adspectui
807 1239 948 1291 exponi
988 1238 1118 1277 solita.
1178 1237 1253 1278 llla
1293 1245 1399 1278 certe
1428 1251 1505 1278 no-

69 1301 180 1339 tione
211 1297 452 1338 vocabulum
484 1297 561 1336 hoc
594 1294 796 1336 veteribus
823 1293 1174 1347 frequentabatur,
1207 1301 1248 1332 et
1277 1294 1507 1348 saepissime

71 1354 300 1394 Athenaeus
337 1349 502 1392 ἔκθεσιν
531 1350 704 1404 appellat
729 1364 818 1389 eam
851 1349 1099 1396 mensulam,
1142 1348 1508 1403 παρατραπέζιον,

70 1409 307 1449 credentiam
329 1407 611 1461 posterioribus
637 1405 785 1444 dictam
801 1436 813 1453 ‚
865 1404 906 1443 in
929 1418 1009 1457 qua
1037 1404 1190 1458 calyces
1205 1434 1217 1454 ‚
1258 1404 1355 1443 disci
1374 1434 1385 1451 ,
1415 1403 1507 1442 lan-

73 1478 139 1503 ces
153 1493 163 1511 ‚
195 1471 236 1502 et
256 1462 410 1516 reliqua
435 1462 648 1500 triclinaris
674 1460 849 1514 supellex
880 1461 1106 1512 conspectui
1130 1459 1400 1512 exponebatur
1418 1472 1510 1497 con-

73 1514 290 1559 xn‘varumj
333 1517 439 1570 Apte
465 1516 532 1555 ille
560 1531 602 1569 p.
636 1514 725 1566 142.
755 1516 802 1554 B.
837 1529 871 1554 1.
931 1511 1139 1566 ποτηρίων
1179 1514 1342 1552 πολλῶν
1384 1512 1508 1552 ἐκθεῖ-ι

73 1586 163 1619 σεις
189 1579 228 1612 et
255 1570 490 1624 βρωμάτων
530 1569 809 1609 παντοδαπῶν
835 1568 1096 1622 παραθέσεις
1122 1570 1264 1621 iungit.
1325 1568 1436 1606 Idem
1462 1581 1506 1622 p.

79 1642 170 1682 ¹97·
204 1628 253 1666 C.
279 1623 431 1678 κλίνην,
460 1639 647 1675 mensam,
676 1626 858 1663 nominat
884 1619 989 1675 πρὸς
1013 1621 1087 1675 τήν
1122 1623 1204 1661 τῶν
1229 1621 1410 1662 κυλίκων
1438 1619 1514 1662 καὶ

72 1683 296 1734 ποτηρίων,
329 1681 413 1720 τῶν
453 1692 496 1719 τε
533 1679 689 1719 λοιπῶν
725 1677 811 1718 τῶν
849 1676 955 1733 πρὸς
979 1674 1055 1730 τήν
1089 1677 1241 1730 χρῆσιν
1274 1672 1508 1730 ἀνηκόντων

73 1731 476 1786 κατασκευασμάτων
501 1731 680 1786 ἔκθεσιν,
711 1741 752 1774 et
777 1749 819 1788 p.
851 1749 945 1774 212.
979 1733 1030 1772 E.
1062 1733 1219 1771 domum
1254 1730 1511 1784 κεκοσμημέ-

74 1805 152 1844 νην
181 1793 416 1841 στρωμναῖς
449 1803 494 1829 τε
519 1789 592 1829 καί
621 1794 807 1843 γραφαῖς
829 1788 902 1829 καί
927 1787 1122 1841 ἀνδριᾶσι
1151 1786 1224 1826 καί
1253 1782 1511 1839 ἀργυρωμά-

72 1859 155 1886 των
182 1843 346 1884 ἐκθέσει
359 1875 373 1895 ,
410 1853 592 1884 ornatam
616 1845 790 1898 stragtda
816 1853 943 1893 veste,
974 1852 1012 1882 et
1033 1844 1200 1898 picturis
1226 1851 1264 1881 ec
1288 1843 1431 1894 signis,
1472 1851 1512 1882 et

74 1909 259 1953 argentea
283 1900 518 1955 supellectile
543 1900 795 1939 ostensionali
817 1909 1025 1955 speccamm
1054 1899 1249 1952 exposita.
1308 1897 1414 1936 Hinc
1444 1898 1510 1936 in·

76 1955 246 2009 'telligas‚
274 1969 397 2009 quam
419 1954 621 2009 eleganter
647 1955 788 1995 Graeci
807 1955 1050 1994 ἐκτίθεσθαι
1077 1953 1212 1992 dicant
1238 1966 1313 2006 pro
1330 1951 1509 1991 declara-

75 2024 123 2049 re
151 2011 275 2049 animi
302 2011 364 2049 sui
394 2024 508 2049 sensa
524 2040 536 2062 ‚
566 2017 606 2049 et
634 2011 767 2049 Latini
796 2011 946 2064 pariter
973 2022 1196 2063 exponere,
1233 2007 1356 2047 velut·
1373 2006 1507 2059 supel-

55 2064 251 2104 lectilem
269 2066 534 2119 pompaticam
561 2067 605 2104 in
634 2065 742 2105 clara
763 2065 851 2105 luce
879 2072 919 2105 et
946 2070 1158 2116 conspectu
1174 2076 1337 2116 ponere.
1396 2063 1509 2102 Idem

79 2119 309 2159 Athenaeus
330 2134 372 2174 p.
395 2134 440 2159 21
453 2134 488 2160 1.
517 2121 569 2159 Ε.
601 2121 807 2160 dictionem
832 2121 994 2159 alicuius
1008 2149 1020 2170 ‚
1060 2120 1115 2157 ait
1129 2149 1139 2166 ‚
1183 2116 1223 2156 εἰ
1250 2117 1323 2157 καί
1349 2129 1510 2170 μακρο-

76 2174 178 2226 τέρα
202 2173 339 2224 ἐστίν,
366 2170 600 2228 ἐκθήσομαι
617 2206 628 2224 ,
686 2178 841 2216 etiamsi
865 2176 1021 2227 longior
1044 2175 1116 2222 sit,
1148 2182 1277 2211 tamen
1291 2202 1303 2222 ‚
1331 2172 1444 2211 velut
1461 2171 1510 2211 si·

75 2243 225 2283 gnum,
254 2230 298 2268 in
324 2229 451 2269 medio
476 2245 697 2284 exponam,
729 2230 1039 2282 contemplatum
1062 2236 1100 2267 et
1118 2228 1350 2268 iudicatum.
1407 2226 1504 2266 Vid.

73 2285 133 2323 ad
143 2299 185 2336 p.
204 2283 300 2338 429.
315 2284 361 2322 C.
371 2284 410 2326 6.
420 2285 600 2324 dicenda.
630 2287 692 2325 De
703 2286 780 2325 alia
795 2285 1078 2339 significatione
1095 2283 1206 2322 vocis
1223 2278 1397 2332 ἔκθεσις,
1427 2295 1509 2334 qua

75 2339 275 2392 significat
311 2339 461 2378 tabulas
486 2354 616 2379 census·
636 2342 792 2395 public-e
811 2341 1034 2396 propositas
1047 2368 1058 2388 ‚
1100 2345 1140 2377 et
1166 2351 1268 2392 quae
1293 2351 1339 2376 ex
1367 2337 1508 2378 eodem

77 2393 191 2433 fonte
218 2394 420 2442 manavit,
451 2395 581 2434 dicam
605 2397 655 2434 ad
677 2397 904 2435 Taxidium.

127 2467 131 2470 ·
189 2447 235 2487 C.
265 2462 326 2488 10.
348 2449 436 2503 [65‚
459 2449 523 2503 9.]
555 2446 607 2488 τὰ
634 2450 852 2503 γραὸηλια.
905 2448 1150 2489 Exciderunt
1175 2452 1266 2499 post
1289 2445 1387 2485 haec
1413 2459 1506 2486 ver-

76 2503 136 2542 ‘ba
161 2503 359 2556 quaedam
383 2506 524 2557 procul
548 2508 657 2544 omni
679 2506 824 2556 dubio,
856 2505 1038 2558 quamvis
1066 2502 1187 2541 codex
1211 2503 1506 2554 manuscriptus

78 2557 197 2610 plura
213 2589 224 2607 ‚
251 2573 371 2612 quam
389 2560 532 2607 editus,
561 2574 641 2599 non
662 2560 823 2599 habeat.
878 2559 1123 2598 Exciderunt
1141 2563 1274 2596 autem
1293 2555 1405 2595 haee:
1430 2556 1506 2608 τῆς

78 2611 221 2660 δεξιᾶς
253 2609 407 2666 πύλης,
444 2610 484 2654 οἱ
509 2614 555 2653 δὲ
581 2614 626 2664 ἐξ
650 2611 875 2665 εὐωνύμων
905 2613 1175 2663 κατέρχονται
1201 2606 1252 2651 τὰ
1287 2609 1506 2662 γραδήλια.

78 2666 219 2706 -Facile
239 2671 370 2720 potuit
388 2668 573 2709 librarius
588 2684 711 2709 unam
731 2670 877 2708 lineam
905 2666 1220 2722 praetervidere‚
1250 2666 1388 2705 eadem
1405 2679 1505 2704 voce

82 2720 158 2765 bis,
170 2730 417 2771 recurrente,
450 2731 496 2763 ut
521 2738 638 2779 saepe
661 2725 811 2766 factum
831 2730 903 2763 est.
962 2722 1078 2762 Conf.
1102 2736 1144 2776 p.
1167 2720 1240 2774 44.
1265 2721 1312 2761 Β.
1337 2721 1376 2760 3.
1390 2749 1402 2770 ,
1434 2720 1506 2761 ubi

83 2773 196 2816 locus
218 2777 368 2831 integer
397 2785 535 2819 exstat.
