1884 3132
225 156 299 197 An
338 152 640 197 coNs‘rAm.
667 151 869 193 Pomm.
907 151 979 191 DE
1017 149 1199 193 CER1M;
1241 150 1342 188 Lm.
1384 149 1452 198 11„
1478 127 1589 200 697

149 258 272 298 archa
299 258 488 297 CPtanus
536 254 760 296 δικανίκιον
788 254 968 304 dictum,
1008 255 1048 292 in
1082 268 1129 292 eo
1161 259 1319 291 tantum
1347 249 1597 290 differentem

149 313 209 354 ab
238 315 311 352 ista
352 313 504 367 figura,
551 311 659 366 quod
704 311 744 348 in
773 323 931 348 summo
962 309 1094 348 adhuc
1133 315 1399 346 transversam
1441 304 1599 344 trabem

149 375 378 422 argenteam
414 367 586 416 habeat,
622 364 963 419 quemadmodum
996 365 1083 416 ipsa
1131 377 1291 416 quoque
1329 375 1483 400 cornua
1530 359 1595 399 vel

150 423 408 463 manubrium
436 429 620 475 argentea
649 427 758 459 sunt.
813 419 899 458 Aut
927 420 1047 458 fuisse
1076 417 1224 471 φεγγιά
1252 424 1387 456 nostra
1412 415 1511 454 tales
1529 415 1597 453 ba-

150 477 284 526 culos,
332 477 491 531 qualem
531 476 679 515 habere
723 475 967 527 conspicitur
1017 473 1083 512 ille
1131 472 1255 511 Basch
1302 470 1596 510 Giauschorum

150 540 222 572 aut
272 534 498 586 capitaneus
546 531 802 571 ostiariorum
853 530 894 568 in
951 527 1183 567 collectione
1238 525 1478 565 Ferriolensi
1534 531 1598 563 ta-

148 586 334 628 bularum
373 601 587 627 aenearum
606 615 619 639 ,
649 586 734 626 tab.
770 585 833 638 14.
884 585 924 623 in
953 584 1060 622 hunc
1090 583 1254 622 modum
1282 581 1594 620 conformatum.

803 673 946 714 Graeci
974 675 1111 715 lunam
1150 671 1246 711 olim
1275 666 1424 722 σελήνη
1467 678 1507 710 et
1548 664 1598 706 α’-

803 726 906 783 στὴρ
943 729 1164 779 vocabant,
1215 726 1399 766 hodierni
1450 725 1600 780 φέγγος

804 791 844 823 et
868 781 1039 838 φεγγῆν,
1070 783 1147 823 hoc
1172 791 1230 821 est
1254 778 1437 835 φεγγίον,
1466 778 1598 834 appel-

802 837 900 879 lant·
966 841 1082 881 Patet
1122 839 1270 892 igitur,
1312 849 1436 890 quare
1472 835 1599 875 bacu-

801 894 860 934 los
886 894 1042 934 bicorni
1072 892 1283 933 manubrio
1304 893 1519 930 instructos
1533 891 1595 930 lu-

799 965 871 989 nas
902 950 966 989 vel
994 950 1149 988 lwzulas
1186 947 1440 1001 appellarint.
1497 946 1595 985 Pari

800 1005 922 1044 modo
950 1003 1169 1056 σεληνίδας
1198 1003 1294 1042 olim
1323 1000 1523 1040 vocabant
1546 999 1598 1040 il-

801 1058 860 1099 las
894 1067 1125 1099 senatorum
1174 1057 1315 1097 calceis
1350 1064 1503 1095 assutas
1543 1056 1597 1096 ad

799 1116 926 1154 instar
943 1115 1131 1154 dimidiae
1158 1112 1277 1152 lunae
1304 1119 1439 1151 acutas
1464 1111 1595 1151 utxin-

799 1184 878 1223 que
907 1177 946 1209 et
976 1171 1015 1210 in
1042 1169 1172 1209 media
1217 1182 1332 1207 cavas
1369 1168 1558 1221 corrigias
1578 1197 1589 1212 ‚

799 1227 895 1264 item
922 1223 1153 1278 ἐπισφύρια
1181 1221 1398 1276 μηνοειδῆ,
1430 1229 1469 1260 et
1497 1222 1595 1261 tales

802 1279 953 1319 calceos
982 1279 1154 1334 appellat
1174 1278 1353 1318 Herodes
1379 1277 1537 1316 Atticus
1554 1278 1597 1316 in

802 1335 973 1374 dedicat.
1021 1341 1175 1373 statuae
1204 1331 1379 1385 Reginae
1422 1329 1596 1383 α’στερό-

805 1402 901 1428 εντα
930 1389 1093 1439 πέδιλα,
1119 1389 1271 1427 lunatos
1289 1387 1450 1426 calceos.
1487 1386 1592 1425 Nam

806 1440 829 1482 ὅ
861 1440 993 1495 α’στὴρ
1034 1445 1127 1482 luna
1170 1450 1256 1492 est3
1298 1441 1380 1479 vid.
1422 1441 1590 1481 Salmas.

807 1498 859 1537 ad
889 1498 1001 1536 illum
1030 1498 1165 1537 locum
1193 1513 1233 1550 p.
1264 1511 1315 1535 m.
1361 1495 1450 1535 152.
1483 1497 1596 1535 Haec

807 1553 907 1592 mihi
935 1554 1084 1607 optima
1122 1560 1161 1592 et
1198 1552 1400 1591 verissima
1435 1551 1597 1591 videtur

805 1608 997 1662 expositio
1026 1607 1136 1648 vocis
1158 1614 1318 1646 nostrae
1351 1620 1450 1645 esse.
1480 1606 1595 1647 Nunc

154 1674 374 1715 proponam
403 1661 499 1702 alias
526 1661 626 1701 duas
653 1676 742 1702 mea
769 1664 933 1717 quidem
961 1663 1154 1703 sententia
1181 1665 1313 1702 minus
1337 1660 1592 1715 probabiles,

155 1718 226 1755 sed
252 1724 427 1757 statuant
454 1718 505 1757 de
529 1716 606 1756 illis
637 1718 795 1759 eruditi.
859 1719 1040 1759 Primam
1068 1718 1230 1773 quidem
1259 1717 1380 1755 hanc.
1438 1716 1594 1769 Appel-

154 1770 292 1811 labant
321 1779 471 1812 veteres
500 1774 642 1811 Graeci
684 1770 853 1826 σελήνια
889 1775 1052 1825 calvas3
1104 1773 1188 1813 vid.
1231 1771 1398 1811 Salmas.
1428 1771 1592 1826 Dialog.

155 1827 207 1864 de
236 1828 361 1866 Coma
387 1829 490 1866 inter
521 1828 752 1867 Caesarium
779 1837 818 1868 et
848 1829 1031 1868 Curtium
1071 1844 1110 1882 p.
1139 1828 1205 1868 56.
1236 1827 1470 1880 Fueruntne
1496 1842 1591 1880 ergo

149 1883 330 1935 plaengia
361 1882 493 1921 baculi
513 1897 609 1922 cum
638 1883 818 1936 capitulis
839 1886 1019 1924 virorum
1046 1884 1169 1924 calvis
1195 1883 1315 1922 ebore
1354 1881 1491 1929 factis,
1523 1889 1594 1921 aut

157 1943 321 1989 argento
353 1951 522 1986 aurove,
556 1938 692 1991 quales
720 1941 760 1977 in
778 1939 930 1979 baculis
948 1940 1093 1979 nostris
1114 1938 1233 1978 hodie
1246 1938 1431 1991 gerimus,
1450 1937 1593 1976 Socra-

156 1997 216 2055 tes
244 1998 314 2029 aut
340 1991 520 2045 Aesopos
549 2007 573 2032 a
601 1993 842 2046 quibusdam
868 1995 1024 2035 dictos?
1051 1994 1232 2034 Secunda
1254 1994 1352 2032 haec
1382 1999 1455 2030 est.
1485 1992 1591 2043 Φεγ-

158 2058 246 2106 γζον
271 2053 384 2085 notat
411 2049 525 2087 novis
548 2049 710 2088 Graecis
735 2051 907 2089 nimbum
922 2080 934 2100 ‚
964 2049 1100 2104 quales
1126 2052 1230 2089 circa
1258 2048 1496 2087 Sanctorum
1523 2061 1593 2085 ca-

157 2106 239 2151 pita
268 2102 498 2154 pinguntur.
554 2103 719 2143 Veteres
748 2119 814 2144 eos
854 2120 877 2144 a
905 2104 1000 2144 luna
1028 2106 1177 2158 pariter
1203 2103 1427 2155 μηνίσκους
1454 2100 1592 2154 appel-

159 2153 311 2217 labant.
369 2156 478 2205 Quid
506 2158 540 2196 si
570 2172 663 2211 ergo
701 2159 833 2198 baculi
868 2162 1040 2215 ploengia
1074 2159 1139 2198 vel
1165 2159 1290 2199 nimbi
1315 2157 1409 2196 dicti
1436 2156 1593 2195 habue-

159 2215 241 2246 rint
269 2223 310 2247 ln
338 2224 494 2250 summo
520 2215 667 2251 vertice
695 2214 851 2254 nimbos
876 2215 974 2254 tales
1001 2230 1069 2254 seu
1088 2214 1186 2253 latas
1214 2212 1407 2252 rotundas
1434 2210 1593 2249 tabulas

159 2269 394 2326 argenteas?
460 2266 808 2315 Quemadmodum
849 2271 1025 2309 scutiferi
1062 2270 1168 2322 apud
1197 2268 1360 2306 Latinos
1386 2265 1490 2318 pilea
1520 2279 1590 2304 seu

158 2318 283 2370 pileos
310 2333 427 2382 super
464 2319 616 2360 baculis
655 2324 859 2375 gerebant.
933 2322 1206 2363 Ceremoniale
1227 2322 1452 2359 Romanum
1482 2321 1530 2358 L.
1557 2321 1590 2363 Ι.

161 2380 256 2412 sect.
290 2387 330 2412 2·
362 2372 523 2413 illorum
549 2375 744 2427 pileorum
772 2379 1014 2417 mentionem
1042 2379 1137 2417 facit
1163 2378 1225 2416 his
1251 2375 1405 2414 verbis:
1435 2376 1503 2414 lios
1530 2389 1591 2414 se-

159 2437 328 2482 quuntur
358 2437 524 2482 quatuor
553 2430 698 2468 nobiles
716 2433 831 2486 pilea
865 2443 1032 2487 quatuor
1064 2432 1114 2470 de
1141 2432 1348 2470 cremesino
1379 2444 1499 2483 supra
1521 2430 1591 2469 ba-

160 2483 265 2545 ctflos
292 2486 480 2537 quosdam
505 2484 715 2536 defit-emes
735 2515 747 2535 ‚
772 2489 844 2539 qui
871 2489 1043 2538 scutgfi‘ri
1069 2487 1272 2525 honorarii
1296 2493 1486 2523 vocantur
1524 2499 1591 2523 αι-

161 2537 354 2575 hzcularii.
427 2538 530 2577 Sane
566 2539 669 2577 infra
695 2554 735 2591 p.
758 2540 852 2591 418.
877 2541 924 2578 C.
947 2555 987 2593 7.
1029 2541 1176 2579 dicitur
1203 2541 1455 2578 ostiariorum
1497 2538 1590 2578 hra-

162 2589 285 2629 beum
312 2606 381 2631 seu
412 2593 564 2646 insigne
591 2591 844 2645 εεεεράβὸος
873 2595 1201 2647 περικεφαλαίαν
1229 2589 1409 2645 ἔχουσα,
1437 2594 1591 2633 baculus

163 2658 247 2683 cum
273 2648 466 2700 capitello.
488 2647 592 2686 lllud
614 2647 839 2700 capitellum
852 2663 933 2687 nou
961 2649 1119 2688 videtur
1141 2648 1267 2699 aliud,
1295 2661 1415 2700 quam
1433 2655 1588 2702 tegmen

166 2701 383 2741 rotundum
408 2701 533 2742 latum
557 2702 607 2741 ad
635 2702 727 2756 pilei
749 2711 818 2742 aut
837 2703 934 2744 disci
962 2703 1070 2758 plani
1088 2703 1257 2744 formam
1283 2703 1430 2742 factum
1458 2703 1591 2744 fuisse.
