1884 3132
302 106 417 174 416
582 125 655 167 10.
696 126 803 169 mc.
843 126 1038 169 nmsxn
1079 127 1461 172 commem-Ami·

302 239 341 268 et
376 230 472 268 daos
511 231 690 269 roncinos
718 230 900 287 [equos]‚
937 233 1130 287 eoependic
1166 236 1276 279 omni
1303 247 1410 274 anno
1436 233 1542 274 ultra
1562 232 1747 290 florenos

303 286 395 323 aur-i
418 285 522 323 CCC
541 308 561 315 -
579 309 602 315 -
635 294 674 324 et
700 289 755 325 sic
783 302 861 342 pro
907 298 997 327 rata
1029 289 1238 327 buccarum
1279 289 1464 329 videlicet
1491 290 1534 328 in
1571 290 1678 329 victu
1707 299 1749 329 ct

301 341 438 378 vestitu
467 347 543 378 ete.
601 341 719 380 Conf.
739 343 807 380 Du
828 343 962 396 Gange
986 357 1028 382 v.
1053 341 1351 393 Ἐιιπουκὸνειν.
1380 344 1627 398 Largitiones
1653 343 1747 384 illae

304 390 410 432 κατὰ
436 395 612 446 βοῦκλον
639 405 753 436 erant
780 400 946 438 vetustis
964 398 1239 451 temporibus,
1265 406 1358 438 ante
1381 400 1558 439 medium
1584 413 1744 448 aevum,

305 450 525 489 admodum
553 451 809 504 frequente53
842 453 937 492 hinc
971 467 1094 507 panes
1120 453 1177 492 illi
1214 454 1386 508 gradiles
1417 461 1458 494 et
1505 454 1585 494 alia
1618 453 1743 502 talia,

304 519 408 558 quae
447 507 661 546 morientes
706 509 972 562 Imperatores
1007 509 1157 563 populo
1194 510 1376 548 Romano
1409 509 1609 564 legabantz
1667 509 1748 549 Sed

302 560 446 600 secutis
482 563 729 615 temporibus
765 565 985 614 desierunt,
1026 565 1227 604 exhaustis
1273 565 1357 604 fisci
1385 565 1568 615 viribus,
1597 566 1745 604 exstin-

305 623 448 669 ctaque
470 617 641 657 Romani
670 620 829 673 imperii
860 620 1150 673 magnificentia
1177 627 1217 659 et
1262 619 1400 659 accisis
1422 621 1655 674 provinciis.
1683 619 1747 660 De

301 671 484 711 Romano
521 674 728 727 Lecapeno
755 682 912 714 tantum
945 677 1106 714 invenio
1123 689 1241 726 ,eum
1271 675 1392 714 semel
1444 674 1671 715 δεδωκέναι
1691 671 1745 714 τὰ

304 723 485 766 ἐνοικικιὶ
515 725 651 782 πάσης
675 731 751 782 τῆς
778 729 936 777 πόλεως
962 727 1041 769 α’πὸ
1072 730 1226 781 μικροῦ
1255 727 1333 776 ἕως
1358 728 1540 781 μεγάλου
1557 761 1568 778 ,
1599 730 1642 769 in
1672 731 1746 768 luz-

302 781 525 822 ht'talionem
559 786 752 824 mercedes
794 786 894 840 [den
934 784 1144 839 Hauszins]
1182 785 1338 824 dedisse
1369 799 1448 840 pro
1478 794 1559 824 tota
1587 786 1746 824 civitate

302 836 426 891 [quae
452 853 596 892 nempe
608 841 651 878 in
689 841 896 881 conductis
927 841 1092 880 aedibus
1110 871 1122 891 ‚
1150 854 1232 879 non
1275 841 1356 880 suis
1381 865 1392 887 >‚
1421 838 1648 894 habitabat]
1677 855 1746 879 ne-

302 894 406 932 mine
427 904 592 950 exeepto
606 923 623 942 ,
647 897 821 950 parvulo
855 911 1007 935 seneve.
1065 895 1227 935 Manucl
1257 895 1504 946 Comnenus,
1532 902 1633 934 teste
1649 895 1745 934 Gin-

301 962 422 988 namo
450 964 491 1002 p.
524 949 583 990 18.
612 950 673 1001 C.‚
693 966 766 1004 pro
784 959 1032 1006 augustatico
1061 950 1226 1004 singulis
1246 950 1433 990 domibus
1461 950 1577 990 binos
1601 963 1744 990 aureos

299 1004 499 1043 donabat:
540 1002 730 1058 χρήμασι
777 1003 824 1046 τὸ
868 1005 1162 1058 στρατιωτικὸν
1197 1003 1566 1058 ὸ“ωρησάμενος-·
1588 1002 1742 1058 ἑκάστῃ

297 1059 380 1098 ’τῶν
409 1056 486 1098 ἀνὰ
515 1057 560 1099 τὸ
590 1058 823 1110 Βυζάντιον
855 1060 995 1100 οἰκιῶν
1020 1061 1251 1114 χρυσίνους
1281 1059 1510 1113 παρέσχετο
1541 1056 1632 1099 δύο.
1664 1061 1742 1100 xi-

297 1114 475 1167 philinus
492 1130 532 1168 p.
574 1116 691 1170 1075.
721 1131 745 1154 a
778 1117 1010 1154 Domitiano
1042 1118 1204 1155 nomine
1230 1117 1354 1168 patris
1389 1115 1649 1168 Vespasiani,
1675 1129 1742 1154 re·—

298 1183 391 1208 eens
415 1173 635 1223 nuncupati
668 1172 951 1224 Imperatoris,
981 1174 1038 1210 ait
1084 1172 1196 1210 datas
1228 1171 1346 1210 fuisse
1366 1170 1560 1210 militibus
1581 1171 1742 1210 vicenas

295 1227 437 1277 quinas
463 1226 674 1266 drachmas
691 1229 857 1266 viritim.
917 1227 1073 1266 Verum
1094 1226 1368 1276 Antoninum,
1408 1239 1455 1265 ex
1482 1227 1641 1265 octenni
1673 1224 1741 1264 ex'-

292 1280 494 1333 peditione
525 1282 713 1320 reducem
743 1282 891 1321 sactum
922 1283 963 1320 in
991 1282 1148 1330 urbem,
1182 1281 1331 1336 populo
1361 1280 1516 1322 dedisse
1547 1281 1741 1320 ducente-

292 1349 365 1374 nas
388 1336 600 1375 drachmas
622 1338 772 1376 viritim
799 1339 854 1376 ait
877 1352 918 1391 p.
937 1351 950 1375 1
965 1337 1055 1391 196.
1082 1338 1189 1386 init.‚
1211 1351 1280 1375 seu
1298 1343 1389 1376 octo
1415 1350 1601 1375 nummos
1621 1350 1741 1375 aure—

294 1404 366 1441 os,
399 1391 614 1438 διακοσίας
652 1389 846 1446 δραχμὰς
877 1391 1021 1440 αιῖτοῖς
1065 1389 1330 1441 κατένειμεν,
1358 1386 1458 1430 ὅσον
1487 1383 1606 1430 οὔπω
1634 1385 1742 1442 πρό-

291 1458 415 1497 τερον
445 1443 691 1500 εἰλήφεσαν.
754 1449 801 1486 In
841 1448 988 1501 nuptiis
1013 1448 1095 1486 suis
1122 1447 1272 1486 dabant
1299 1448 1563 1500 Imperatores
1599 1445 1738 1485 militi-

291 1500 367 1540 bus
398 1503 551 1541 viritim
581 1502 674 1543 250.
701 1503 927 1554 drachmas,
959 1503 1220 1556 popularibus
1247 1502 1352 1552 150„
1379 1509 1426 1541 ut
1442 1507 1604 1554 possent
1621 1503 1745 1554 genior

290 1556 500 1610 indulgere
540 1564 579 1596 et
624 1558 815 1598 laetitiam
848 1559 1104 1597 dominorum
1126 1572 1198 1597 sua
1222 1559 1391 1611 quisque
1419 1559 1576 1610 privata
1599 1570 1738 1610 prose-

291 1613 376 1664 qui.
414 1613 615 1666 Xiphilin.
649 1629 690 1667 p.
724 1615 840 1655 1558.
866 1615 931 1668 37.
988 1613 1205 1666 Antipater
1232 1613 1285 1651 ad
1323 1612 1607 1652 celebrandum
1629 1611 1738 1652 diem

289 1666 465 1706 natalem
495 1669 566 1707 filii
600 1672 660 1708 sui
687 1669 883 1723 Alcyonei
923 1683 1109 1708 nummos
1138 1668 1323 1707 mittebat
1349 1667 1529 1707 Athenas
1558 1666 1737 1720 philoso-

287 1722 394 1775 phis.
449 1724 567 1777 Diog.
598 1725 733 1763 Lae'rt.
762 1739 852 1778 pag.
890 1723 982 1766 251.
1009 1724 1041 1778 §.
1073 1723 1139 1775 41.
1195 1722 1302 1763 Vide
1330 1725 1431 1761 sitne
1454 1721 1736 1761 catabuculum

288 1778 396 1816 idem
413 1807 424 1827 ,
458 1787 528 1817 aut
558 1780 691 1820 saltim
716 1780 860 1829 affine,
907 1794 1005 1819 eum
1032 1778 1226 1827 masculo,
1269 1778 1379 1832 quod
1420 1784 1617 1816 memorat
1642 1778 1746 1816 Gna*

286 1831 393 1871 ther.
414 1847 452 1885 p.
481 1833 579 1883 451.

400 1889 453 1927 D.
474 1897 610 1942 antep.
641 1888 754 1943 [4¹2³
784 1889 867 1944 18]
925 1891 1041 1940 Quae
1065 1891 1146 1928 iam
1169 1895 1393 1942 sequuntur
1413 1916 1426 1937 ‚
1454 1900 1538 1926 non
1563 1885 1738 1940 amplius

287 1942 435 1981 Leonis
465 1946 524 1983 M.
553 1946 902 1998 inaugurationem
922 1947 966 1984 in
995 1946 1123 1998 specie
1145 1951 1325 1997 spectant
1341 1973 1352 1994 ‚
1383 1942 1452 1981 sed
1479 1949 1623 1996 typum
1647 1949 1734 1981 tra·-

287 1998 390 2037 dunt
414 2000 731 2053 inaugurationis
755 2002 1047 2053 Imperatorum
1080 2001 1262 2038 omnium
1293 1996 1533 2052 generalem.

370 2053 465 2105 240.
486 2055 541 2093 A.
566 2070 604 2094 2.
632 2054 749 2108 [412‚
790 2055 881 2109 22]
933 2051 1196 2107 λιγατούρας.
1262 2054 1366 2104 Vel,
1412 2060 1459 2091 ut
1506 2051 1735 2092 scholiastes

287 2110 448 2161 exponit
468 2139 479 2159 ‚
509 2106 790 2163 πρεσβευτικὰ
810 2141 820 2158 ,
852 2111 949 2164 ipsis
978 2111 1173 2162 legaturas
1202 2109 1300 2161 dat,
1340 2109 1383 2148 id
1409 2115 1469 2148 est
1485 2137 1498 2160 ,
1524 2113 1739 2160 nuncupat*

286 2178 353 2203 eos
381 2164 544 2218 legatos.

397 2220 453 2258 A.
489 2220 528 2258 3.
571 2219 700 2273 ΜΗ,
734 2217 815 2273 22.]
855 2214 1033 2272 λογάρια
1071 2216 1230 2270 γίνεται
1267 2217 1339 2257 καὶ
1382 2215 1735 2270 α’ναπληροὸνιαι.’

287 2274 579 2327 Interpretatus
598 2275 696 2314 haee
719 2276 842 2315 verba
878 2274 935 2313 fui
976 2288 1020 2313 ex
1055 2274 1306 2313 coniectura.
1352 2272 1501 2312 Fateor
1524 2272 1631 2311 enim
1664 2285 1732 2310 me

284 2328 355 2367 illa
400 2344 562 2382 prorsus
602 2344 682 2369 non
723 2329 956 2382 intelligere.
1011 2330 1143 2368 Possis
1184 2332 1304 2368 etiam
1342 2329 1397 2367 sic
1433 2327 1612 2379 accipere
1633 2340 1645 2364 τ
1675 2326 1733 2379 fit

286 2384 444 2436 largitio
485 2399 726 2424 nummorum
740 2414 752 2437 ‚
785 2393 823 2425 et
862 2384 1086 2439 [cohortes]
1131 2386 1401 2437 integrantur-5
1431 2381 1725 2436 completantur.

286 2438 439 2478 Verum
477 2454 561 2479 non
591 2441 710 2479 video
750 2442 819 2494 qui
863 2441 1015 2493 possint
1047 2439 1146 2479 haec
1177 2447 1291 2479 tanta
1327 2445 1368 2477 et
1407 2437 1526 2476 etiam
1550 2435 1730 2475 taediosa

284 2498 367 2531 tam
396 2494 509 2533 brevi
527 2503 706 2548 tempore
743 2496 902 2535 confici.

397 2549 450 2586 A.
476 2549 517 2588 5.
549 2549 661 2603 [413‚
699 2549 749 2604 1.]
780 2548 1023 2588 παπιλεῶνα
1051 2546 1127 2601 τὴν
1154 2543 1386 2599 ἐκκλησίαν.
1444 2545 1508 2583 De
1534 2558 1633 2583 voce
1645 2558 1727 2599 pa·-

278 2602 381 2654 pilio
412 2617 484 2654 pro
515 2607 710 2655 tentorio,
739 2606 847 2644 unde
868 2605 1054 2659 pavillon
1069 2635 1081 2653 ‚
1113 2604 1198 2642 vid.
1223 2604 1289 2640 Du
1310 2601 1446 2653 Cange
1459 2598 1592 2638 Gloss.
1612 2600 1726 2650 Lan,

284 2655 355 2693 ubi
383 2660 500 2695 etiam
521 2660 802 2713 etymologiam
829 2660 996 2698 eandem
1019 2659 1179 2711 ePapia
1205 2664 1246 2695 et
1268 2657 1327 2695 lo.
1353 2654 1402 2693 de
1420 2655 1547 2693 lanua
1575 2654 1753 2706 produ-2·

285 2711 339 2749 cit
358 2740 370 2763 ‚
417 2726 539 2765 quam
570 2715 726 2754 Noster.
784 2714 925 2754 Utitur
958 2728 1005 2753 ea
1041 2727 1137 2754 voce
1175 2712 1254 2751 iam
1284 2710 1516 2764 Spartianus
1561 2710 1603 2748 in
1641 2710 1731 2750 vit*
