1884 3132
297 153 410 220 816
574 171 645 212 10.
687 171 790 212 mc,
833 174 1029 214 Rssisxu
1070 171 1448 217 COMMENTARII

295 275 400 314 forte
428 274 546 314 iidem
574 284 695 327 sunt,
729 284 768 316 et
797 279 852 316 sie
880 277 1184 318 describuntur:
1217 276 1518 333 ὁελεγάτορας,
1548 277 1648 328 τούς
1666 279 1744 334 τήν

296 328 500 384 φροντίδα
541 332 814 382 ποιουμένους
856 331 927 385 τῆς
957 332 1097 372 αϋτῶν
1124 334 1380 388 α’ποτροφῆς.
1436 336 1574 374 Sermo
1607 344 1666 376 est
1693 338 1746 376 de

298 385 493 425 militibus
522 389 770 440 provinciam
797 389 1112 428 transeuntibus.
1150 390 1352 437 Iuhemus,
1386 392 1440 429 ait
1459 391 1598 430 lustin.
1621 393 1742 445 Imp„

296 443 445 496 quoties
473 444 655 481 transitus
675 443 738 499 ‘fit
771 453 990 483 nostrornm
1019 445 1187 483 iudicum
1217 454 1255 483 et
1283 447 1522 485 exercituum
1543 477 1554 498 ‚
1584 448 1745 500 delega-

300 505 401 536 tores
425 498 545 536 simul
570 514 650 536 esse
681 513 766 536 cum
794 501 849 537 eis
867 530 877 546 ‚
908 502 978 554 qui
1007 514 1143 538 euram
1171 501 1337 539 habeant
1362 502 1541 540 alimenti
1564 516 1711 541 eorum.

410 552 457 592 B.
482 568 520 607 7.
547 553 656 607 [7¹8³
678 553 737 608 5.]
771 552 967 601 ὀπτιόιές.
1026 556 1178 594 Parum
1205 556 1391 594 videntur
1417 558 1598 609 optiones
1637 572 1659 596 a
1689 557 1748 596 le-

302 609 461 661 gatariis
489 609 647 648 discreti
676 610 796 649 fuisse
814 641 824 659 ,
869 612 901 649 si
935 625 1076 664 nempe
1108 611 1149 649 hi
1179 611 1219 649 id
1250 611 1437 662 suerunt,
1475 613 1580 664 quod
1611 613 1749 651 conie-

299 666 453 713 cimus,
482 672 762 718 procuratores
789 680 1039 704 annonarum
1060 696 1071 716 ‚
1103 667 1172 718 qui
1200 666 1393 705 militibus
1426 681 1604 706 annonas
1619 681 1733 720 prae—

300 727 469 758 starent.
528 721 632 758 Nam
664 721 703 758 id
736 723 865 773 ipsum
894 735 1053 774 qnoque
1083 735 1182 773 opus
1214 729 1298 760 erat
1326 722 1562 774 optiouum‚
1609 723 1747 762 militi-

302 775 380 814 bus
412 789 591 814 annonas
619 776 858 814 distribuere
901 777 1151 829 hospitiaque
1179 778 1393 830 assignare.

414 831 459 868 B.
496 846 558 869 11.
594 830 722 885 [718‚
759 831 812 885 7.]
846 830 1091 878 ἀκόλουθος.
1150 833 1258 885 Ergo
1301 832 1486 871 Hetaeria
1526 832 1751 886 pertinebat

302 885 355 924 ad
392 885 639 925 Aritbmum.
700 887 804 924 Nam
842 887 1050 926 acoluthus
1107 895 1190 926 erat
1226 889 1411 940 magister
1448 889 1750 941 Barangormn,

306 942 376 994 qui
403 956 495 993 pars
525 949 637 980 erant
667 942 875 981 Hetaeriae
896 973 906 993 ,
938 950 976 981 et
999 944 1171 982 vicarius
1192 943 1312 982 veluti
1345 943 1547 995 drungarii
1576 943 1750 996 vigiliae.

421 998 467 1034 Β.
486 1012 575 1049 pen.
599 997 716 1051 [7¹8⁹
737 997 801 1050 8.]
838 997 1157 1049 ὁουκινιάτορες.
1213 999 1317 1036 Puto
1349 999 1504 1037 eosdem
1549 1013 1631 1037 esse
1659 1011 1754 1036 cum

307 1051 536 1090 ducenariis
567 1067 637 1091 seu
665 1053 838 1090 duarum
869 1054 1140 1091 centuriarum
1170 1053 1403 1105 praefectis,
1435 1054 1580 1105 quibus
1611 1054 1755 1091 duceni

309 1108 387 1146 viri
416 1107 598 1145 attributi
628 1115 772 1157 erant3
818 1108 902 1147 vid.
948 1109 1013 1145 Du
1053 1108 1186 1160 Gange
1213 1108 1340 1146 Gloss.
1371 1108 1486 1158 Lat.,
1512 1107 1682 1146 Guther.
1709 1122 1752 1160 p.

310 1162 407 1211 426.
441 1170 480 1200 et
508 1162 603 1201 605.
650 1163 742 1201 Pari
773 1164 892 1201 modo
923 1163 1129 1201 ducenarii
1157 1162 1487 1215 appellabantur,
1516 1164 1661 1216 quibus
1678 1163 1757 1201 du-

309 1231 408 1256 cena
437 1218 614 1256 sestcrtia
644 1219 683 1256 in
712 1218 899 1256 salarium
930 1224 1042 1256 erant
1071 1219 1266 1271 assignata
1286 1247 1297 1268 ‚
1329 1225 1368 1255 et
1396 1220 1611 1256 centenarii
1634 1247 1645 1266 ‚
1666 1219 1757 1270 qui-

311 1271 389 1312 bus
417 1280 612 1321 centena,
657 1281 696 1311 et
723 1275 989 1326 sexagenarii,
1032 1274 1176 1325 quibus
1205 1286 1423 1326 sexagena3
1468 1273 1554 1312 vid.
1584 1272 1761 1312 Salmas.

311 1329 366 1367 ad
394 1329 481 1366 Ser.
516 1329 564 1366 H.
595 1328 703 1381 Aug.
737 1329 787 1366 T.
811 1330 842 1366 l.
866 1343 904 1381 p.
923 1329 1018 1368 535.

423 1383 468 1422 C.
487 1394 525 1435 7.
549 1383 666 1437 [7¹8⁷
701 1382 779 1436 14.]
810 1384 1120 1435 ὲπισκεπτῆται.
1181 1383 1233 1422 Hi
1267 1390 1359 1421 sunt
1376 1381 1517 1436 procul
1538 1383 1661 1422 dubio
1690 1397 1758 1422 cu-

314 1439 410 1478 riosi
446 1438 734 1491 provinciales,
773 1439 990 1490 drungario
1017 1453 1156 1479 cursus
1185 1439 1361 1488 subditi,
1393 1439 1462 1491 qui
1480 1452 1584 1490 quae
1605 1440 1645 1476 in
1665 1453 1762 1490 pro-

315 1495 458 1534 vinciis
482 1494 762 1547 contingebant
779 1509 899 1542 nova,
930 1509 1064 1534 rerum
1096 1496 1356 1532 mutationem
1386 1495 1468 1533 sive
1483 1493 1534 1531 ab
1562 1492 1759 1540 hostibus,

315 1552 402 1589 sive
438 1564 462 1588 a
499 1550 651 1588 civibus
688 1550 906 1597 minantia,
939 1559 1007 1589 aut
1036 1552 1155 1590 etiam
1185 1549 1260 1587 alia
1302 1551 1403 1587 scitu
1442 1550 1660 1587 necessaria
1691 1563 1763 1601 per

317 1605 490 1644 celerem
518 1619 678 1643 cursum
720 1605 770 1643 ad
800 1606 1059 1658 drungarium
1095 1612 1134 1643 et
1161 1606 1216 1643 sic
1246 1618 1365 1657 porro
1393 1603 1444 1641 ad
1476 1604 1763 1655 Imperatorem

319 1661 609 1713 significantes,
644 1660 790 1700 similes
827 1661 989 1700 urbanis
1019 1662 1210 1707 curiosis,
1261 1660 1330 1712 qui
1359 1658 1434 1699 sub
1462 1659 1662 1710 praefecto
1693 1673 1765 1697 ur-

321 1716 384 1755 bis
425 1723 554 1754 erant.

433 1771 480 1810 C.
500 1771 540 1811 8.
565 1770 675 1825 [7¹8,
706 1770 785 1825 14.]
815 1771 888 1811 τοῦ
923 1765 1078 1823 ἆποκρ’.
1121 1772 1182 1809 Ita
1209 1776 1266 1808 est
1294 1770 1337 1807 in
1365 1768 1620 1807 membranis.
1651 1769 1766 1818 Quo-

325 1827 446 1866 modo
489 1834 622 1865 autem
663 1827 738 1880 legi
771 1834 810 1866 et
850 1827 979 1866 efferri
1009 1827 1150 1866 debeat
1178 1825 1256 1864 hoc
1282 1824 1564 1877 compendium
1594 1826 1766 1876 scriptu-

323 1896 394 1920 rae
416 1911 428 1932 ‚
476 1876 836 1934 ἇποκρισιαριειόυ
878 1891 946 1921 aut
969 1875 1339 1934 α’ποκρισιαριάτου
1372 1887 1442 1918 aut
1475 1876 1770 1929 ἅποκρισιαρι-

327 1935 437 1987 κιόυ,
482 1936 656 1989 ambigo.
714 1938 775 1976 De
802 1938 1055 1990 apocrisiario
1086 1935 1236 1988 aliquid
1263 1936 1418 1982 inesse,
1447 1932 1581 1971 nullus
1608 1933 1765 1972 dubito.

324 1990 431 2030 Nam
460 1992 511 2030 ad
549 1992 790 2045 logothetam
826 1994 955 2032 dromi
984 1993 1237 2046 pertinebant
1277 2003 1339 2028 res
1366 1989 1625 2042 legationum.
1673 1988 1768 2027 Non

323 2048 487 2086 memini
516 2047 610 2086 alibi
638 2062 701 2086 me
733 2049 860 2101 legere
888 2049 936 2087 de
964 2054 1147 2087 curatore
1173 2045 1502 2098 apocrisiariatus.

438 2103 476 2140 D
518 2102 592 2140 ult.
627 2103 748 2157 [7¹9⁷
786 2102 842 2156 5.]
873 2099 1105 2154 πορτάριοι.
1162 2102 1286 2140 Forte
1312 2107 1405 2138 sunt
1432 2113 1635 2138 carcerum
1670 2097 1769 2136 iani-

326 2163 450 2196 tores.
509 2158 604 2196 Vid.
629 2159 679 2196 ad
708 2173 747 2210 p.
771 2157 810 2210 4.
831 2159 873 2198 Β.
894 2174 933 2212 7.
991 2157 1119 2196 Paulo
1147 2163 1236 2209 post
1264 2155 1501 2192 tribuuntur
1519 2167 1678 2207 quoque
1696 2153 1769 2191 do-

328 2215 495 2251 mestico
524 2220 746 2251 castrorum
768 2214 961 2265 portarii3
989 2213 1089 2251 forte
1119 2211 1147 2250 ii
1167 2242 1177 2260 ,
1209 2210 1355 2264 quibus
1384 2217 1522 2262 portae
1550 2217 1771 2247 castrorum

326 2268 616 2306 custodiendae
645 2269 877 2306 commissae
904 2275 1033 2306 erant.

419 2322 514 2376 417.
538 2323 587 2360 A.
608 2337 699 2375 pen.
733 2323 847 2376 [719,
869 2322 947 2375 13.]
983 2320 1064 2360 τῶν
1092 2317 1229 2360 οἴκων.
1264 2320 1404 2360 Posset
1431 2318 1482 2358 de
1500 2317 1772 2371 imperialibus

330 2377 490 2432 palatiis
518 2379 773 2416 recreationis
801 2385 840 2416 et
867 2378 1159 2422 rusticationis,
1200 2377 1242 2414 in
1280 2389 1378 2427 quas
1415 2387 1619 2427 processus
1646 2373 1774 2410 facere

337 2433 518 2472 solebant
536 2461 547 2482 ‚
578 2439 659 2470 tam
684 2433 861 2478 urbanis,
881 2447 1000 2485 quam
1028 2431 1266 2470 suburbanis
1293 2428 1477 2481 intelligi.
1499 2429 1615 2481 ‘Quia
1640 2434 1775 2465 tamen

338 2490 413 2526 ista
450 2487 593 2540 palatia
635 2502 703 2526 seu
739 2488 900 2540 praedia
942 2489 996 2526 sic
1037 2485 1217 2525 absolute
1245 2499 1324 2524 non
1355 2483 1483 2523 solent
1508 2481 1546 2522 οἱ
1573 2482 1674 2519 ocum
1703 2495 1775 2533 ap-

338 2542 482 2595 pellari
501 2572 510 2590 ‚
556 2543 621 2581 sed
650 2539 688 2581 οἱ
714 2539 924 2593 βασιλικοὶ
947 2537 1074 2591 οἴκοις
1104 2541 1187 2580 vid.
1217 2555 1259 2593 p.
1287 2538 1381 2590 426.
1406 2539 1452 2577 C.
1476 2538 1536 2587 6.;
1566 2543 1604 2574 et
1632 2536 1682 2573 de
1711 2550 1775 2574 xe-

340 2597 528 2636 nodocho
575 2605 613 2635 et
642 2611 852 2650 gerocomo
880 2612 948 2636 seu
980 2599 1200 2649 inspectore
1229 2593 1484 2647 hospitalium
1511 2599 1550 2630 et
1568 2590 1775 2655 „semijum

344 2654 409 2702 (ut
445 2653 500 2690 ita
540 2652 689 2705 dicam)
729 2667 858 2691 sermo
897 2652 1131 2705 praecessit,
1180 2649 1316 2689 malim
1354 2648 1487 2700 potius
1526 2660 1611 2684 των
1651 2657 1775 2684 οικων

342 2705 521 2757 accipere
547 2721 620 2759 pro
647 2707 728 2746 τῶν
755 2705 916 2758 εὐαγαῖν
937 2704 1058 2745 οἴκων
1077 2707 1276 2759 positum,
1307 2709 1347 2742 et
1375 2701 1490 2740 aedes
1530 2699 1775 2739 venerabiles

346 2761 417 2812 (ita
451 2763 696 2806 monasteria
744 2762 959 2815 appellant)
1001 2761 1066 2799 hic
1110 2759 1305 2812 designari
1348 2755 1524 2795 credere.
1582 2754 1698 2794 Conf.
1732 2768 1774 2806 p.
