1884 3132
307 118 418 193 736
590 138 663 179 10.
705 137 810 179 me.
853 139 1048 180 nmsxn
1088 137 1466 183 comm-,Numi

306 244 555 291 interessent,
585 256 666 294 quo
689 241 738 281 de
768 244 849 282 ritu
878 245 941 296 egi
970 244 1021 282 ad
1049 258 1091 297 p.
1111 257 1154 297 9.
1182 243 1282 283 illud
1312 243 1594 299 α’ποστὲφεται
1619 240 1643 285 ὅ
1670 248 1749 299 βα·Ι

305 293 446 343 σιλεὺς
475 295 679 336 ecclesiam
709 299 977 351 ingressurus.
1050 299 1172 350 Quod
1201 306 1335 339 autem
1371 300 1642 341 cubicularius
1669 316 1749 341 non

303 352 414 406 prius
442 354 662 404 reposuisse
689 352 838 392 dicitur
866 353 1153 393 camelaucium
1184 355 1222 393 in
1253 362 1395 407 caput,
1425 369 1547 408 quam
1568 363 1752 410 receptus

305 414 405 446 esset
425 408 465 445 in
485 406 696 462 collegium
714 423 831 447 suum
850 418 888 448 et
909 423 932 448 a
950 409 1110 463 collegis
1125 423 1199 462 pro
1219 408 1374 463 collega
1392 413 1564 463 agnitus,
1583 419 1714 464 posset
1729 425 1754 451 a

305 462 547 517 quibusdam
566 478 639 516 pro
661 463 838 517 exemplo
859 464 963 503 illius
993 464 1099 518 apud
1124 464 1321 518 Hispanos
1344 466 1467 504 moris
1486 467 1610 519 accipi
1626 494 1639 516 ‚
1671 481 1767 519 quo-

305 532 387 558 non
419 516 511 557 licet
539 533 674 558 coram
703 534 796 573 rege
828 521 979 559 versari
1013 521 1143 573 capite
1172 527 1340 573 operto,
1366 522 1440 559 nisi
1471 522 1511 559 in
1542 521 1755 574 collegium

306 573 533 614 Grandium
564 575 619 614 sic
648 573 845 614 dictorum
876 582 1048 627 recepto.
1104 574 1183 613 Sed
1211 575 1286 614 hac
1315 575 1365 614 de
1394 589 1438 614 re
1453 574 1550 614 alibi
1578 576 1757 629 disputo.

415 629 461 667 Β.
483 628 523 670 8.
550 629 664 684 [627‚
687 629 746 684 7.]
776 626 918 680 ὲζιιενεν
955 626 1089 670 ἔνδον.
1146 629 1437 684 *[Sozomenus
1466 633 1547 681 ait,
1579 631 1755 684 Impera*

305 691 412 724 tores
439 699 464 723 a
491 685 639 738 populo
678 693 882 738 separatos
925 687 1030 724 intra
1060 684 1195 724 altaris
1224 693 1478 738 conspectum
1505 686 1727 725 consedisse
1744 717 1757 736 ‚

306 740 376 779 sed
402 740 444 778 id
471 748 669 779 mutatum
697 741 749 779 ab
767 740 981 780 Ambrosio
1018 747 1057 779 et
1095 741 1447 794 praeeminentiam
1485 741 1756 780 sacerdotibus

306 796 555 850 permissam,
584 796 678 835 VII.
711 811 748 835 c.
780 796 844 838 25.
872 795 1021 835 Thom.
1044 795 1187 836 Smith.
1216 796 1266 835 de
1292 803 1398 836 statu
1425 797 1611 836 ecclesiae
1629 797 1756 835 Grae-

308 865 378 891 cae
406 865 443 904 p.
463 850 586 904 49.]*
652 850 855 904 Menolog.
884 850 1004 890 Basil.
1031 851 1081 890 T.
1106 851 1158 890 ll.
1187 865 1227 904 p.
1258 851 1319 890 13.
1357 851 1409 890 ad
1437 851 1478 889 d.
1515 866 1554 906 7.
1585 852 1757 890 Decem-

307 907 391 946 bris
418 905 469 945 de
494 906 708 946 Ambrosio
750 906 847 945 hacc
883 906 1005 945 habet
1047 907 1150 946 inter
1178 906 1255 945 alia
1273 921 1285 945 :
1328 904 1451 958 ζῆλον
1478 901 1587 957 ἔχων
1612 897 1756 945 &eladae

309 956 384 1001 καί
409 958 639 1013 ἐλευθέραν
665 958 824 1014 ψυχὴν,
855 956 924 1000 ὅτε
953 955 1038 1000 εἶδε
1064 958 1137 1001 τὸν
1164 960 1297 1013 μέγαν
1327 956 1552 1000 Θεοδόσιον
1579 974 1754 1013 πικραν-

308 1017 435 1055 θέντα
462 1012 536 1054 καὶ
563 1014 861 1055 ἀποστείλαντα
905 1013 1008 1055 λαὸν
1065 1016 1136 1054 καί
1171 1011 1391 1069 σφάξαντα
1418 1010 1492 1054 τὸν
1519 1014 1564 1055 ἐν
1593 1013 1755 1054 Θεσσαε

309 1069 448 1124 λονίκῃ
477 1068 602 1118 λαὸν,
633 1067 776 1122 ἐπειδὴ
809 1067 1009 1110 ἔπταισαν
1038 1069 1096 1116 εἰς
1123 1066 1197 1109 τὸν
1225 1068 1428 1120 βασιλέα,
1459 1064 1546 1108 εἶτα
1576 1067 1754 1109 ἐλθόντα

310 1125 369 1172 εἰς
395 1124 470 1179 την
498 1120 644 1178 ἑορτὴν
670 1126 753 1164 τῶν
783 1126 976 1177 Χριστοῦ
1003 1125 1170 1178 γεννῶν,
1199 1124 1268 1164 ΐνα
1297 1119 1514 1178 εἰσοδεύσῃ
1542 1121 1615 1162 καί
1632 1116 1754 1187 ⁸537-

309 1194 380 1222 ται
405 1177 479 1220 καί
507 1177 734 1235 κοινωνήσῃ
763 1181 846 1219 τῶν
874 1175 1094 1233 α’χράντων
1111 1175 1365 1231 μυστηρίων,
1397 1176 1602 1219 ἐκώλυσεν
1621 1178 1754 1218 αὐτον

311 1232 384 1276 καί
411 1234 485 1275 οὐκ
513 1233 675 1288 ᾰφῆκεν
715 1234 918 1274 εἰσελθεῖν
958 1234 1018 1281 εἰς
1053 1230 1101 1274 τὸ
1132 1234 1247 1286 βῆμα
1270 1263 1282 1282 ,
1333 1229 1475 1282 εἰπών,
1505 1228 1571 1272 ὅτι
1599 1232 1755 1286 φονέας

312 1291 384 1331 καί
410 1285 587 1341 μάλιστα
618 1285 830 1330 τοσούτων
858 1286 1084 1343 ὁμοφύλων
1109 1287 1379 1339 Χριστιανῶν
1405 1282 1431 1353 ἦ
1459 1285 1652 1339 ἐκκλησία
1678 1289 1754 1327 τοῦ

315 1345 427 1385 Θεοῦ
467 1339 517 1384 οὗ
564 1344 744 1396 δέχεται.
811 1342 882 1385 τὸν
912 1343 959 1384 δὲ
987 1341 1106 1397 ἅγιον
1134 1342 1378 1393 ἐθαύμασεν
1404 1355 1425 1381 ο
1455 1338 1655 1392 βασιλεύς
1681 1338 1755 1380 καὶ

313 1401 482 1454 ἐτίμησε
527 1399 599 1439 καί
635 1395 935 1453 ὑπεχώρησεν,
993 1395 1152 1449 εἰπών,
1212 1394 1277 1437 ὅτι
1319 1396 1489 1449 α’ληθιὸς
1531 1391 1757 1449 ἀρχιερεύς-

313 1457 414 1497 ἑστι.
473 1455 588 1498 Conf.
626 1455 863 1509 Theophun.
911 1470 951 1508 p.
983 1454 1051 1494 62.
1080 1461 1118 1493 et
1144 1453 1314 1493 Cedren.
1341 1467 1382 1506 p.
1403 1451 1498 1491 518.
1529 1452 1626 1506 519.
1655 1452 1756 1492 Rem

313 1515 368 1552 sic
393 1516 530 1551 narrat
559 1509 843 1551 Theodoretus
883 1512 938 1549 V.
976 1523 1036 1564 17.
1119 1509 1216 1548 Post
1258 1506 1621 1547 reconciliationem
1659 1521 1753 1546 cum

313 1569 527 1607 Ambrosio
558 1566 752 1606 admissus
778 1568 820 1606 in
849 1565 1054 1605 ecclesiam
1082 1571 1121 1603 ct
1147 1565 1188 1603 in
1217 1565 1341 1616 ipsam
1370 1561 1593 1601 Tribunam
1620 1560 1757 1600 Theo-⁴

314 1623 478 1673 dosius‚
509 1630 599 1676 post
625 1620 760 1661 oblata
790 1629 829 1661 et
854 1623 896 1660 in
938 1620 1054 1660 altari
1081 1620 1130 1658 de
1160 1620 1260 1659 osita
1288 1618 1392 1657 dona
1410 1646 1421 1665 ‚
1452 1612 1570 1655 ἔνδον
1596 1616 1680 1655 ταῖν
1707 1613 1758 1655 οἷ-

313 1674 526 1730 νακτόρων
555 1673 669 1730 παρὰ
698 1673 773 1723 τὰς
801 1674 1011 1728 κιγκλίδας
1033 1635 1277 1727 μεμένηκεν.
1336 1671 1518 1711 Notabile
1546 1670 1611 1710 hic
1639 1666 1756 1722 παρὰ

314 1730 392 1780 τὰς
420 1731 629 1784 κιγκλίδας
671 1733 882 1771 stationem
927 1731 1184 1784 Imperatoris
1227 1728 1362 1767 fuisse.
1419 1726 1626 1777 Quaesivit
1653 1725 1762 1764 Am-.

315 1789 490 1840 brosius,
521 1787 618 1841 quid
647 1787 682 1826 ei
710 1801 810 1840 opus
831 1793 957 1837 esset,
987 1785 1082 1839 quid
1100 1785 1176 1823 sibi
1204 1782 1350 1823 vellet:
1380 1781 1461 1828 ’τοῦμ
1481 1780 1525 1820 δὲ
1552 1778 1758 1844 βασιλέως

317 1839 542 1896 εἰρηκότος,
574 1837 630 1888 ὥς
647 1842 856 1896 προσμὲνῃ
885 1838 957 1894 τὴν
978 1841 1062 1879 τῶν
1081 1836 1207 1879 θείων
1231 1835 1474 1890 μυστηρίων
1501 1836 1756 1899 μεταιληψιν,

317 1894 526 1951 ἐδήλωσεν
545 1928 556 1948 ,
586 1894 780 1951 ὑπουργῷ
812 1896 867 1951 τῷ
894 1894 976 1935 τῶν
1004 1892 1208 1935 διακόνων
1236 1891 1454 1946 ἡγουμένῳ
1477 1902 1755 1943 χρησαμενος,

320 1949 385 1993 ὅτι
413 1950 464 1993 toi
495 1949 628 2002 ἔνδον,
659 1945 693 1990 ὦ
721 1952 913 2003 βασιλεῦ,
941 1947 1085 2001 μόνοις
1113 1944 1224 1987 ἐστίν
1252 1944 1410 1996 ἱερεῦσι
1437 1941 1573 1996 βατὰ,
1599 1947 1686 1990 τοῖς
1711 1942 1759 1983 δὲ

318 2003 459 2055 ἄλλοις
488 2003 643 2047 ἅπασιν
673 2000 804 2045 ἅδυτά
835 2020 878 2045 τε
907 2002 978 2045 καί
1003 1997 1216 2056 ἄψαυστα.
1275 1998 1386 2050 ἔξιθι
1411 1996 1550 2042 τοίνυν
1577 1994 1651 2038 καὶ
1674 2002 1759 2060 τοῖς

321 2057 462 2110 ἄλλοις
489 2058 674 2101 κοινώνει
698 2062 768 2113 τῆς
806 2058 1003 2107 στάσεως.
1076 2052 1270 2109 ἁλουργίς
1310 2051 1390 2108 γὰρ
1419 2053 1655 2117 βασιλέὶαςζ
1675 2063 1758 2102 ουχ

319 2115 458 2170 ἱερέας
481 2148 492 2168 ,
538 2121 659 2156 ποιεῖ.
713 2113 784 2154 καί
809 2112 963 2168 ταύτην
1006 2113 1050 2153 δὲ
1081 2108 1101 2150 ὃ
1132 2109 1375 2158 πιστότατος
1401 2109 1602 2160 βασιλευς
1629 2104 1758 2156 ασμέ*

320 2186 401 2219 νως
429 2167 646 2222 δεξάμενος
672 2167 746 2222 τὴν
775 2166 1004 2222 εἰσήγησιν,
1038 2162 1339 2218 α’ντεδὴλωσεν,
1367 2160 1500 2211 ὡςόὕ
1522 2159 1758 2213 θρασύτητι

320 2224 540 2281 χρώμενος
568 2223 684 2266 ἔνδον
711 2225 793 2264 τῶν
820 2222 1040 2276 κιγκλίδων
1066 2219 1314 2275 μεμὴνεκεν,
1335 2214 1426 2259 ἀλλ’
1453 2218 1499 2258 ἐν
1531 2217 1760 2278 Κωνσταν-

323 2277 560 2322 τινουπόλει
598 2274 707 2320 εἶναι
744 2276 840 2326 ἔθος
880 2279 997 2318 τοῦτο
1025 2274 1192 2329 μαθών.
1256 2276 1421 2316 Fortem
1448 2284 1705 2327 regem‚¹qu1
1733 2283 1758 2308 a

322 2337 527 2377 sacerdote
557 2350 597 2376 se
627 2336 719 2375 sivit
751 2336 792 2373 in
822 2333 1004 2373 ordinem
1032 2333 1133 2386 cogi.-
1174 2331 1280 2371 Nam
1307 2330 1431 2369 dubio
1459 2331 1567 2367 caret
1581 2355 1600 2389 ‚·
1621 2332 1761 2379 tyran-

323 2392 460 2431 nidem
486 2392 590 2430 hanc
618 2390 739 2429 fuisse
769 2389 820 2428 ab
836 2388 1067 2438 Ambrosio,
1095 2391 1183 2427 viro
1211 2385 1415 2441 quondam
1442 2382 1619 2429 militari,
1648 2392 1759 2418 exer-

324 2448 467 2498 citam3
497 2448 566 2501 qui
595 2445 826 2485 dominandi
854 2443 1081 2497 cupidinem
1127 2456 1224 2481 uum
1252 2443 1294 2480 in
1322 2438 1535 2478 mundanis
1561 2441 1762 2496 monstra—-

324 2517 369 2541 re
396 2502 497 2541 forte
527 2515 608 2540 non
635 2507 766 2554 posset
785 2530 796 2550 ‚
828 2499 936 2552 quod
963 2495 1079 2537 multi
1099 2457 1285 2544 (iaciunt,
1313 2494 1365 2533 ad
1392 2506 1503 2532 sacra
1527 2487 1757 2552 transtulit3

325 2571 407 2596 non
459 2558 590 2595 minus
642 2555 919 2594 formidandus
972 2552 1199 2592 Theodosio
1261 2550 1420 2589 futurus
1458 2554 1684 2606 tyrannus)
1726 2557 1760 2583 si

326 2612 519 2663 rapuisset
546 2612 773 2664 imperium.
829 2610 911 2660 Qui
941 2622 1037 2647 vero
1073 2608 1203 2660 potuit
1229 2602 1460 2658 Imperatori
1489 2599 1622 2661 locum
1653 2605 1760 2661 lutra

326 2665 548 2704 Tribunam
593 2680 738 2719 negare
757 2692 769 2713 ‚-
812 2665 883 2717 qui
911 2675 1064 2716 semper
1091 2662 1223 2701 locum
1262 2666 1303 2698 et
1327 2667 1537 2711 personam
1575 2653 1763 2716 diaconi,

330 2727 398 2759 aut
428 2727 534 2760 certe
560 2719 794 2760 subdiaconi
835 2722 876 2759 in
905 2718 1067 2758 ecclesia
1097 2716 1311 2756 sustinuit?
1366 2711 1625 2764 Imperatores
1655 2721 1763 2749 occi<

1875 3057 1884 3132 ,ια-ι
1875 2981 1884 3048 ..-ᾳ-ι..
1874 2798 1884 2931 -n—..s-nn-
