1884 3132
199 111 273 153 Al>
309 113 604 155 consum.
643 113 840 155 PoRPa.
881 115 953 155 m:
989 113 1169 155 cmm.
1211 115 1312 154 Lm.
1353 115 1383 154 1.
1437 94 1548 151 313

231 214 279 254 C.
295 229 338 268 9.
357 215 468 269 [308‚
489 217 552 268 4.]
595 212 701 266 μετὰ
733 217 815 255 τῶν
852 215 1000 269 φίλων.
1059 215 1247 254 Solebant
1293 215 1556 268 Imperatores

123 270 166 307 iu
192 267 298 308 ludis
328 270 571 311 circensibus
598 285 779 324 proceres
806 270 859 310 ad
886 285 1063 310 mensam
1090 285 1201 309 suam
1228 270 1431 310 adhibere.
1460 271 1557 314 Vid,

124 324 271 376 Script.
297 333 386 378 post
413 326 652 379 Theophau.
686 341 727 379 p.
746 325 840 380 295.
869 325 913 364 C.
944 333 983 364 et
1002 340 1120 378 supra
1147 325 1197 364 ad
1226 340 1265 378 p.
1294 340 1378 379 ¹7¹·
1397 326 1451 364 A.
1483 326 1526 365 6.

214 378 301 418 180.
318 380 366 418 Β.
386 395 423 419 2.
444 380 557 436 [309‚
579 379 639 434 6.]
667 379 947 431 μαγλαβιταῖν.
1002 381 1213 418 Distinctio
1234 387 1321 433 post
1348 380 1389 419 h.
1410 394 1451 418 v.
1475 380 1559 419 col-

126 431 297 474 locanda
342 443 382 474 et
421 443 509 488 post
551 434 800 486 σπαθαράον
827 434 1021 484 delenda,
1062 435 1201 473 codice
1239 450 1360 473 manu
1399 443 1559 474 exarato

128 494 303 528 auctore.
360 490 599 544 Maglabitae
637 491 742 529 enim
779 504 859 528 non
905 497 1089 542 poteraut
1123 489 1240 528 simul
1284 491 1404 528 iidem
1442 500 1561 544 atque

126 543 317 594 spatharii
357 559 468 584 esse:
505 559 633 598 neque
671 545 876 598 gestabant
913 543 970 583 illi
1008 543 1199 582 dextralia
1236 551 1276 582 et
1313 552 1423 583 scuta
1442 575 1453 591 ‚
1494 545 1563 584 sed

128 597 189 636 hi.
244 597 390 639 Sensus
430 613 524 653 ergo
567 606 652 638 est:
691 600 920 638 ascendebat
962 599 1190 652 Imperator
1214 600 1255 638 in
1282 601 1471 638 catlulmm
1498 615 1563 639 scu

129 652 308 691 tribunal
341 655 505 693 cit-oense
541 669 629 693 cum
659 655 886 709 procer-ihm
925 654 1090 692 cubiculi
1112 663 1152 692 et
1182 653 1259 692 duo
1299 656 1521 707 trutglabictk
1544 674 1556 693 .-

126 707 326 762 spatlmn‘i
352 723 447 748 vero
471 718 659 762 gestantes
685 710 889 749 dextralia
908 719 947 747 et
970 710 1127 763 spathas
1154 723 1241 746 suas
1267 708 1489 747 adstabant.

240 762 293 800 D.
317 777 353 802 1.
374 763 504 817 [31o‚
546 763 604 817 2.]
652 760 724 802 διὰ
762 764 838 803 τοῦ
865 762 1125 817 ἡμικυκλίου.
1178 763 1348 804 Membr.
1386 760 1457 803 ὸιιὶ
1490 763 1566 803 τοῦ

128 815 265 855 αὐτοῦ
290 813 545 870 ἡμικυκλίου.

219 870 307 911 18¹.
326 873 378 913 A.
400 873 439 911 5.
456 872 557 927 [310
574 903 587 924 ‚
622 872 698 928 ¹0.]
738 873 814 912 τοῦ
838 870 1082 924 καταλόγου.
1138 873 1278 926 Neque
1305 889 1350 912 ex
1378 875 1463 926 ipsa
1487 873 1563 912 hac

135 924 261 976 ⁷(voce,
289 941 418 980 neque
442 941 487 966 ex
515 936 700 968 contextu
731 930 868 981 capitis
894 936 1003 982 patet
1029 927 1303 982 appellationis
1331 931 1460 968 ratio:
1489 930 1569 967 cit·-

132 995 243 1020 oense
267 981 485 1021 allectionis
513 983 576 1022 vel
607 991 646 1023 et
687 985 937 1023 laetratiomk.
993 984 1140 1022 Fuitne
1182 983 1283 1022 sorte
1321 983 1565 1022 celebratum

138 1034 194 1073 ob
219 1049 346 1075 novos
369 1038 620 1090 magistratus
648 1039 875 1078 sactionales
891 1069 902 1089 ‚
930 1046 999 1077 aut
1026 1039 1080 1077 ob
1110 1052 1236 1077 novos
1263 1042 1420 1091 aurigas
1448 1040 1567 1077 mini-

142 1097 295 1130 strosve
320 1090 419 1131 alios
445 1092 662 1132 factionum
691 1093 878 1143 aflectus,
922 1101 991 1132 aut
1018 1093 1072 1132 ob
1100 1107 1238 1132 recens
1265 1094 1485 1147 adscriptos
1518 1094 1571 1132 ad

139 1144 323 1184 militiam
357 1146 597 1200 palatinam,
636 1155 706 1187 aut
742 1149 795 1187 ob
836 1163 972 1188 recens
1022 1155 1173 1187 creatos
1215 1155 1416 1188 senatores
1433 1152 1452 1187 ¹?
1501 1155 1571 1187 aut

141 1200 304 1252 quando
331 1210 629 1242 recenserentur
657 1204 782 1256 capita
812 1211 852 1242 et
879 1203 1083 1243 facultates
1110 1204 1259 1242 civium
1275 1207 1295 1242 ’.Ρ

246 1254 356 1294 A.5.
381 1256 496 1310 [3¹o,
525 1257 609 1311 im]
648 1257 818 1309 δοθῆναι
859 1254 904 1297 τὸ
940 1256 1118 1310 βηλάριν
1154 1251 1248 1309 ἤτοι
1285 1255 1492 1308 κρεμάσαι
1517 1256 1564 1297 τὰ

137 1308 276 1352 πανὸν.
332 1311 549 1363 Παρέχειν
577 1308 622 1351 τὸ
650 1314 726 1351 τοῦ
763 1309 935 1351 ἱππικοῦ
962 1314 1088 1365 βῆλον
1116 1314 1172 1351 ait
1205 1320 1344 1352 auctor
1383 1313 1571 1352 Chronici

138 1363 401 1404 Alexandrini
441 1367 547 1419 apud
585 1368 654 1405 Du
692 1368 889 1420 Cangium
927 1382 965 1408 v.
996 1365 1147 1416 μάππα
1186 1375 1226 1407 et
1266 1369 1573 1420 Constantinop.

138 1417 285 1460 Christ.
313 1420 360 1457 L.
392 1421 442 1459 ll.
471 1435 512 1474 p.
550 1420 659 1471 104„
695 1422 763 1460 ubi
794 1424 850 1460 ait
878 1420 1076 1474 παρέχειν
1110 1418 1155 1461 τὸ
1195 1422 1324 1474 βῆλον
1353 1422 1471 1460 fuisse
1497 1436 1570 1461 sua

140 1473 335 1511 sententia
362 1473 477 1514 ludos
513 1476 703 1514 circenses
731 1477 923 1528 praebere
951 1490 1022 1514 seu
1058 1474 1259 1526 μάππαν,
1294 1478 1354 1514 uti
1391 1476 1571 1529 loquitur

140 1527 382 1567 Iustinianus
410 1529 567 1568 Novell.
601 1530 685 1569 CV.
701 1531 924 1585 CQsiodor.
955 1531 1029 1568 111.
1052 1532 1148 1570 51.:
1179 1532 1269 1569 hinc
1298 1539 1463 1569 tractum
1489 1540 1571 1581 est,

139 1590 182 1620 ut
208 1591 357 1621 ostensa
386 1597 535 1639 mappa
564 1593 669 1622 certa
699 1586 882 1624 videatur
915 1587 1124 1639 promissio
1168 1585 1569 1636 cz‘rcensiumfidum-

144 1650 250 1675 rum.
307 1638 539 1677 Cavendum
557 1646 691 1678 tamen
707 1669 719 1689 ‚
747 1654 797 1679 ne
825 1641 923 1679 haec
950 1655 1096 1693 mappa
1123 1648 1215 1679 ante
1243 1640 1349 1678 diem
1377 1640 1462 1678 ludi
1489 1640 1575 1679 edi-

142 1697 212 1738 ta,
241 1706 445 1744 suspensa,
474 1701 707 1743 monstrata,
725 1709 816 1734 cum
846 1695 913 1734 illa
940 1709 1104 1748 mappa,
1136 1709 1256 1748 quam
1284 1697 1371 1748 ipso
1399 1694 1483 1733 ludi
1511 1696 1576 1734 die

140 1746 280 1785 consul
307 1748 358 1785 ad
387 1762 511 1800 equos
538 1750 761 1788 carceribus
787 1750 1022 1788 emittendos
1050 1750 1308 1803 proiiciebat,
1349 1750 1571 1788 confunda-

142 1806 227 1839 tur.
282 1801 466 1841 Trahunt
494 1804 573 1842 huc
601 1805 723 1857 aliqui
755 1805 886 1843 locum
916 1805 1075 1857 Corippi
1097 1835 1108 1854 ‚
1138 1807 1206 1857 qni

361 1856 486 1909 Signa
514 1859 624 1897 dedic
645 1874 778 1898 cursor
797 1861 927 1913 posita
957 1860 1007 1898 de
1033 1875 1141 1899 more
1159 1861 1318 1898 lacerna
1350 1874 1358 1878 ·

141 1922 216 1961 pro
234 1909 392 1949 lucerna
420 1912 569 1965 legunt.
626 1914 718 1951 vid.
739 1915 1014 1952 Eschenbach.
1032 1914 1187 1953 dissert.
1208 1914 1381 1955 academ.
1405 1928 1447 1966 p.
1471 1912 1569 1954 538.

256 1963 307 2004 A.
325 1980 363 2018 7.
391 1967 517 2019 βω,
557 1967 637 2021 [5.]
669 1968 895 2022 θεσσαρύρ.
951 1969 1189 2018 Coun-acte,
1219 1977 1265 2007 ut
1304 1968 1431 2007 multa
1458 1976 1575 2019 sunt,

144 2031 247 2070 quae
274 2019 417 2072 vulgus
446 2023 584 2075 arripit
610 2038 655 2061 ex
685 2022 813 2062 aliena
842 2023 991 2076 lingua,
1026 2039 1099 2077 pro
1125 2021 1395 2077 θεσσεραρίῳ.
1450 2023 1576 2062 Vide-

146 2079 215 2110 tur
234 2071 374 2123 fuisse,
402 2078 472 2128 qui
500 2084 666 2116 tesseras
694 2077 970 2117 combinarum
1010 2093 1079 2118 seu
1107 2079 1398 2131 aurigationum
1426 2079 1578 2117 circen-

148 2128 256 2165 sium
278 2127 431 2169 edebat.

257 2181 366 2221 Ibid.
390 2183 506 2237 [31o‚
529 2185 616 2240 15.]
634 2184 741 2238 βάλε
769 2182 869 2227 ἅνω.
907 2188 1078 2226 Videtur
1104 2189 1207 2227 verti
1222 2201 1334 2241 posse
1361 2188 1476 2236 tolle,
1515 2197 1579 2227 at-

155 2236 247 2275 tolle
268 2237 334 2276 vel
354 2239 565 2290 suspende,
592 2255 736 2295 nempe
760 2244 905 2282 velum.
960 2244 1076 2282 Conf.
1093 2245 1137 2282 Β.
1167 2258 1200 2281 1.

257 2291 309 2329 A.
332 2291 373 2330 8.
398 2292 510 2346 [310.
538 2293 617 2348 ilp]
637 2294 695 2342 εἷς
726 2293 772 2335 τὸ
799 2294 950 2346 στάμα,
986 2291 1113 2349 ἤγουν
1139 2296 1198 2342 εἰς
1227 2293 1273 2334 τὸ
1304 2297 1366 2335 Π.
1394 2297 1577 2336 Porticus

148 2344 286 2384 similis
311 2346 465 2385 litterae
478 2348 653 2388 Graecae
682 2352 728 2389 Π
759 2358 798 2389 et
827 2352 918 2390 inde
945 2351 1051 2390 dicta
1080 2359 1164 2390 erat
1195 2354 1328 2390 statim
1346 2365 1480 2390 coram
1509 2365 1578 2390 ca-

148 2399 349 2439 thismate.
407 2402 584 2440 Similem
611 2407 809 2457 porticum
836 2420 927 2444 aere
964 2406 1155 2445 caelatam
1195 2407 1234 2444 in
1264 2407 1434 2458 imagine
1460 2405 1580 2445 villae

147 2452 387 2494 Diocletiani
415 2457 625 2497 saloninae
652 2459 811 2499 exhibet
837 2461 1010 2513 Sponius
1035 2462 1175 2500 Itiner.
1221 2461 1272 2498 T.
1294 2461 1326 2498 Ι.
1346 2475 1388 2514 p.
1419 2475 1484 2500 20.
1520 2461 1583 2500 Ut

150 2507 419 2562 intelligantur
445 2512 573 2550 forma
611 2515 707 2552 circi
749 2521 789 2553 et
818 2515 1014 2554 vocabula
1058 2516 1239 2568 deinceps
1266 2517 1419 2568 saepius
1445 2529 1581 2554 recur-

151 2574 243 2624 sura
259 2592 271 2609 ‚
315 2565 519 2605 subiiciam
557 2573 722 2621 typum,
750 2568 910 2624 qualem
946 2584 990 2609 ex
1018 2570 1137 2611 huius
1162 2570 1425 2613 cerimonialis
1460 2583 1578 2624 prae-

154 2623 299 2674 tempto
327 2622 464 2660 animo
491 2624 667 2676 concepi.
