1884 3132
153 150 229 191 AD
269 148 569 192 CONSTANT.
611 149 809 191 ponpa.
840 150 911 190 nr.
952 149 1132 191 emim.
1168 150 1268 191 Lm.
1310 151 1344 190 1.
1399 128 1513 204 475

81 251 156 291 Ut·
173 264 249 290 nos
276 249 397 291 hodie
430 252 594 292 nomina
631 251 832 305 qualitatis
863 266 947 291 non
986 259 1144 291 tantum
1175 253 1217 291 in
1247 253 1310 291 ich
1346 250 1411 291 vel
1446 252 1512 304 ig,

79 306 150 346 sed
194 309 313 346 etiam
353 308 396 346 in
425 308 501 359 ing
532 309 791 346 terminamus
806 337 819 357 ‚
856 308 912 346 sic
936 322 1099 360 quoque
1132 315 1282 347 veteres
1326 308 1519 347 Germani

80 375 152 400 seu
185 361 335 400 Franci
371 375 445 401 suo
489 376 597 400 more
632 376 712 401 non
744 368 902 401 tantum
943 376 986 400 m
1027 377 1080 415 ag
1110 370 1150 400 et
1185 378 1256 415 eg,
1285 362 1354 401 sed
1394 364 1515 402 etiam

80 416 121 454 in
149 431 232 469 ang
270 423 311 455 et
338 430 414 469 eng
452 417 733 456 terminabant.
791 417 874 455 Pro
909 432 1068 469 gryseus
1096 416 1112 470 (
1123 418 1306 470 greusig)
1329 416 1516 457 dicebant

75 485 317 524 grysengus,
353 471 437 510 vid.
462 472 529 510 Du
561 471 692 525 Gange
706 472 779 510 hac
802 486 889 510 voc.
922 486 933 520 ;
965 474 1020 510 ita
1057 486 1215 525 quoque
1245 487 1317 525 pro
1361 474 1518 526 welzn'g

79 526 267 565 dicebant
300 540 446 579 war-ag
475 534 515 566 et
538 541 679 579 wat-eg
704 535 743 566 et
765 542 939 579 wat-ang
957 534 996 565 et
1019 542 1199 580 wareng.
1257 528 1314 567 Ut
1344 527 1514 567 dicimus

78 580 272 634 Iiinglmg
286 595 365 633 pro,
387 595 457 630 eo,
489 584 557 634 qui
590 582 745 621 iuvenis
775 589 833 620 est
850 612 860 628 ‚
906 582 1107 634 Zwilling
1142 597 1216 635 pro
1242 597 1315 630 eo,
1347 585 1415 635 qui
1444 597 1512 636 ge-

79 635 223 674 mellus
248 643 337 686 est,
360 636 537 689 Ecleling
562 651 635 689 pro
665 637 789 675 nobili
817 644 893 675 etc.
914 667 925 684 ‚
954 639 1010 676 sic
1042 639 1194 690 optimo
1220 640 1328 687 iure,
1369 652 1511 692 quam-

35 686 39 690 ’
79 691 142 729 vis
170 692 266 730 us'us
286 705 369 730 non
398 691 681 744 adstipuletur,
713 706 914 745 possemus
949 692 1081 731 dicere
1111 693 1313 745 lVelir-ing
1332 707 1405 745 pro
1435 693 1512 733 ho-

78 746 188 784 mine
210 745 401 793 tutelari,
439 752 675 799 pretectore.
731 747 785 785 Et
818 747 860 786 id
885 762 1043 801 quoque
1077 750 1118 786 in
1153 763 1228 787 usu
1260 748 1357 786 olim
1391 748 1512 789 fuisse

76 799 223 852 probat
260 814 408 839 nomen
443 803 659 854 Beringer,
697 803 957 854 Berengarim
970 834 981 851 ,
1019 803 1126 854 quod
1159 803 1258 841 nihil
1290 803 1399 842 aliud
1423 812 1482 842 est
1496 835 1509 855 ,

76 868 199 907 quam
209 855 434 909 Bae-angus,
457 866 665 910 protector.
722 857 768 895 In
794 870 869 896 usu
897 858 1131 909 quotidiano
1156 866 1215 897 est
1233 857 1365 897 adhuc
1389 859 1510 899 hodie

75 923 151 948 vox
193 909 350 950 PVelzre
363 940 375 959 ‚
411 913 521 951 tuitio
536 942 546 958 ‚
594 914 798 966 protectio.
866 912 960 951 Siclt
995 928 1067 951 wt-
1102 913 1236 952 lVelu·
1275 915 1408 952 stellen
1425 945 1436 961 ‚
1467 929 1511 955 se

76 978 308 1017 comparare
332 965 383 1004 ad
405 980 447 1006 se
469 966 680 1006 tuendum.
739 967 845 1005 Hinc
879 982 974 1007 wat·
998 968 1137 1021 Anglis
1158 976 1197 1007 et
1220 984 1359 1022 guerre
1374 970 1409 1008 F
1411 984 1510 1008 ran-

76 1019 133 1058 cis
173 1018 284 1060 aliud
329 1020 430 1060 nihil
464 1029 544 1070 est,
575 1037 697 1076 quam
720 1028 900 1061 nostrum
935 1022 1110 1070 PVelne,
1143 1038 1219 1077 pro
1243 1026 1321 1063 aris
1351 1031 1391 1063 et
1412 1025 1510 1065 focis

75 1074 266 1115 dimicare
284 1089 296 1124 ς
324 1077 483 1115 welzoen
505 1077 674 1116 dicimus
698 1092 771 1130 pro
794 1092 929 1117 arcere
951 1092 974 1116 a
995 1079 1113 1117 nohis
1127 1109 1138 1129 ‚
1167 1093 1353 1118 amovere
1371 1110 1383 1127 ,
1411 1095 1508 1133 pro-

75 1127 224 1182 fligare.
278 1130 368 1169 Hoc
391 1145 508 1171 sensu
541 1139 670 1172 essent
697 1133 863 1186 Bai-angi
892 1130 930 1171 οἱ
960 1131 1263 1181 ἀποσοβοῦντες
1282 1164 1294 1185 ,
1322 1136 1391 1188 qui
1409 1136 1507 1174 sub-

74 1192 240 1224 movent
276 1185 459 1236 turbam,
511 1202 755 1241 aggressores
787 1188 1009 1242 profligant.
1077 1189 1153 1227 Vel
1196 1192 1252 1228 sie
1290 1198 1508 1242 potuerunt

75 1238 155 1278 dici
174 1269 188 1286 ‚
215 1240 310 1293 quia
341 1247 499 1280 tantum
540 1243 645 1282 bello
671 1245 852 1282 viverent
877 1251 915 1282 et
940 1243 1123 1283 mercede
1148 1244 1361 1284 militatum
1397 1254 1507 1286 extra

74 1294 245 1346 patriam
282 1297 397 1335 irent.
454 1297 689 1350 „PVaringe
719 1299 804 1350 (ait
840 1299 907 1337 Du
944 1300 1080 1353 Cange
1120 1314 1159 1338 v.
1195 1300 1503 1356 Gravaringvs)

75 1356 223 1388 vocant
237 1349 360 1404 Angli
379 1350 541 1401 milites,
558 1353 768 1400 vocabulo,
788 1361 833 1392 ut
856 1355 1028 1402 videtur,
1060 1354 1180 1393 ducto
1199 1369 1223 1393 a
1240 1370 1374 1394 werra
1386 1371 1403 1404 ,-
1429 1371 1505 1395 no-

74 1403 165 1442 stris
197 1404 385 1444 dicuntur
405 1408 577 1445 hommes
601 1409 649 1445 dx*
665 1423 818 1460 guerre.
829 1409 849 1423 ''
877 1411 926 1448 V.
945 1410 1012 1447 Du
1040 1410 1173 1462 Cange
1190 1424 1230 1448 v.
1262 1410 1501 1450 PVarantus.

76 1457 131 1496 Hi
158 1458 339 1512 Bau-angi
360 1459 424 1499 vel
454 1462 628 1511 Franci,
657 1463 698 1500 id
729 1471 788 1502 est
809 1471 1079 1516 protectores,
1109 1463 1344 1503 habitabant
1366 1467 1407 1503 in
1436 1480 1504 1504 ex-

35 1549 39 1552 .
74 1512 220 1552 cubitis
246 1515 311 1553 vel
340 1516 508 1554 statione
544 1517 832 1557 excubitorum.
887 1520 1062 1557 Zonaras
1082 1520 1125 1557 in
1149 1519 1313 1558 Alexio:
1345 1516 1384 1558 οἱ
1410 1518 1503 1559 Βά-

73 1580 220 1619 ραγγοι
263 1566 338 1622 τὴν
375 1568 419 1609 ἐν
454 1574 539 1617 τοῖς
574 1570 822 1621 ἔξκουβιῒοις
859 1571 1116 1626 διειληφότες
1154 1571 1279 1624 ὁδὸν,
1317 1570 1499 1627 ἔνθαπερ

72 1618 234 1669 τούτοις
261 1622 286 1676 ἦ
315 1622 563 1677 κατοίκησις.
591 1627 812 1666 Gestabant
830 1628 1093 1680 rhomphaeas
1116 1636 1155 1667 et
1177 1629 1366 1681 bipennes
1383 1644 1503 1683 super

74 1675 276 1729 humeris,
311 1679 376 1718 vel
422 1680 542 1719 etiam
579 1681 769 1734 bipennes
797 1683 848 1721 ad
873 1684 1003 1722 femur
1030 1683 1232 1722 habebant
1260 1685 1500 1737 pendentes3

74 1731 158 1771 vid.
171 1733 302 1772 Nostr.
331 1750 371 1788 p.
393 1736 516 1786 502.;
545 1743 585 1775 et
611 1736 685 1775 hos
718 1738 902 1791 intelligit
931 1738 1083 1777 Psellus
1113 1740 1154 1776 in
1183 1739 1359 1778 HistorIa
1400 1747 1503 1780 msta

74 1787 193 1838 (apud
214 1789 282 1827 Du
293 1790 428 1844 Gange
442 1806 483 1830 v.
506 1786 738 1844 ῥομφαία),
767 1794 928 1846 quando
966 1796 1034 1843 ait,
1052 1793 1307 1833 Theodoram
1328 1796 1500 1834 circum-

73 1843 226 1881 stetisse
249 1857 342 1883 cum
370 1845 457 1885 aliis
482 1848 774 1898 protectoribus
805 1862 870 1886 eos
891 1879 902 1899 ‚
931 1850 1000 1901 qui
1045 1863 1185 1901 graves
1227 1850 1333 1888 ferro
1357 1850 1501 1903 bipen-

74 1909 145 1934 nes
177 1911 223 1935 ex
262 1898 439 1940 humeris
475 1901 676 1940 librabant
695 1917 707 1941 :
748 1902 1103 1955 περιειστήκεισαν
1144 1902 1190 1943 δὲ
1224 1901 1380 1955 ταύτην
1421 1902 1506 1952 ἔξω

73 1947 179 2012 ξολὺ
208 1953 370 2004 πλῆθος
394 1978 416 1986 -
442 1979 465 1986 -
494 1953 532 1995 οἱ
557 1957 637 2006 μὲν
664 1956 763 2010 ξίφη
791 1958 1135 2009 περιεζωσμένοι,
1181 1955 1220 1997 οἱ
1259 1958 1296 1998 δ’
1314 1956 1395 1997 ἀπὸ
1419 1959 1504 1998 τῶν

75 2018 203 2066 {aptant
240 2003 451 2061 ῥομφαίας
484 2007 794 2064 βαρυσιδήρους
832 2013 1046 2062 ἑπέσειον,
1094 2007 1211 2052 ἄλλοι
1256 2013 1303 2052 δὲ
1343 2009 1501 2065 δόρατα

71 2058 331 2110 ηγκαλίζοιτο
358 2063 508 2117 ἑφεξῆς
533 2060 757 2118 ἑστηκότες.
811 2064 905 2107 Non
929 2067 1058 2107 solum
1094 2070 1133 2107 in
1163 2068 1253 2107 aula
1274 2068 1502 2108 militabant

71 2113 268 2168 Barangi‚
307 2118 375 2156 sed
414 2121 534 2159 etiam
582 2121 622 2159 in
650 2123 879 2174 provinciis.
934 2123 1120 2176 Scylitzes
1155 2125 1198 2162 in
1233 2124 1500 2163 Monomacho

73 2167 251 2209 Francos
284 2179 324 2210 et
346 2173 573 2227 Warangos
605 2176 645 2214 in
675 2175 805 2215 Iberia
833 2186 872 2216 et
904 2178 1070 2217 Chaldia
1104 2178 1297 2218 collocat:
1329 2177 1353 2216 ὅ
1380 2180 1502 2229 βασι-

72 2218 171 2269 λεὺς
193 2221 265 2264 τὸν
291 2223 523 2266 ἀκόλουθον
539 2227 721 2281 ΙΙΙιχαὴλ
746 2231 1124 2282 μεταπεμψάμενος
1149 2233 1196 2271 ἐκ
1220 2232 1294 2284 τῆς
1320 2229 1562 2285 ἑσπέραςεᾱ,
1575 2245 1612 2278 1..
1633 2246 1696 2281 150

71 2277 187 2331 [ergo
212 2279 393 2320 haeserat
424 2281 616 2322 hactenus
649 2299 741 2323 cum
773 2287 936 2326 cohorte
966 2302 1039 2326 sua
1088 2288 1129 2326 in
1154 2290 1301 2340 Magna
1330 2289 1498 2328 Graecia

73 2339 145 2371 aut
178 2334 220 2373 in
243 2335 464 2390 Dalmatia]
502 2336 561 2384 εἷς
594 2336 772 2403 Ἰβζζράιν
816 2339 1027 2390 ἐκπέμπει.
1082 2338 1126 2387 ὃς
1165 2341 1255 2380 ἐκεῖ
1286 2338 1500 2392 γενόμενος

73 2385 146 2425 καί
170 2385 271 2436 τούς
297 2389 623 2445 διεσπαρμένους
651 2407 697 2432 εν
717 2407 762 2432 τε
790 2395 957 2448 Χαλδίᾳ
995 2393 1069 2434 καί
1086 2394 1241 2451 Ἰβηρίᾳ
1282 2393 1501 2449 Φρὰγκους

75 2441 148 2480 καί
171 2443 418 2496 Βαράγγους
464 2445 666 2498 ἄγηωχώς
701 2445 877 2488 κωλύειν
918 2448 1107 2501 ἠπείγετο
1133 2449 1205 2489 τὸν
1232 2446 1376 2491 ἐνόντα
1402 2450 1500 2503 τρό-

72 2507 150 2534 πον
174 2497 251 2537 τοῦ
279 2497 531 2540 Σουλτάνου.
589 2503 786 2556 Barangos
822 2519 982 2557 quoque
1008 2507 1051 2543 in
1078 2505 1344 2557 expeditiones
1382 2507 1497 2546 belli-

74 2561 167 2600 035,
195 2567 295 2605 quas
321 2556 461 2595 Graeci
488 2557 717 2605 tentabant,
750 2561 881 2607 ivisse,
911 2567 1065 2598 constat
1092 2561 1211 2599 etiam
1237 2575 1260 2599 e
1298 2562 1498 2602 Chronico

77 2602 282 2647 casinensi
329 2609 384 2648 11.
417 2612 482 2665 57.
508 2626 549 2664 p.
574 2611 666 2652 363.
685 2643 697 2664 ‚
747 2613 815 2652 ubi
845 2615 986 2653 Graeci
1025 2615 1214 2655 dicuntur
1244 2615 1435 2670 Apuliam
1460 2628 1498 2658 ec

77 2658 302 2702 Calabriam
332 2666 409 2703 sibi
433 2668 652 2706 vindicasse
669 2698 680 2718 ‚
717 2670 873 2707 sociaci-5
895 2670 937 2707 in
974 2671 1168 2709 auxilium
1197 2685 1306 2709 suum
1333 2672 1465 2712 Danis
1480 2692 1494 2720 6

75 2712 204 2754 Βακὰ
254 2726 292 2756 et
329 2720 563 2761 Gualanm's.
616 2722 806 2763 Eiusdem
844 2725 1006 2777 originis
1032 2732 1165 2778 gentoe
1202 2733 1294 2764 sunt
1321 2728 1426 2766 Dani
1456 2736 1495 2768 et
