1884 3132
294 117 406 174 652
571 138 642 180 10.
685 138 789 180 me.
838 140 1033 181 nmsxn
1071 138 1449 185 confflmrAmi

289 253 390 280 num
413 238 509 294 947.
551 246 620 278 aut
665 239 762 293 948.
790 241 986 283 incidisse.
1051 241 1153 282 Nam
1192 257 1324 297 neque
1363 244 1637 298 Luitprandus
1665 261 1737 286 an-

290 310 390 335 num
417 297 761 344 commemoravit,
796 298 993 335 maiorum
1026 297 1227 352 negligens
1264 306 1304 338 et
1318 299 1578 340 minutiarum
1605 315 1742 342 conse-

295 359 448 399 ctator,
481 356 644 404 prorsus
671 358 717 389 ut
747 351 892 390 Noster
914 352 1019 391 infra
1036 367 1197 407 quoque
1221 368 1260 407 p.
1279 353 1373 405 545.
1389 355 1443 398 D.
1463 369 1503 394 2.
1525 385 1538 406 ,
1560 356 1625 395 die
1646 357 1737 396 Cal.

291 408 561 460 Augustarum
580 437 590 454 ,
626 406 705 453 ait,
738 406 869 461 Papia
905 423 1103 460 egressus,
1132 409 1201 448 sed
1225 423 1379 448 annum
1406 412 1547 450 reticet
1567 440 1580 462 ,
1603 411 1742 460 ,Vene-

290 465 366 502 tias
399 464 514 511 veni,
545 476 625 515 quo
653 475 796 514 nempe
826 461 952 501 CPlin
983 465 1058 502 iret
1076 494 1088 514 ‚
1118 479 1142 503 a
1175 465 1414 518 Berengario
1440 466 1641 517 secundo,
1669 468 1740 520 qui

292 532 401 558 anno
423 517 520 572 947.
579 516 718 555 Italiae
743 531 910 571 regnum
939 527 1271 572 recuperaverat,
1311 519 1406 559 illuc
1435 520 1602 574 legatus.
1639 521 1737 570 Ubi,

288 575 445 628 pergit,
473 583 511 612 et
525 572 779 612 Salomonem
799 574 977 612 comitem
990 603 1002 622 ,
1038 574 1155 624 (forte
1181 576 1330 614 comilis
1350 575 1615 629 appellatione
1638 591 1741 631 pro-

293 631 575 684 tospathariwn
598 627 727 667 voluit
755 630 974 681 exprimere
989 631 1018 679 ,)
1052 630 1292 669 Graecorum
1324 633 1502 671 nuntium
1515 661 1528 683 ,
1557 628 1742 671 κοιτωνί-

291 698 381 738 την,
410 685 620 724 eunaclumz
641 713 653 731 ,
684 685 817 738 reperi
838 684 888 722 ab
912 684 1117 739 Iizsssllania
1144 694 1182 725 ec
1206 685 1390 725 Saxonia
1427 701 1640 739 mgr-essum
1661 694 1739 727 etc.

293 740 352 780 At
379 740 480 794 quid
514 746 649 792 egerat
677 738 841 778 salomo
866 739 903 777 in
931 739 1124 792 Hispania
1146 748 1185 779 et
1211 741 1412 781 saxonia?
1468 742 1642 781 V1detur
1654 742 1741 781 Ro-

294 811 440 836 manus
488 796 721 847 Leeapenus
753 793 1046 847 expeditionem
1084 803 1224 835 contra
1267 796 1474 836 Cretenses
1522 797 1742 837 Saracenos

294 852 430 892 animo
462 852 615 904 agitans
639 850 678 887 in
711 850 941 888 societatem
976 849 1073 890 belli
1101 865 1234 905 regem
1267 850 1442 905 aliquem
1467 850 1743 892 Christianum

293 909 336 948 in
370 907 593 961 Hispania,
645 905 746 943 forte
792 905 1066 958 Arragonium
1085 934 1097 957 ,
1141 906 1354 946 sollicitare
1390 906 1561 947 voluisse
1582 938 1594 958 ,
1624 909 1693 960 qui
1720 921 1743 946 e

292 965 396 1003 mari
423 961 715 1002 mediterraneo
742 974 808 999 eos
841 960 1091 1009 adoriretur,
1123 968 1193 1000 aut
1219 961 1403 1014 regulum
1428 962 1638 1002 Valentiae
1649 963 1743 1001 Mu-

293 1017 608 1059 hammedanum
651 1016 772 1054 armis
796 1021 983 1065 vexaret,
1023 1030 1150 1070 eoque
1178 1016 1433 1069 prohiberet,
1461 1031 1513 1056 ne
1534 1018 1601 1057 ille
1623 1018 1742 1065 Sara-

293 1075 402 1114 cenis
443 1069 702 1111 Cretensibus
723 1098 736 1119 ,
779 1071 861 1109 suis
888 1071 1061 1121 civibus,
1103 1079 1367 1115 succurreret.
1421 1072 1607 1112 Saraceni
1636 1076 1743 1116 enim

295 1130 466 1182 Hispani
499 1141 521 1166 e
547 1140 671 1179 regno
698 1124 914 1164 Valentiae
934 1125 1095 1166 Cretam
1123 1128 1346 1179 imperante
1362 1126 1591 1180 Theophilo
1618 1143 1744 1182 rapu-

294 1192 424 1225 erant.
499 1181 609 1232 Quid
636 1188 770 1219 autem
796 1181 836 1219 in
866 1181 1034 1219 Saxonia
1075 1183 1199 1235 egerit
1226 1189 1313 1220 tum
1341 1182 1528 1236 quidem,
1560 1197 1641 1223 non
1676 1198 1745 1222 ex-

294 1248 412 1296 puto.
465 1236 689 1278 Volebatne
717 1235 922 1274 Othonem
944 1236 977 1274 I.
1010 1237 1295 1289 Imperatorem
1319 1239 1362 1276 in
1381 1237 1609 1278 societatem
1646 1238 1744 1278 belli

295 1297 487 1336 adversus
522 1291 689 1331 rebelles
719 1290 962 1344 Campaniae
979 1291 1137 1344 regulos
1167 1293 1401 1345 pertrahere
1416 1322 1428 1342 ,
1454 1299 1524 1332 aut
1553 1294 1743 1333 adversus

295 1349 530 1404 Hungariae
564 1361 698 1400 regem
736 1349 922 1386 armare?
993 1347 1095 1397 Quis
1128 1361 1271 1387 verum
1307 1347 1477 1388 dixerit?
1535 1349 1745 1403 Quidquid

294 1414 432 1447 autem
458 1403 579 1444 huius
607 1403 667 1440 rei
689 1402 766 1451 sit,
798 1401 989 1440 videntur
1020 1402 1189 1456 Hispani
1227 1402 1372 1457 legati,
1401 1417 1576 1456 quorum
1603 1405 1669 1444 hic
1700 1406 1746 1446 fit

293 1462 446 1503 mentio
462 1490 474 1512 .‚
506 1458 615 1498 missi
641 1456 693 1496 ab
720 1456 791 1496 illo
813 1457 993 1510 Hispano
1018 1472 1136 1511 rege,
1165 1458 1217 1498 ad
1258 1473 1379 1512 quem
1397 1459 1602 1499 Romanus
1626 1461 1745 1500 mise-

295 1525 387 1567 rat,
415 1523 463 1555 ut
497 1526 731 1566 responsum
763 1513 848 1552 eius
875 1513 927 1551 ad
945 1513 1090 1552 Graeci
1123 1513 1362 1567 legationem
1387 1515 1596 1554 referrent.
1654 1515 1744 1555 Ali-

293 1587 362 1614 am
393 1578 484 1626 post
518 1569 595 1608 hoc
622 1575 782 1620 tempus
821 1569 864 1607 in
893 1567 1127 1621 Hispaniam
1162 1571 1314 1609 misisse
1347 1569 1586 1623 legationem
1615 1573 1746 1624 ipsum

296 1626 606 1670 Constantinum
620 1623 673 1663 A.
695 1623 745 1662 C.
762 1621 877 1677 948„
897 1623 999 1663 sorte
1022 1638 1068 1663 ex
1086 1638 1134 1663 eo
1152 1631 1259 1677 patet
1275 1655 1287 1675 ‚
1315 1625 1422 1678 quod
1451 1625 1553 1664 infra
1581 1640 1621 1679 p.
1654 1625 1749 1666 583.

294 1686 428 1738 regiae
453 1680 567 1721 classi
598 1679 790 1718 adversus
817 1678 977 1718 Cretam
997 1678 1216 1718 destinatae
1236 1687 1519 1732 computantur
1544 1695 1637 1719 cum
1657 1681 1746 1720 aliis

295 1741 375 1780 tria
399 1737 560 1790 navigia
581 1765 592 1784 ‚
623 1734 723 1773 haec
762 1733 908 1773 dicitur
947 1736 1134 1774 ostiarius
1162 1741 1202 1773 et
1229 1736 1492 1788 nipsistiarius
1518 1735 1745 1789 Stephanus

299 1809 393 1835 cum
420 1795 527 1847 regia
556 1790 832 1830 commissione
873 1791 915 1828 in
946 1790 1181 1842 Hispaniam
1210 1792 1354 1829 missus
1384 1805 1519 1829 secum
1544 1793 1742 1830 sumsisse.

298 1850 374 1890 Illa
400 1857 534 1888 autem
561 1845 695 1886 classis
726 1844 917 1884 adversus
943 1846 1105 1884 Cretam
1129 1845 1309 1898 expedita
1337 1845 1413 1884 fuit
1433 1875 1444 1893 ,
1474 1852 1573 1885 teste
1597 1846 1747 1886 Nostro

300 1905 392 1946 Ind.
406 1905 503 1944 VII.
526 1902 579 1941 A.
605 1901 653 1940 C.
673 1898 771 1954 949.
790 1900 844 1938 V.
863 1900 1031 1939 dicenda
1059 1899 1110 1938 ad
1138 1914 1176 1953 p.
1195 1900 1289 1940 583.
1310 1900 1357 1940 C.
1375 1900 1416 1940 8.

410 1961 459 1999 B.
474 1958 517 1998 6.
548 1955 664 2012 [57ι,
694 1954 782 2009 15.]
810 1954 886 1994 τοῦ
926 1951 1130 2001 Φύλακος.
1199 1955 1367 2006 Plzylaoe
1388 1955 1665 2009 appellabatur
1690 1958 1747 1997 sie

297 2016 437 2065 nude,
479 2017 550 2067 qui
594 2012 746 2064 integre
784 2005 806 2048 ὅ
837 2006 976 2062 φύλαξ
1013 2008 1096 2048 τῶν
1121 2010 1351 2061 βασιλικῶν
1388 2010 1620 2064 θησαυρῶν
1647 2011 1746 2052 alias

300 2070 491 2113 audiebat
511 2099 522 2118 ,
569 2065 786 2118 (subintell.
823 2060 968 2114 οἶκος,)
998 2065 1136 2103 domus
1159 2074 1308 2117 custos,
1338 2065 1381 2105 id
1409 2073 1468 2106 est
1491 2067 1746 2118 custodiens,

299 2139 510 2168 asservans
559 2122 768 2160 thesauros
813 2122 966 2173 regiOS,
1008 2119 1364 2174 gazophylaciuin3
1413 2121 1495 2160 vid.
1537 2121 1743 2161 Constant.

303 2181 461 2236 Porph.
493 2181 533 2218 in
562 2179 645 2216 vita
657 2175 792 2215 Basilii
813 2175 1024 2214 Macedon.
1052 2189 1091 2227 p.
1121 2175 1208 2229 ¹57·
1230 2175 1284 2214 D.
1316 2182 1354 2214 et
1389 2176 1478 2230 159.
1503 2178 1549 2216 B.
1571 2191 1609 2216 2.
1640 2178 1747 2227 Quo-

304 2241 416 2278 niam
453 2233 606 2288 Phylax
651 2239 690 2270 et
717 2231 946 2269 vestiarium
975 2232 1163 2284 contiguo
1201 2237 1240 2269 et
1268 2230 1343 2269 sub
1372 2246 1454 2270 uno
1488 2239 1593 2271 tecto
1609 2239 1744 2279 erant,

303 2294 400 2333 hinc
428 2291 578 2331 factum
608 2286 703 2337 fuit,
733 2293 779 2323 ut
824 2299 950 2324 unum
991 2299 1063 2337 pro
1097 2285 1224 2324 altero
1266 2294 1492 2338 poneretur.
1547 2287 1583 2325 E
1612 2286 1744 2326 Nostri

300 2364 343 2402 p.
361 2363 382 2401 7
394 2363 407 2387 1
419 2376 428 2386 .
446 2345 499 2384 A.
517 2348 685 2387 constat,
716 2339 937 2394 Phylacem
963 2341 1068 2379 inter
1080 2340 1453 2395 Chrysotriclinium
1471 2348 1511 2381 et
1529 2341 1745 2394 Deiparam

300 2404 424 2444 Phari
452 2402 573 2440 situm
602 2398 733 2435 fuisse.

390 2458 487 2496 551.
507 2456 553 2493 Β.
578 2452 639 2491 13.
668 2450 787 2505 [573,
813 2448 872 2505 9.]
905 2445 951 2488 τὸ
992 2448 1272 2501 καμελαύκιον
1309 2447 1490 2491 ἵσταται.
1544 2450 1669 2503 Saepe
1700 2451 1746 2490 fit

305 2517 345 2553 in
375 2513 450 2551 hoc
479 2509 615 2549 codice
642 2505 792 2544 mentio
830 2506 996 2544 triclinii
1010 2535 1021 2555 ,
1061 2508 1102 2544 in
1133 2520 1209 2561 quo
1241 2514 1321 2544 stat
1350 2506 1640 2544 camelaucimn.
1660 2506 1745 2545 Pu-

306 2577 349 2607 to
378 2568 495 2605 fuisse
519 2562 762 2608 triclinium,
783 2561 823 2598 in
847 2561 959 2599 cuius
989 2561 1120 2599 medio
1154 2568 1224 2599 aut
1251 2562 1402 2599 steterit
1440 2559 1624 2598 columna
1653 2575 1747 2602 cum

307 2620 608 2672 superimposita
636 2614 811 2654 umbella
851 2614 915 2653 vel
943 2616 1151 2663 uranisco,
1202 2623 1270 2654 aut
1297 2613 1526 2667 pependerit
1553 2615 1746 2669 polycan-

308 2676 445 2716 delum
466 2705 475 2719 ,
507 2688 530 2711 a
561 2669 821 2711 similitudine
860 2684 951 2708 cum
993 2670 1232 2708 camelaucio
1262 2670 1316 2707 sic
1343 2669 1514 2717 dictum,
1544 2671 1654 2722 quod
1682 2686 1748 2710 ca-

309 2729 547 2770 melaucium
565 2755 576 2777 ,
606 2726 682 2764 hoc
721 2731 787 2778 est!
817 2724 1005 2773 infulam,
1048 2723 1279 2763 almucciam
1307 2725 1369 2775 (un
1403 2724 1526 2776 bonet)
1556 2725 1744 2774 referret,
