<?xml version="1.0" encoding="UTF-8"?>
<!DOCTYPE html PUBLIC "-//W3C//DTD XHTML 1.0 Transitional//EN"
    "http://www.w3.org/TR/xhtml1/DTD/xhtml1-transitional.dtd">
<html xmlns="http://www.w3.org/1999/xhtml" xml:lang="en" lang="en">
 <head>
  <title>
</title>
<meta http-equiv="Content-Type" content="text/html;charset=utf-8" />
  <meta name='ocr-system' content='tesseract 3.04.00' />
  <meta name='ocr-capabilities' content='ocr_page ocr_carea ocr_par ocr_line ocrx_word'/>
</head>
<body>
  <div class='ocr_page' id='page_1' title='image "./corpusscriptorum08niebuoft/corpusscriptorum08niebuoft_0115.png"; bbox 0 0 1832 3126; ppageno 0'>
   <div class='ocr_carea' id='block_1_1' title="bbox 163 200 1519 258">
    <p class='ocr_par' dir='ltr' id='par_1_1' title="bbox 163 200 1519 258">
     <span class='ocr_line' id='line_1_1' title="bbox 163 200 1519 258; baseline -0.007 -10"><span class='ocrx_word' id='word_1_1' title='bbox 163 204 239 248; x_wconf 77' lang='lat' dir='ltr'><strong>An</strong></span> <span class='ocrx_word' id='word_1_2' title='bbox 281 202 579 248; x_wconf 72' lang='lat' dir='ltr'><strong>coNsTm.</strong></span> <span class='ocrx_word' id='word_1_3' title='bbox 620 202 818 244; x_wconf 69' lang='lat' dir='ltr'><strong>Poura.</strong></span> <span class='ocrx_word' id='word_1_4' title='bbox 857 202 931 242; x_wconf 86' lang='lat' dir='ltr'><strong>DE</strong></span> <span class='ocrx_word' id='word_1_5' title='bbox 968 200 1150 243; x_wconf 72' lang='lat' dir='ltr'><strong>cmm.</strong></span> <span class='ocrx_word' id='word_1_6' title='bbox 1188 201 1287 242; x_wconf 74' lang='lat' dir='ltr'><strong>Lm.</strong></span> <span class='ocrx_word' id='word_1_7' title='bbox 1326 205 1360 242; x_wconf 88' lang='lat'><strong>1.</strong></span> <span class='ocrx_word' id='word_1_8' title='bbox 1418 204 1519 258; x_wconf 90' lang='lat'><strong>107</strong></span> 
     </span>
    </p>
   </div>
   <div class='ocr_carea' id='block_1_2' title="bbox 26 303 1526 2842">
    <p class='ocr_par' dir='ltr' id='par_1_2' title="bbox 88 303 1524 360">
     <span class='ocr_line' id='line_1_2' title="bbox 88 303 1524 360; baseline -0.003 -12"><span class='ocrx_word' id='word_1_9' title='bbox 88 309 155 348; x_wconf 79' lang='lat' dir='ltr'><strong>Hi</strong></span> <span class='ocrx_word' id='word_1_10' title='bbox 174 303 292 348; x_wconf 74' lang='lat' dir='ltr'><strong>Lat‘ci</strong></span> <span class='ocrx_word' id='word_1_11' title='bbox 325 316 415 347; x_wconf 79' lang='lat' dir='ltr'><strong>sunt</strong></span> <span class='ocrx_word' id='word_1_12' title='bbox 438 315 477 346; x_wconf 83' lang='lat' dir='ltr'><strong>et</strong></span> <span class='ocrx_word' id='word_1_13' title='bbox 507 308 550 345; x_wconf 82' lang='lat' dir='ltr'><strong>in</strong></span> <span class='ocrx_word' id='word_1_14' title='bbox 581 307 698 344; x_wconf 71' lang='lat' dir='ltr'><strong>chono</strong></span> <span class='ocrx_word' id='word_1_15' title='bbox 735 306 837 343; x_wconf 76' lang='lat' dir='ltr'><strong>inter</strong></span> <span class='ocrx_word' id='word_1_16' title='bbox 871 305 1031 343; x_wconf 58' lang='lat' dir='ltr'><strong>cler-thos</strong></span> <span class='ocrx_word' id='word_1_17' title='bbox 1061 306 1104 344; x_wconf 81' lang='lat' dir='ltr'><strong>in</strong></span> <span class='ocrx_word' id='word_1_18' title='bbox 1145 306 1264 343; x_wconf 72' lang='lat' dir='ltr'><strong>missa</strong></span> <span class='ocrx_word' id='word_1_19' title='bbox 1294 305 1524 360; x_wconf 79' lang='lat' dir='ltr'><em>Apostolum</em></span> 
     </span>
    </p>

    <p class='ocr_par' dir='ltr' id='par_1_3' title="bbox 30 360 1526 1404">
     <span class='ocr_line' id='line_1_3' title="bbox 223 360 1525 413; baseline 0 -12"><span class='ocrx_word' id='word_1_20' title='bbox 223 393 237 413; x_wconf 86' lang='lat'><em>‚</em></span> <span class='ocrx_word' id='word_1_21' title='bbox 277 363 365 412; x_wconf 82' lang='lat' dir='ltr'><strong>vel,</strong></span> <span class='ocrx_word' id='word_1_22' title='bbox 554 361 805 400; x_wconf 71' lang='lat' dir='ltr'><strong>mbdiacones</strong></span> <span class='ocrx_word' id='word_1_23' title='bbox 827 360 1012 411; x_wconf 75' lang='lat' dir='ltr'><strong>faciunt,</strong></span> <span class='ocrx_word' id='word_1_24' title='bbox 1059 369 1097 398; x_wconf 82' lang='lat' dir='ltr'><strong>et</strong></span> <span class='ocrx_word' id='word_1_25' title='bbox 1132 360 1177 398; x_wconf 74' lang='lat' dir='ltr'><strong>la·</strong></span> <span class='ocrx_word' id='word_1_26' title='bbox 1199 361 1378 412; x_wconf 75' lang='lat' dir='ltr'><strong>facitmt.</strong></span> <span class='ocrx_word' id='word_1_27' title='bbox 1434 361 1525 401; x_wconf 77' lang='lat' dir='ltr'><strong>Hos</strong></span> 
     </span>
     <span class='ocr_line' id='line_1_4' title="bbox 87 414 1525 472; baseline -0.003 -13"><span class='ocrx_word' id='word_1_28' title='bbox 87 420 233 471; x_wconf 73' lang='lat' dir='ltr'><strong>Affi‘ca</strong></span> <span class='ocrx_word' id='word_1_29' title='bbox 260 419 328 458; x_wconf 82' lang='lat' dir='ltr'><strong>vel</strong></span> <span class='ocrx_word' id='word_1_30' title='bbox 360 417 403 472; x_wconf 85' lang='lat' dir='ltr'><strong>[i</strong></span> <span class='ocrx_word' id='word_1_31' title='bbox 459 424 519 456; x_wconf 84' lang='lat' dir='ltr'><strong>est</strong></span> <span class='ocrx_word' id='word_1_32' title='bbox 543 415 606 470; x_wconf 82' lang='lat' dir='ltr'><strong>et]</strong></span> <span class='ocrx_word' id='word_1_33' title='bbox 638 415 822 469; x_wconf 29' lang='lat' dir='ltr'><strong>*reliquae</strong></span> <span class='ocrx_word' id='word_1_34' title='bbox 854 416 1028 466; x_wconf 75' lang='lat' dir='ltr'><em>regiones</em></span> <span class='ocrx_word' id='word_1_35' title='bbox 1055 414 1209 453; x_wconf 79' lang='lat' dir='ltr'><strong>habent.</strong></span> <span class='ocrx_word' id='word_1_36' title='bbox 1268 416 1378 470; x_wconf 85' lang='lat' dir='ltr'><strong>Ergo</strong></span> <span class='ocrx_word' id='word_1_37' title='bbox 1404 417 1525 456; x_wconf 86' lang='lat' dir='ltr'><strong>etiam</strong></span> 
     </span>
     <span class='ocr_line' id='line_1_5' title="bbox 86 468 1526 525; baseline -0.001 -13"><span class='ocrx_word' id='word_1_38' title='bbox 86 475 269 525; x_wconf 85' lang='lat' dir='ltr'><strong>Graeca,</strong></span> <span class='ocrx_word' id='word_1_39' title='bbox 312 474 432 511; x_wconf 88' lang='lat' dir='ltr'><strong>etiam</strong></span> <span class='ocrx_word' id='word_1_40' title='bbox 463 472 607 510; x_wconf 90' lang='lat' dir='ltr'><strong>Latina</strong></span> <span class='ocrx_word' id='word_1_41' title='bbox 641 469 818 508; x_wconf 84' lang='lat' dir='ltr'><strong>ecclesia.</strong></span> <span class='ocrx_word' id='word_1_42' title='bbox 877 470 1011 518; x_wconf 85' lang='lat' dir='ltr'><strong>Quem</strong></span> <span class='ocrx_word' id='word_1_43' title='bbox 1039 468 1106 507; x_wconf 91' lang='lat' dir='ltr'><strong>hic</strong></span> <span class='ocrx_word' id='word_1_44' title='bbox 1140 469 1320 510; x_wconf 90' lang='lat' dir='ltr'><strong>lictorem</strong></span> <span class='ocrx_word' id='word_1_45' title='bbox 1352 470 1526 524; x_wconf 86' lang='lat' dir='ltr'><strong>appellat</strong></span> 
     </span>
     <span class='ocr_line' id='line_1_6' title="bbox 87 523 1526 582; baseline -0.001 -14"><span class='ocrx_word' id='word_1_46' title='bbox 87 529 232 582; x_wconf 81' lang='lat' dir='ltr'>Papias</span> <span class='ocrx_word' id='word_1_47' title='bbox 246 558 260 578; x_wconf 90' lang='lat'>‚</span> <span class='ocrx_word' id='word_1_48' title='bbox 305 541 398 566; x_wconf 85' lang='lat' dir='ltr'><strong>eum</strong></span> <span class='ocrx_word' id='word_1_49' title='bbox 422 527 563 566; x_wconf 89' lang='lat' dir='ltr'><strong>Graeci</strong></span> <span class='ocrx_word' id='word_1_50' title='bbox 592 525 744 564; x_wconf 87' lang='lat' dir='ltr'><strong>Latinis</strong></span> <span class='ocrx_word' id='word_1_51' title='bbox 776 525 942 563; x_wconf 85' lang='lat' dir='ltr'><strong>retentis</strong></span> <span class='ocrx_word' id='word_1_52' title='bbox 970 523 1175 563; x_wconf 84' lang='lat' dir='ltr'><strong>vocabulis</strong></span> <span class='ocrx_word' id='word_1_53' title='bbox 1212 523 1458 566; x_wconf 78' lang='grc' dir='ltr'>δίπουτάτον</span> <span class='ocrx_word' id='word_1_54' title='bbox 1484 534 1526 567; x_wconf 88' lang='lat' dir='ltr'><strong>et</strong></span> 
     </span>
     <span class='ocr_line' id='line_1_7' title="bbox 88 577 1523 636; baseline -0.001 -14"><span class='ocrx_word' id='word_1_55' title='bbox 88 582 337 636; x_wconf 79' lang='grc' dir='ltr'>δεφένσωρα</span> <span class='ocrx_word' id='word_1_56' title='bbox 365 583 520 622; x_wconf 84' lang='lat' dir='ltr'><strong>dicunt.</strong></span> <span class='ocrx_word' id='word_1_57' title='bbox 578 580 831 632; x_wconf 86' lang='lat' dir='ltr'><strong>Imperatoris</strong></span> <span class='ocrx_word' id='word_1_58' title='bbox 859 577 955 617; x_wconf 90' lang='lat' dir='ltr'><strong>olim</strong></span> <span class='ocrx_word' id='word_1_59' title='bbox 980 586 1090 630; x_wconf 87' lang='lat' dir='ltr'><strong>erat,</strong></span> <span class='ocrx_word' id='word_1_60' title='bbox 1133 586 1180 618; x_wconf 91' lang='lat' dir='ltr'><strong>ut</strong></span> <span class='ocrx_word' id='word_1_61' title='bbox 1209 579 1426 621; x_wconf 83' lang='lat' dir='ltr'><strong>defensoris</strong></span> <span class='ocrx_word' id='word_1_62' title='bbox 1456 596 1523 621; x_wconf 89' lang='lat' dir='ltr'><strong>ec-</strong></span> 
     </span>
     <span class='ocr_line' id='line_1_8' title="bbox 87 635 1524 690; baseline -0.001 -13"><span class='ocrx_word' id='word_1_63' title='bbox 87 636 229 677; x_wconf 78' lang='lat' dir='ltr'><strong>clesiae</strong></span> <span class='ocrx_word' id='word_1_64' title='bbox 255 638 340 676; x_wconf 87' lang='lat' dir='ltr'><strong>nati</strong></span> <span class='ocrx_word' id='word_1_65' title='bbox 354 666 367 687; x_wconf 91' lang='lat'>,</span> <span class='ocrx_word' id='word_1_66' title='bbox 404 636 577 690; x_wconf 80' lang='lat' dir='ltr'><strong>aliquem</strong></span> <span class='ocrx_word' id='word_1_67' title='bbox 605 649 678 674; x_wconf 90' lang='lat' dir='ltr'><strong>suo</strong></span> <span class='ocrx_word' id='word_1_68' title='bbox 710 635 871 673; x_wconf 87' lang='lat' dir='ltr'><strong>nomine</strong></span> <span class='ocrx_word' id='word_1_69' title='bbox 900 635 1084 688; x_wconf 88' lang='lat' dir='ltr'><strong>vicesque</strong></span> <span class='ocrx_word' id='word_1_70' title='bbox 1115 649 1205 673; x_wconf 90' lang='lat' dir='ltr'><strong>suas</strong></span> <span class='ocrx_word' id='word_1_71' title='bbox 1241 643 1445 688; x_wconf 84' lang='lat' dir='ltr'><strong>gesturum</strong></span> <span class='ocrx_word' id='word_1_72' title='bbox 1473 637 1524 676; x_wconf 89' lang='lat' dir='ltr'><strong>de</strong></span> 
     </span>
     <span class='ocr_line' id='line_1_9' title="bbox 88 689 1526 745; baseline -0.001 -13"><span class='ocrx_word' id='word_1_73' title='bbox 88 693 308 732; x_wconf 84' lang='lat' dir='ltr'><strong>ministerio</strong></span> <span class='ocrx_word' id='word_1_74' title='bbox 333 706 407 732; x_wconf 87' lang='lat' dir='ltr'><strong>suo</strong></span> <span class='ocrx_word' id='word_1_75' title='bbox 430 692 471 730; x_wconf 91' lang='lat' dir='ltr'><strong>in</strong></span> <span class='ocrx_word' id='word_1_76' title='bbox 502 689 707 730; x_wconf 87' lang='lat' dir='ltr'><strong>ecclesiam</strong></span> <span class='ocrx_word' id='word_1_77' title='bbox 731 690 923 743; x_wconf 88' lang='lat' dir='ltr'><strong>deputare</strong></span> <span class='ocrx_word' id='word_1_78' title='bbox 937 719 949 739; x_wconf 89' lang='lat'>‚</span> <span class='ocrx_word' id='word_1_79' title='bbox 977 689 1054 728; x_wconf 93' lang='lat' dir='ltr'><strong>hoc</strong></span> <span class='ocrx_word' id='word_1_80' title='bbox 1080 697 1140 728; x_wconf 86' lang='lat' dir='ltr'><strong>est</strong></span> <span class='ocrx_word' id='word_1_81' title='bbox 1165 689 1346 741; x_wconf 88' lang='lat' dir='ltr'><strong>mittere,</strong></span> <span class='ocrx_word' id='word_1_82' title='bbox 1376 693 1447 745; x_wconf 85' lang='lat' dir='ltr'><strong>qui</strong></span> <span class='ocrx_word' id='word_1_83' title='bbox 1464 707 1526 731; x_wconf 93' lang='lat' dir='ltr'><strong>co-</strong></span> 
     </span>
     <span class='ocr_line' id='line_1_10' title="bbox 86 744 1525 801; baseline 0 -15"><span class='ocrx_word' id='word_1_84' title='bbox 86 760 176 786; x_wconf 87' lang='lat' dir='ltr'><strong>ram</strong></span> <span class='ocrx_word' id='word_1_85' title='bbox 198 746 424 801; x_wconf 71' lang='lat' dir='ltr'><strong>pau-iarcha</strong></span> <span class='ocrx_word' id='word_1_86' title='bbox 452 746 683 799; x_wconf 85' lang='lat' dir='ltr'><strong>procederet</strong></span> <span class='ocrx_word' id='word_1_87' title='bbox 696 774 709 795; x_wconf 86' lang='lat'>‚</span> <span class='ocrx_word' id='word_1_88' title='bbox 747 744 875 784; x_wconf 85' lang='lat' dir='ltr'><strong>ferula</strong></span> <span class='ocrx_word' id='word_1_89' title='bbox 898 745 1060 784; x_wconf 81' lang='lat' dir='ltr'><strong>turbam</strong></span> <span class='ocrx_word' id='word_1_90' title='bbox 1086 753 1240 784; x_wconf 83' lang='lat' dir='ltr'><strong>arceret</strong></span> <span class='ocrx_word' id='word_1_91' title='bbox 1253 775 1265 795; x_wconf 85' lang='lat'>‚</span> <span class='ocrx_word' id='word_1_92' title='bbox 1304 753 1345 785; x_wconf 89' lang='lat' dir='ltr'><strong>et</strong></span> <span class='ocrx_word' id='word_1_93' title='bbox 1372 747 1525 787; x_wconf 90' lang='lat' dir='ltr'><strong>clerum</strong></span> 
     </span>
     <span class='ocr_line' id='line_1_11' title="bbox 30 800 1522 856; baseline -0.001 -14"><span class='ocrx_word' id='word_1_94' title='bbox 30 814 35 818; x_wconf 84' lang='grc'><strong>”</strong></span> <span class='ocrx_word' id='word_1_95' title='bbox 87 816 181 842; x_wconf 83' lang='lat' dir='ltr'><strong>cum</strong></span> <span class='ocrx_word' id='word_1_96' title='bbox 208 802 329 842; x_wconf 88' lang='lat' dir='ltr'><strong>sacris</strong></span> <span class='ocrx_word' id='word_1_97' title='bbox 353 803 395 841; x_wconf 91' lang='lat' dir='ltr'><strong>in</strong></span> <span class='ocrx_word' id='word_1_98' title='bbox 417 801 624 840; x_wconf 90' lang='lat' dir='ltr'><strong>tribunam</strong></span> <span class='ocrx_word' id='word_1_99' title='bbox 649 801 933 840; x_wconf 84' lang='lat' dir='ltr'><strong>introduceret.</strong></span> <span class='ocrx_word' id='word_1_100' title='bbox 990 800 1114 839; x_wconf 86' lang='lat' dir='ltr'><strong>Unde</strong></span> <span class='ocrx_word' id='word_1_101' title='bbox 1139 800 1313 850; x_wconf 87' lang='lat' dir='ltr'><strong>factum,</strong></span> <span class='ocrx_word' id='word_1_102' title='bbox 1352 810 1420 852; x_wconf 89' lang='lat' dir='ltr'><strong>ut,</strong></span> <span class='ocrx_word' id='word_1_103' title='bbox 1452 804 1522 856; x_wconf 89' lang='lat' dir='ltr'><strong>qui</strong></span> 
     </span>
     <span class='ocr_line' id='line_1_12' title="bbox 89 856 1522 911; baseline 0 -15"><span class='ocrx_word' id='word_1_104' title='bbox 89 857 195 897; x_wconf 88' lang='lat' dir='ltr'><strong>idem</strong></span> <span class='ocrx_word' id='word_1_105' title='bbox 223 857 376 896; x_wconf 84' lang='lat' dir='ltr'><strong>faciunt</strong></span> <span class='ocrx_word' id='word_1_106' title='bbox 392 886 405 908; x_wconf 86' lang='lat'>,</span> <span class='ocrx_word' id='word_1_107' title='bbox 447 856 664 896; x_wconf 84' lang='lat' dir='ltr'><strong>hodiedum</strong></span> <span class='ocrx_word' id='word_1_108' title='bbox 705 871 728 895; x_wconf 91' lang='lat' dir='ltr'><strong>a</strong></span> <span class='ocrx_word' id='word_1_109' title='bbox 759 857 920 894; x_wconf 88' lang='lat' dir='ltr'><strong>Graecis</strong></span> <span class='ocrx_word' id='word_1_110' title='bbox 949 856 1126 911; x_wconf 80' lang='lat' dir='ltr'><strong>deputati</strong></span> <span class='ocrx_word' id='word_1_111' title='bbox 1146 856 1346 896; x_wconf 88' lang='lat' dir='ltr'><strong>dicantur.</strong></span> <span class='ocrx_word' id='word_1_112' title='bbox 1404 858 1522 897; x_wconf 82' lang='lat' dir='ltr'><strong>Conf.</strong></span> 
     </span>
     <span class='ocr_line' id='line_1_13' title="bbox 90 910 1522 966; baseline 0 -14"><span class='ocrx_word' id='word_1_113' title='bbox 90 912 231 952; x_wconf 82' lang='lat' dir='ltr'><strong>Saxius</strong></span> <span class='ocrx_word' id='word_1_114' title='bbox 269 913 320 952; x_wconf 90' lang='lat' dir='ltr'><strong>ad</strong></span> <span class='ocrx_word' id='word_1_115' title='bbox 349 911 579 965; x_wconf 88' lang='lat' dir='ltr'><strong>Landulphi</strong></span> <span class='ocrx_word' id='word_1_116' title='bbox 622 911 787 951; x_wconf 85' lang='lat' dir='ltr'><strong>iunioris</strong></span> <span class='ocrx_word' id='word_1_117' title='bbox 820 912 972 950; x_wconf 88' lang='lat' dir='ltr'><strong>Histor.</strong></span> <span class='ocrx_word' id='word_1_118' title='bbox 1005 910 1224 950; x_wconf 87' lang='lat' dir='ltr'><strong>Mediolan.</strong></span> <span class='ocrx_word' id='word_1_119' title='bbox 1254 927 1296 965; x_wconf 89' lang='lat' dir='ltr'><strong>p.</strong></span> <span class='ocrx_word' id='word_1_120' title='bbox 1322 911 1417 966; x_wconf 71' lang='grc'><strong>489.</strong></span> <span class='ocrx_word' id='word_1_121' title='bbox 1455 913 1522 952; x_wconf 86' lang='lat' dir='ltr'><strong>ed.</strong></span> 
     </span>
     <span class='ocr_line' id='line_1_14' title="bbox 85 965 1521 1022; baseline -0.001 -15"><span class='ocrx_word' id='word_1_122' title='bbox 85 968 285 1007; x_wconf 82' lang='lat' dir='ltr'><strong>Murator.</strong></span> <span class='ocrx_word' id='word_1_123' title='bbox 342 968 487 1022; x_wconf 79' lang='lat' dir='ltr'><strong>Symeo</strong></span> <span class='ocrx_word' id='word_1_124' title='bbox 515 966 874 1006; x_wconf 84' lang='lat' dir='ltr'><strong>Thessalonicensis</strong></span> <span class='ocrx_word' id='word_1_125' title='bbox 914 966 1092 1019; x_wconf 86' lang='lat' dir='ltr'><strong>profecto</strong></span> <span class='ocrx_word' id='word_1_126' title='bbox 1127 965 1244 1006; x_wconf 84' lang='lat' dir='ltr'><strong>claris</strong></span> <span class='ocrx_word' id='word_1_127' title='bbox 1273 967 1405 1006; x_wconf 86' lang='lat' dir='ltr'><strong>verbis</strong></span> <span class='ocrx_word' id='word_1_128' title='bbox 1438 969 1494 1007; x_wconf 90' lang='lat' dir='ltr'><strong>ait</strong></span> <span class='ocrx_word' id='word_1_129' title='bbox 1509 998 1521 1018; x_wconf 87' lang='lat'>‚</span> 
     </span>
     <span class='ocr_line' id='line_1_15' title="bbox 88 1021 1524 1077; baseline 0.001 -16"><span class='ocrx_word' id='word_1_130' title='bbox 88 1023 323 1077; x_wconf 83' lang='lat' dir='ltr'><strong>Imperatori</strong></span> <span class='ocrx_word' id='word_1_131' title='bbox 354 1037 399 1062; x_wconf 89' lang='lat' dir='ltr'><strong>ex</strong></span> <span class='ocrx_word' id='word_1_132' title='bbox 430 1022 549 1062; x_wconf 89' lang='lat' dir='ltr'><strong>titulo</strong></span> <span class='ocrx_word' id='word_1_133' title='bbox 580 1023 758 1075; x_wconf 84' lang='lat' dir='ltr'><strong>deputati</strong></span> <span class='ocrx_word' id='word_1_134' title='bbox 783 1029 823 1061; x_wconf 91' lang='lat' dir='ltr'><strong>et</strong></span> <span class='ocrx_word' id='word_1_135' title='bbox 852 1022 1068 1061; x_wconf 83' lang='lat' dir='ltr'><strong>defensoris</strong></span> <span class='ocrx_word' id='word_1_136' title='bbox 1094 1021 1279 1061; x_wconf 82' lang='lat' dir='ltr'><strong>ecclesiae</strong></span> <span class='ocrx_word' id='word_1_137' title='bbox 1310 1024 1370 1062; x_wconf 92' lang='lat' dir='ltr'><strong>ius</strong></span> <span class='ocrx_word' id='word_1_138' title='bbox 1401 1037 1524 1062; x_wconf 84' lang='lat' dir='ltr'><strong>acces-</strong></span> 
     </span>
     <span class='ocr_line' id='line_1_16' title="bbox 86 1077 1522 1130; baseline 0.001 -13"><span class='ocrx_word' id='word_1_139' title='bbox 86 1077 181 1117; x_wconf 78' lang='lat' dir='ltr'><strong>sisse</strong></span> <span class='ocrx_word' id='word_1_140' title='bbox 221 1078 263 1117; x_wconf 89' lang='lat' dir='ltr'><strong>in</strong></span> <span class='ocrx_word' id='word_1_141' title='bbox 294 1078 500 1117; x_wconf 85' lang='lat' dir='ltr'><strong>tribunam</strong></span> <span class='ocrx_word' id='word_1_142' title='bbox 539 1078 712 1117; x_wconf 86' lang='lat' dir='ltr'><strong>intrandi</strong></span> <span class='ocrx_word' id='word_1_143' title='bbox 751 1084 791 1116; x_wconf 86' lang='lat' dir='ltr'><strong>et</strong></span> <span class='ocrx_word' id='word_1_144' title='bbox 818 1085 1000 1116; x_wconf 87' lang='lat' dir='ltr'><strong>sanctum</strong></span> <span class='ocrx_word' id='word_1_145' title='bbox 1040 1091 1183 1130; x_wconf 89' lang='lat' dir='ltr'><strong>panem</strong></span> <span class='ocrx_word' id='word_1_146' title='bbox 1219 1078 1273 1116; x_wconf 90' lang='lat' dir='ltr'><strong>ibi</strong></span> <span class='ocrx_word' id='word_1_147' title='bbox 1314 1078 1365 1117; x_wconf 88' lang='lat' dir='ltr'><strong>de</strong></span> <span class='ocrx_word' id='word_1_148' title='bbox 1397 1093 1522 1118; x_wconf 88' lang='lat' dir='ltr'><strong>manu</strong></span> 
     </span>
     <span class='ocr_line' id='line_1_17' title="bbox 86 1133 1524 1188; baseline 0 -16"><span class='ocrx_word' id='word_1_149' title='bbox 86 1133 333 1186; x_wconf 80' lang='lat' dir='ltr'><strong>patriarchae</strong></span> <span class='ocrx_word' id='word_1_150' title='bbox 374 1134 590 1186; x_wconf 88' lang='lat' dir='ltr'><strong>accipiendi</strong></span> <span class='ocrx_word' id='word_1_151' title='bbox 629 1140 669 1172; x_wconf 88' lang='lat' dir='ltr'><strong>et</strong></span> <span class='ocrx_word' id='word_1_152' title='bbox 697 1133 901 1171; x_wconf 83' lang='lat' dir='ltr'><strong>vivificum</strong></span> <span class='ocrx_word' id='word_1_153' title='bbox 937 1133 1171 1186; x_wconf 84' lang='lat' dir='ltr'><strong>sanguinem</strong></span> <span class='ocrx_word' id='word_1_154' title='bbox 1200 1147 1223 1172; x_wconf 90' lang='lat' dir='ltr'><strong>e</strong></span> <span class='ocrx_word' id='word_1_155' title='bbox 1250 1133 1384 1188; x_wconf 76' lang='lat' dir='ltr'><strong>calyce</strong></span> <span class='ocrx_word' id='word_1_156' title='bbox 1422 1134 1524 1173; x_wconf 90' lang='lat' dir='ltr'><strong>han-</strong></span> 
     </span>
     <span class='ocr_line' id='line_1_18' title="bbox 87 1181 1524 1242; baseline 0.001 -16"><span class='ocrx_word' id='word_1_157' title='bbox 87 1188 232 1227; x_wconf 82' lang='lat' dir='ltr'><strong>riendi.</strong></span> <span class='ocrx_word' id='word_1_158' title='bbox 290 1187 386 1228; x_wconf 74' lang='grc' dir='ltr'><strong>Καὶ</strong></span> <span class='ocrx_word' id='word_1_159' title='bbox 418 1189 542 1228; x_wconf 83' lang='grc' dir='ltr'>τοῦτο</span> <span class='ocrx_word' id='word_1_160' title='bbox 574 1181 626 1241; x_wconf 78' lang='grc' dir='ltr'>ἦν</span> <span class='ocrx_word' id='word_1_161' title='bbox 653 1188 943 1238; x_wconf 75' lang='grc' dir='ltr'>νενομισμένον</span> <span class='ocrx_word' id='word_1_162' title='bbox 970 1181 1134 1227; x_wconf 75' lang='grc' dir='ltr'>ἄνωθεν</span> <span class='ocrx_word' id='word_1_163' title='bbox 1142 1219 1154 1237; x_wconf 92' lang='lat'><em>,</em></span> <span class='ocrx_word' id='word_1_164' title='bbox 1183 1185 1258 1228; x_wconf 74' lang='grc' dir='ltr'><strong>καὶ</strong></span> <span class='ocrx_word' id='word_1_165' title='bbox 1283 1184 1438 1242; x_wconf 77' lang='grc' dir='ltr'>ταύτην</span> <span class='ocrx_word' id='word_1_166' title='bbox 1465 1186 1524 1228; x_wconf 80' lang='grc' dir='ltr'><strong>εἴ-</strong></span> 
     </span>
     <span class='ocr_line' id='line_1_19' title="bbox 88 1238 1524 1296; baseline 0.002 -16"><span class='ocrx_word' id='word_1_167' title='bbox 88 1243 198 1296; x_wconf 83' lang='grc' dir='ltr'><strong><em>ληφε</em></strong></span> <span class='ocrx_word' id='word_1_168' title='bbox 232 1238 310 1295; x_wconf 68' lang='grc' dir='ltr'>τήν</span> <span class='ocrx_word' id='word_1_169' title='bbox 345 1240 471 1295; x_wconf 73' lang='grc' dir='ltr'>τιμὴν</span> <span class='ocrx_word' id='word_1_170' title='bbox 507 1239 578 1282; x_wconf 77' lang='grc' dir='ltr'><strong>διὰ</strong></span> <span class='ocrx_word' id='word_1_171' title='bbox 617 1242 664 1281; x_wconf 84' lang='grc' dir='ltr'><strong>τὸ</strong></span> <span class='ocrx_word' id='word_1_172' title='bbox 693 1242 856 1294; x_wconf 73' lang='grc' dir='ltr'><strong><em>χρίσμα</em></strong></span> <span class='ocrx_word' id='word_1_173' title='bbox 882 1242 957 1295; x_wconf 80' lang='grc' dir='ltr'><strong>τῆς</strong></span> <span class='ocrx_word' id='word_1_174' title='bbox 982 1241 1223 1294; x_wconf 71' lang='grc' dir='ltr'><strong><em>βασιλείας,</em></strong></span> <span class='ocrx_word' id='word_1_175' title='bbox 1271 1241 1329 1290; x_wconf 74' lang='grc' dir='ltr'><strong>ὥς</strong></span> <span class='ocrx_word' id='word_1_176' title='bbox 1356 1241 1430 1283; x_wconf 82' lang='grc' dir='ltr'><em>καί</em></span> <span class='ocrx_word' id='word_1_177' title='bbox 1455 1244 1524 1283; x_wconf 74' lang='grc' dir='ltr'><strong>δε-</strong></span> 
     </span>
     <span class='ocr_line' id='line_1_20' title="bbox 88 1293 1522 1353; baseline 0.003 -18"><span class='ocrx_word' id='word_1_178' title='bbox 88 1293 305 1337; x_wconf 78' lang='grc' dir='ltr'>πουτάτου</span> <span class='ocrx_word' id='word_1_179' title='bbox 331 1297 406 1350; x_wconf 82' lang='grc' dir='ltr'><strong>τῆς</strong></span> <span class='ocrx_word' id='word_1_180' title='bbox 432 1295 648 1351; x_wconf 73' lang='grc' dir='ltr'><strong><em>ἐκκλησίας</em></strong></span> <span class='ocrx_word' id='word_1_181' title='bbox 674 1295 797 1338; x_wconf 82' lang='grc' dir='ltr'><em>τόπον</em></span> <span class='ocrx_word' id='word_1_182' title='bbox 829 1294 968 1350; x_wconf 81' lang='grc' dir='ltr'>λαβών</span> <span class='ocrx_word' id='word_1_183' title='bbox 999 1294 1074 1337; x_wconf 71' lang='grc' dir='ltr'><strong>καὶ</strong></span> <span class='ocrx_word' id='word_1_184' title='bbox 1098 1295 1155 1344; x_wconf 79' lang='grc' dir='ltr'><strong>ὥς</strong></span> <span class='ocrx_word' id='word_1_185' title='bbox 1186 1299 1412 1353; x_wconf 82' lang='grc' dir='ltr'><strong>Λεφένσωρ</strong></span> <span class='ocrx_word' id='word_1_186' title='bbox 1444 1297 1522 1339; x_wconf 74' lang='grc' dir='ltr'><strong>αὖ-</strong></span> 
     </span>
     <span class='ocr_line' id='line_1_21' title="bbox 88 1350 368 1404; baseline 0.007 -14"><span class='ocrx_word' id='word_1_187' title='bbox 88 1351 165 1404; x_wconf 79' lang='grc' dir='ltr'><strong>τῆς</strong></span> <span class='ocrx_word' id='word_1_188' title='bbox 190 1350 368 1404; x_wconf 70' lang='grc' dir='ltr'><strong><em>κληθείς.</em></strong></span> 
     </span>
    </p>

    <p class='ocr_par' dir='ltr' id='par_1_4' title="bbox 85 1407 1523 1793">
     <span class='ocr_line' id='line_1_22' title="bbox 194 1407 1522 1463; baseline 0.002 -17"><span class='ocrx_word' id='word_1_189' title='bbox 194 1421 238 1461; x_wconf 88' lang='lat'><strong>9.</strong></span> <span class='ocrx_word' id='word_1_190' title='bbox 254 1408 310 1446; x_wconf 89' lang='lat' dir='ltr'><strong>D.</strong></span> <span class='ocrx_word' id='word_1_191' title='bbox 328 1407 483 1460; x_wconf 86' lang='lat' dir='ltr'><strong>penult.</strong></span> <span class='ocrx_word' id='word_1_192' title='bbox 502 1407 591 1462; x_wconf 78' lang='lat'><strong>[15‚</strong></span> <span class='ocrx_word' id='word_1_193' title='bbox 618 1408 703 1463; x_wconf 50' lang='grc'><strong>[4.]</strong></span> <span class='ocrx_word' id='word_1_194' title='bbox 733 1409 1074 1460; x_wconf 73' lang='grc' dir='ltr'><em>προσκυνοῦντες.</em></span> <span class='ocrx_word' id='word_1_195' title='bbox 1130 1409 1276 1462; x_wconf 85' lang='lat' dir='ltr'><strong>Nempe</strong></span> <span class='ocrx_word' id='word_1_196' title='bbox 1302 1410 1522 1448; x_wconf 78' lang='lat' dir='ltr'><strong>sanctifica-</strong></span> 
     </span>
     <span class='ocr_line' id='line_1_23' title="bbox 87 1463 1520 1517; baseline 0.002 -17"><span class='ocrx_word' id='word_1_197' title='bbox 87 1468 171 1509; x_wconf 81' lang='lat' dir='ltr'><strong>tam</strong></span> <span class='ocrx_word' id='word_1_198' title='bbox 195 1468 346 1501; x_wconf 72' lang='lat' dir='ltr'><strong>attactu</strong></span> <span class='ocrx_word' id='word_1_199' title='bbox 363 1463 610 1516; x_wconf 82' lang='lat' dir='ltr'><strong>patriarchae</strong></span> <span class='ocrx_word' id='word_1_200' title='bbox 628 1465 788 1502; x_wconf 86' lang='lat' dir='ltr'><strong>ianuam</strong></span> <span class='ocrx_word' id='word_1_201' title='bbox 813 1463 951 1503; x_wconf 92' lang='lat' dir='ltr'><strong>osculo</strong></span> <span class='ocrx_word' id='word_1_202' title='bbox 973 1465 1143 1503; x_wconf 88' lang='lat' dir='ltr'><strong>adorant</strong></span> <span class='ocrx_word' id='word_1_203' title='bbox 1157 1495 1169 1515; x_wconf 87' lang='lat'>‚</span> <span class='ocrx_word' id='word_1_204' title='bbox 1197 1472 1268 1504; x_wconf 88' lang='lat' dir='ltr'><strong>aut</strong></span> <span class='ocrx_word' id='word_1_205' title='bbox 1294 1465 1408 1503; x_wconf 90' lang='lat' dir='ltr'><strong>labiis</strong></span> <span class='ocrx_word' id='word_1_206' title='bbox 1427 1465 1520 1517; x_wconf 88' lang='lat' dir='ltr'><strong>ipsis</strong></span> 
     </span>
     <span class='ocr_line' id='line_1_24' title="bbox 87 1516 1523 1572; baseline 0.003 -18"><span class='ocrx_word' id='word_1_207' title='bbox 87 1516 300 1569; x_wconf 54' lang='lat' dir='ltr'><strong>impresso,</strong></span> <span class='ocrx_word' id='word_1_208' title='bbox 338 1526 409 1557; x_wconf 88' lang='lat' dir='ltr'><strong>aut</strong></span> <span class='ocrx_word' id='word_1_209' title='bbox 434 1533 457 1557; x_wconf 91' lang='lat' dir='ltr'><strong>e</strong></span> <span class='ocrx_word' id='word_1_210' title='bbox 482 1532 605 1556; x_wconf 88' lang='lat' dir='ltr'><strong>manu</strong></span> <span class='ocrx_word' id='word_1_211' title='bbox 628 1520 688 1557; x_wconf 89' lang='lat' dir='ltr'><strong>ori</strong></span> <span class='ocrx_word' id='word_1_212' title='bbox 719 1519 880 1557; x_wconf 89' lang='lat' dir='ltr'><strong>admota</strong></span> <span class='ocrx_word' id='word_1_213' title='bbox 913 1519 1057 1558; x_wconf 87' lang='lat' dir='ltr'><strong>iactato</strong></span> <span class='ocrx_word' id='word_1_214' title='bbox 1071 1549 1083 1568; x_wconf 89' lang='lat'>,</span> <span class='ocrx_word' id='word_1_215' title='bbox 1122 1526 1192 1558; x_wconf 88' lang='lat' dir='ltr'><strong>aut</strong></span> <span class='ocrx_word' id='word_1_216' title='bbox 1221 1519 1352 1558; x_wconf 86' lang='lat' dir='ltr'><strong>saltim</strong></span> <span class='ocrx_word' id='word_1_217' title='bbox 1380 1533 1523 1572; x_wconf 87' lang='lat' dir='ltr'><strong>corpo-</strong></span> 
     </span>
     <span class='ocr_line' id='line_1_25' title="bbox 88 1571 1523 1627; baseline 0.002 -18"><span class='ocrx_word' id='word_1_218' title='bbox 88 1571 143 1609; x_wconf 85' lang='lat' dir='ltr'><strong>ris</strong></span> <span class='ocrx_word' id='word_1_219' title='bbox 175 1578 215 1610; x_wconf 83' lang='lat' dir='ltr'><strong>et</strong></span> <span class='ocrx_word' id='word_1_220' title='bbox 242 1572 379 1624; x_wconf 84' lang='lat' dir='ltr'><strong>capitis</strong></span> <span class='ocrx_word' id='word_1_221' title='bbox 417 1572 689 1612; x_wconf 84' lang='lat' dir='ltr'><strong>inclinatione.</strong></span> <span class='ocrx_word' id='word_1_222' title='bbox 745 1573 935 1612; x_wconf 84' lang='lat' dir='ltr'><strong>Faciebat</strong></span> <span class='ocrx_word' id='word_1_223' title='bbox 967 1573 1044 1611; x_wconf 88' lang='lat' dir='ltr'><strong>hoc</strong></span> <span class='ocrx_word' id='word_1_224' title='bbox 1072 1575 1292 1626; x_wconf 82' lang='lat' dir='ltr'><strong>Imperator</strong></span> <span class='ocrx_word' id='word_1_225' title='bbox 1326 1589 1421 1627; x_wconf 85' lang='lat' dir='ltr'><strong>erga</strong></span> <span class='ocrx_word' id='word_1_226' title='bbox 1447 1575 1523 1612; x_wconf 88' lang='lat' dir='ltr'><strong>tri-</strong></span> 
     </span>
     <span class='ocr_line' id='line_1_26' title="bbox 89 1625 1523 1681; baseline 0.003 -17"><span class='ocrx_word' id='word_1_227' title='bbox 89 1625 224 1664; x_wconf 89' lang='lat' dir='ltr'><strong>bunae</strong></span> <span class='ocrx_word' id='word_1_228' title='bbox 250 1626 355 1666; x_wconf 82' lang='lat' dir='ltr'><strong>fores</strong></span> <span class='ocrx_word' id='word_1_229' title='bbox 374 1657 386 1677; x_wconf 88' lang='lat'><strong>‚</strong></span> <span class='ocrx_word' id='word_1_230' title='bbox 429 1628 538 1681; x_wconf 90' lang='lat' dir='ltr'><strong>quod</strong></span> <span class='ocrx_word' id='word_1_231' title='bbox 567 1627 633 1666; x_wconf 89' lang='lat' dir='ltr'><strong>alii</strong></span> <span class='ocrx_word' id='word_1_232' title='bbox 661 1642 754 1681; x_wconf 81' lang='lat' dir='ltr'><strong>erga</strong></span> <span class='ocrx_word' id='word_1_233' title='bbox 783 1629 922 1681; x_wconf 90' lang='lat' dir='ltr'><strong>pronai</strong></span> <span class='ocrx_word' id='word_1_234' title='bbox 951 1642 1022 1666; x_wconf 90' lang='lat' dir='ltr'><strong>seu</strong></span> <span class='ocrx_word' id='word_1_235' title='bbox 1048 1629 1139 1667; x_wconf 84' lang='lat' dir='ltr'><strong>atrii</strong></span> <span class='ocrx_word' id='word_1_236' title='bbox 1168 1629 1353 1668; x_wconf 68' lang='lat' dir='ltr'><strong>ecclesiae</strong></span> <span class='ocrx_word' id='word_1_237' title='bbox 1380 1630 1523 1668; x_wconf 84' lang='lat' dir='ltr'><strong>introi-</strong></span> 
     </span>
     <span class='ocr_line' id='line_1_27' title="bbox 86 1681 1520 1737; baseline 0.003 -19"><span class='ocrx_word' id='word_1_238' title='bbox 86 1687 175 1719; x_wconf 84' lang='lat' dir='ltr'><strong>tum</strong></span> <span class='ocrx_word' id='word_1_239' title='bbox 203 1681 402 1721; x_wconf 80' lang='lat' dir='ltr'><strong>faciebant</strong></span> <span class='ocrx_word' id='word_1_240' title='bbox 417 1713 429 1732; x_wconf 92' lang='lat'>‚</span> <span class='ocrx_word' id='word_1_241' title='bbox 467 1689 567 1722; x_wconf 89' lang='lat' dir='ltr'><strong>teste</strong></span> <span class='ocrx_word' id='word_1_242' title='bbox 601 1683 883 1737; x_wconf 78' lang='lat' dir='ltr'><strong>Chrysostomo</strong></span> <span class='ocrx_word' id='word_1_243' title='bbox 914 1682 1056 1722; x_wconf 85' lang='lat' dir='ltr'><strong>homil.</strong></span> <span class='ocrx_word' id='word_1_244' title='bbox 1084 1684 1151 1722; x_wconf 80' lang='lat'><strong>30.</strong></span> <span class='ocrx_word' id='word_1_245' title='bbox 1179 1685 1221 1722; x_wconf 92' lang='lat' dir='ltr'><strong>in</strong></span> <span class='ocrx_word' id='word_1_246' title='bbox 1248 1685 1363 1737; x_wconf 88' lang='lat' dir='ltr'><strong>epist.</strong></span> <span class='ocrx_word' id='word_1_247' title='bbox 1394 1698 1435 1722; x_wconf 84' lang='lat'><strong>2.</strong></span> <span class='ocrx_word' id='word_1_248' title='bbox 1468 1684 1520 1723; x_wconf 90' lang='lat' dir='ltr'><strong>ad</strong></span> 
     </span>
     <span class='ocr_line' id='line_1_28' title="bbox 85 1732 1520 1793; baseline 0.003 -19"><span class='ocrx_word' id='word_1_249' title='bbox 85 1735 336 1776; x_wconf 88' lang='lat' dir='ltr'><strong>Corinthios:</strong></span> <span class='ocrx_word' id='word_1_250' title='bbox 366 1732 466 1783; x_wconf 86' lang='grc' dir='ltr'>ναός</span> <span class='ocrx_word' id='word_1_251' title='bbox 502 1737 629 1788; x_wconf 81' lang='grc' dir='ltr'>ἐσμεν</span> <span class='ocrx_word' id='word_1_252' title='bbox 662 1740 737 1777; x_wconf 82' lang='grc' dir='ltr'><strong>τοῦ</strong></span> <span class='ocrx_word' id='word_1_253' title='bbox 772 1738 987 1791; x_wconf 75' lang='grc' dir='ltr'><em>Χριστοῦ·</em></span> <span class='ocrx_word' id='word_1_254' title='bbox 1043 1734 1097 1776; x_wconf 78' lang='grc' dir='ltr'><strong>τὰ</strong></span> <span class='ocrx_word' id='word_1_255' title='bbox 1136 1739 1276 1778; x_wconf 81' lang='grc' dir='ltr'>τοίνυν</span> <span class='ocrx_word' id='word_1_256' title='bbox 1319 1736 1520 1793; x_wconf 68' lang='grc' dir='ltr'><strong><em>πρόθυρα</em></strong></span> 
     </span>
    </p>

    <p class='ocr_par' dir='ltr' id='par_1_5' title="bbox 85 1789 1521 2012">
     <span class='ocr_line' id='line_1_29' title="bbox 124 1789 1518 1848; baseline 0.003 -20"><span class='ocrx_word' id='word_1_257' title='bbox 124 1791 295 1842; x_wconf 80' lang='grc' dir='ltr'>ιλοῦμεν</span> <span class='ocrx_word' id='word_1_258' title='bbox 326 1793 406 1831; x_wconf 79' lang='grc' dir='ltr'><strong>τοῦ</strong></span> <span class='ocrx_word' id='word_1_259' title='bbox 433 1794 560 1843; x_wconf 82' lang='grc' dir='ltr'>ναοῦ,</span> <span class='ocrx_word' id='word_1_260' title='bbox 596 1789 670 1832; x_wconf 81' lang='grc' dir='ltr'><em>καί</em></span> <span class='ocrx_word' id='word_1_261' title='bbox 706 1790 783 1845; x_wconf 77' lang='grc' dir='ltr'>τὴν</span> <span class='ocrx_word' id='word_1_262' title='bbox 815 1789 1000 1843; x_wconf 78' lang='grc' dir='ltr'>εἴσοδον,</span> <span class='ocrx_word' id='word_1_263' title='bbox 1044 1789 1250 1844; x_wconf 70' lang='grc' dir='ltr'><strong>ἀλλήλους</strong></span> <span class='ocrx_word' id='word_1_264' title='bbox 1287 1793 1518 1848; x_wconf 79' lang='grc' dir='ltr'>φιλοῦντες,</span> 
     </span>
     <span class='ocr_line' id='line_1_30' title="bbox 85 1842 1521 1902; baseline 0.003 -19"><span class='ocrx_word' id='word_1_265' title='bbox 85 1859 114 1898; x_wconf 87' lang='grc' dir='ltr'><em>η</em></span> <span class='ocrx_word' id='word_1_266' title='bbox 142 1843 224 1897; x_wconf 72' lang='lat'>⁰¹37:</span> <span class='ocrx_word' id='word_1_267' title='bbox 252 1843 380 1899; x_wconf 75' lang='grc' dir='ltr'><strong><em>ὁρᾶτε</em></strong></span> <span class='ocrx_word' id='word_1_268' title='bbox 409 1842 503 1886; x_wconf 75' lang='grc' dir='ltr'>ὅσοι</span> <span class='ocrx_word' id='word_1_269' title='bbox 528 1845 603 1887; x_wconf 81' lang='grc' dir='ltr'>καί</span> <span class='ocrx_word' id='word_1_270' title='bbox 630 1844 683 1888; x_wconf 75' lang='grc' dir='ltr'><strong>τὰ</strong></span> <span class='ocrx_word' id='word_1_271' title='bbox 725 1844 921 1899; x_wconf 73' lang='grc' dir='ltr'><strong><em>πρόθυρα</em></strong></span> <span class='ocrx_word' id='word_1_272' title='bbox 959 1848 1034 1887; x_wconf 82' lang='grc' dir='ltr'><strong>τοῦ</strong></span> <span class='ocrx_word' id='word_1_273' title='bbox 1060 1849 1166 1888; x_wconf 83' lang='grc' dir='ltr'><strong>ναοῦ</strong></span> <span class='ocrx_word' id='word_1_274' title='bbox 1193 1845 1341 1888; x_wconf 80' lang='grc' dir='ltr'>τούτου</span> <span class='ocrx_word' id='word_1_275' title='bbox 1370 1849 1521 1902; x_wconf 82' lang='grc' dir='ltr'>φιλοῦ-</span> 
     </span>
     <span class='ocr_line' id='line_1_31' title="bbox 86 1898 1521 1958; baseline 0.001 -19"><span class='ocrx_word' id='word_1_276' title='bbox 86 1913 178 1950; x_wconf 83' lang='grc' dir='ltr'>σιν,</span> <span class='ocrx_word' id='word_1_277' title='bbox 224 1898 264 1940; x_wconf 78' lang='grc' dir='ltr'><strong>οἱ</strong></span> <span class='ocrx_word' id='word_1_278' title='bbox 298 1900 378 1951; x_wconf 82' lang='grc' dir='ltr'>μὲν</span> <span class='ocrx_word' id='word_1_279' title='bbox 412 1899 644 1954; x_wconf 80' lang='grc' dir='ltr'>κύψαντες,</span> <span class='ocrx_word' id='word_1_280' title='bbox 691 1902 730 1942; x_wconf 85' lang='grc' dir='ltr'><strong>οἱ</strong></span> <span class='ocrx_word' id='word_1_281' title='bbox 761 1903 809 1943; x_wconf 80' lang='grc' dir='ltr'><strong>δὲ</strong></span> <span class='ocrx_word' id='word_1_282' title='bbox 835 1905 890 1954; x_wconf 82' lang='grc' dir='ltr'><strong>τῇ</strong></span> <span class='ocrx_word' id='word_1_283' title='bbox 927 1902 1042 1954; x_wconf 76' lang='grc' dir='ltr'><strong><em>χειρὶ</em></strong></span> <span class='ocrx_word' id='word_1_284' title='bbox 1063 1903 1324 1955; x_wconf 80' lang='grc' dir='ltr'>κατέχοντες,</span> <span class='ocrx_word' id='word_1_285' title='bbox 1364 1904 1438 1942; x_wconf 81' lang='grc' dir='ltr'><strong><em>καί</em></strong></span> <span class='ocrx_word' id='word_1_286' title='bbox 1462 1903 1521 1958; x_wconf 71' lang='grc' dir='ltr'><strong>τῷ·</strong></span> 
     </span>
     <span class='ocr_line' id='line_1_32' title="bbox 87 1949 1516 2012; baseline 0.003 -18"><span class='ocrx_word' id='word_1_287' title='bbox 87 1949 267 2006; x_wconf 78' lang='grc' dir='ltr'>στόματι</span> <span class='ocrx_word' id='word_1_288' title='bbox 286 1952 363 2008; x_wconf 68' lang='grc' dir='ltr'>τήν</span> <span class='ocrx_word' id='word_1_289' title='bbox 387 1961 512 2011; x_wconf 78' lang='grc' dir='ltr'><strong><em>χεῖρα</em></strong></span> <span class='ocrx_word' id='word_1_290' title='bbox 537 1955 824 2010; x_wconf 77' lang='grc' dir='ltr'>προσάγοντες.</span> <span class='ocrx_word' id='word_1_291' title='bbox 854 1957 1059 2012; x_wconf 84' lang='lat' dir='ltr'><strong>Reliquiae</strong></span> <span class='ocrx_word' id='word_1_292' title='bbox 1085 1959 1161 1997; x_wconf 91' lang='lat' dir='ltr'><strong>hae</strong></span> <span class='ocrx_word' id='word_1_293' title='bbox 1179 1966 1273 1998; x_wconf 88' lang='lat' dir='ltr'><strong>sunt</strong></span> <span class='ocrx_word' id='word_1_294' title='bbox 1288 1958 1516 2012; x_wconf 82' lang='lat' dir='ltr'><strong>gentilismi.</strong></span> 
     </span>
    </p>

    <p class='ocr_par' dir='ltr' id='par_1_6' title="bbox 26 2010 1518 2842">
     <span class='ocr_line' id='line_1_33' title="bbox 204 2010 1518 2068; baseline 0.004 -19"><span class='ocrx_word' id='word_1_295' title='bbox 204 2024 267 2050; x_wconf 88' lang='lat'><strong>10.</strong></span> <span class='ocrx_word' id='word_1_296' title='bbox 289 2011 344 2050; x_wconf 89' lang='lat' dir='ltr'><strong>A.</strong></span> <span class='ocrx_word' id='word_1_297' title='bbox 369 2025 403 2050; x_wconf 78' lang='grc' dir='ltr'><strong>ι.</strong></span> <span class='ocrx_word' id='word_1_298' title='bbox 430 2011 522 2066; x_wconf 79' lang='grc'>[[5,</span> <span class='ocrx_word' id='word_1_299' title='bbox 560 2013 647 2068; x_wconf 83' lang='lat'><strong>16.]</strong></span> <span class='ocrx_word' id='word_1_300' title='bbox 681 2010 940 2063; x_wconf 71' lang='grc' dir='ltr'>ἀσπάζονται</span> <span class='ocrx_word' id='word_1_301' title='bbox 966 2010 1011 2053; x_wconf 80' lang='grc' dir='ltr'><strong>τὸ</strong></span> <span class='ocrx_word' id='word_1_302' title='bbox 1042 2012 1211 2064; x_wconf 70' lang='grc' dir='ltr'>ταβλίον</span> <span class='ocrx_word' id='word_1_303' title='bbox 1235 2015 1311 2067; x_wconf 79' lang='grc' dir='ltr'><strong>τῆς</strong></span> <span class='ocrx_word' id='word_1_304' title='bbox 1334 2013 1518 2066; x_wconf 73' lang='grc' dir='ltr'>ἑνδυτῆς.</span> 
     </span>
     <span class='ocr_line' id='line_1_34' title="bbox 87 2063 1516 2108; baseline 0.003 -6"><span class='ocrx_word' id='word_1_305' title='bbox 87 2063 176 2103; x_wconf 86' lang='lat' dir='ltr'><strong>Non</strong></span> <span class='ocrx_word' id='word_1_306' title='bbox 204 2064 350 2104; x_wconf 86' lang='lat' dir='ltr'><strong>licebat</strong></span> <span class='ocrx_word' id='word_1_307' title='bbox 383 2067 469 2106; x_wconf 89' lang='lat' dir='ltr'><strong>aliis</strong></span> <span class='ocrx_word' id='word_1_308' title='bbox 504 2068 613 2108; x_wconf 89' lang='lat' dir='ltr'><strong>laicis</strong></span> <span class='ocrx_word' id='word_1_309' title='bbox 648 2069 853 2108; x_wconf 88' lang='lat' dir='ltr'><strong>tribunam</strong></span> <span class='ocrx_word' id='word_1_310' title='bbox 885 2076 925 2108; x_wconf 87' lang='lat' dir='ltr'><strong>et</strong></span> <span class='ocrx_word' id='word_1_311' title='bbox 952 2084 1109 2108; x_wconf 91' lang='lat' dir='ltr'><strong>sacrum</strong></span> <span class='ocrx_word' id='word_1_312' title='bbox 1140 2069 1276 2108; x_wconf 85' lang='lat' dir='ltr'><strong>altaris</strong></span> <span class='ocrx_word' id='word_1_313' title='bbox 1306 2070 1516 2108; x_wconf 87' lang='lat' dir='ltr'><strong>instratum</strong></span> 
     </span>
     <span class='ocr_line' id='line_1_35' title="bbox 86 2118 1514 2178; baseline 0.004 -21"><span class='ocrx_word' id='word_1_314' title='bbox 86 2118 283 2171; x_wconf 83' lang='lat' dir='ltr'><strong>osculari3</strong></span> <span class='ocrx_word' id='word_1_315' title='bbox 310 2122 419 2174; x_wconf 85' lang='lat' dir='ltr'><strong>quod</strong></span> <span class='ocrx_word' id='word_1_316' title='bbox 446 2125 640 2176; x_wconf 88' lang='lat' dir='ltr'><strong>posterius</strong></span> <span class='ocrx_word' id='word_1_317' title='bbox 667 2139 719 2163; x_wconf 92' lang='lat' dir='ltr'><strong>ne</strong></span> <span class='ocrx_word' id='word_1_318' title='bbox 747 2126 838 2178; x_wconf 90' lang='lat' dir='ltr'><strong>ipsis</strong></span> <span class='ocrx_word' id='word_1_319' title='bbox 863 2125 1025 2178; x_wconf 89' lang='lat' dir='ltr'><strong>quidem</strong></span> <span class='ocrx_word' id='word_1_320' title='bbox 1051 2125 1332 2178; x_wconf 78' lang='lat' dir='ltr'><strong>hypodiaconis</strong></span> <span class='ocrx_word' id='word_1_321' title='bbox 1354 2123 1514 2163; x_wconf 83' lang='lat' dir='ltr'><strong>licebat.</strong></span> 
     </span>
     <span class='ocr_line' id='line_1_36' title="bbox 88 2174 1517 2233; baseline 0.003 -21"><span class='ocrx_word' id='word_1_322' title='bbox 88 2174 258 2214; x_wconf 78' lang='lat' dir='ltr'><strong>Diaconi</strong></span> <span class='ocrx_word' id='word_1_323' title='bbox 277 2190 429 2216; x_wconf 90' lang='lat' dir='ltr'><strong>cornua</strong></span> <span class='ocrx_word' id='word_1_324' title='bbox 445 2193 515 2217; x_wconf 90' lang='lat' dir='ltr'><strong>seu</strong></span> <span class='ocrx_word' id='word_1_325' title='bbox 541 2179 708 2233; x_wconf 84' lang='lat' dir='ltr'><strong>angulos</strong></span> <span class='ocrx_word' id='word_1_326' title='bbox 729 2181 813 2220; x_wconf 88' lang='lat' dir='ltr'><strong>eius</strong></span> <span class='ocrx_word' id='word_1_327' title='bbox 832 2187 991 2219; x_wconf 86' lang='lat' dir='ltr'><strong>tantum</strong></span> <span class='ocrx_word' id='word_1_328' title='bbox 1018 2181 1301 2219; x_wconf 82' lang='lat' dir='ltr'><strong>osculabantur</strong></span> <span class='ocrx_word' id='word_1_329' title='bbox 1318 2209 1330 2231; x_wconf 93' lang='lat'>,</span> <span class='ocrx_word' id='word_1_330' title='bbox 1358 2179 1517 2232; x_wconf 84' lang='lat' dir='ltr'><strong>presby-</strong></span> 
     </span>
     <span class='ocr_line' id='line_1_37' title="bbox 26 2230 1517 2289; baseline 0.003 -22"><span class='ocrx_word' id='word_1_331' title='bbox 26 2274 31 2278; x_wconf 39' lang='lat'>·</span> <span class='ocrx_word' id='word_1_332' title='bbox 86 2230 163 2268; x_wconf 82' lang='lat' dir='ltr'><strong>teri</strong></span> <span class='ocrx_word' id='word_1_333' title='bbox 189 2237 230 2268; x_wconf 88' lang='lat' dir='ltr'><strong>et</strong></span> <span class='ocrx_word' id='word_1_334' title='bbox 252 2233 432 2284; x_wconf 85' lang='lat' dir='ltr'><strong>superior</strong></span> <span class='ocrx_word' id='word_1_335' title='bbox 459 2233 587 2273; x_wconf 90' lang='lat' dir='ltr'><strong>clerus</strong></span> <span class='ocrx_word' id='word_1_336' title='bbox 612 2236 803 2275; x_wconf 89' lang='lat' dir='ltr'><strong>medium.</strong></span> <span class='ocrx_word' id='word_1_337' title='bbox 862 2237 1094 2289; x_wconf 89' lang='lat' dir='ltr'><strong>Imperatori</strong></span> <span class='ocrx_word' id='word_1_338' title='bbox 1114 2250 1206 2288; x_wconf 87' lang='lat' dir='ltr'><strong>ergo</strong></span> <span class='ocrx_word' id='word_1_339' title='bbox 1222 2266 1234 2286; x_wconf 90' lang='lat'>,</span> <span class='ocrx_word' id='word_1_340' title='bbox 1262 2242 1309 2274; x_wconf 89' lang='lat' dir='ltr'><strong>ut</strong></span> <span class='ocrx_word' id='word_1_341' title='bbox 1330 2248 1403 2287; x_wconf 88' lang='lat' dir='ltr'><strong>pro</strong></span> <span class='ocrx_word' id='word_1_342' title='bbox 1425 2234 1517 2272; x_wconf 89' lang='lat' dir='ltr'><strong>Dia-</strong></span> 
     </span>
     <span class='ocr_line' id='line_1_38' title="bbox 89 2289 1517 2344; baseline 0.004 -22"><span class='ocrx_word' id='word_1_343' title='bbox 89 2298 192 2323; x_wconf 87' lang='lat' dir='ltr'><strong>cono</strong></span> <span class='ocrx_word' id='word_1_344' title='bbox 220 2293 403 2339; x_wconf 89' lang='lat' dir='ltr'><strong>reputato</strong></span> <span class='ocrx_word' id='word_1_345' title='bbox 418 2317 430 2338; x_wconf 87' lang='lat'>,</span> <span class='ocrx_word' id='word_1_346' title='bbox 457 2289 726 2342; x_wconf 87' lang='lat' dir='ltr'><strong>tribuebatur,</strong></span> <span class='ocrx_word' id='word_1_347' title='bbox 749 2291 863 2332; x_wconf 87' lang='lat' dir='ltr'><strong>velut</strong></span> <span class='ocrx_word' id='word_1_348' title='bbox 884 2306 1074 2344; x_wconf 81' lang='lat' dir='ltr'><strong>magnum</strong></span> <span class='ocrx_word' id='word_1_349' title='bbox 1103 2291 1199 2343; x_wconf 83' lang='lat' dir='ltr'><strong>quid</strong></span> <span class='ocrx_word' id='word_1_350' title='bbox 1214 2321 1226 2342; x_wconf 88' lang='lat'>‚</span> <span class='ocrx_word' id='word_1_351' title='bbox 1259 2289 1427 2328; x_wconf 85' lang='lat' dir='ltr'><strong>facultas</strong></span> <span class='ocrx_word' id='word_1_352' title='bbox 1453 2303 1517 2328; x_wconf 88' lang='lat' dir='ltr'><strong>sa-</strong></span> 
     </span>
     <span class='ocr_line' id='line_1_39' title="bbox 88 2341 1517 2400; baseline 0.004 -23"><span class='ocrx_word' id='word_1_353' title='bbox 88 2353 200 2378; x_wconf 87' lang='lat' dir='ltr'><strong>cram</strong></span> <span class='ocrx_word' id='word_1_354' title='bbox 226 2341 415 2395; x_wconf 86' lang='lat' dir='ltr'><strong>endytam</strong></span> <span class='ocrx_word' id='word_1_355' title='bbox 445 2344 677 2396; x_wconf 87' lang='lat' dir='ltr'><strong>osculandi,</strong></span> <span class='ocrx_word' id='word_1_356' title='bbox 707 2361 791 2385; x_wconf 88' lang='lat' dir='ltr'><strong>non</strong></span> <span class='ocrx_word' id='word_1_357' title='bbox 822 2354 957 2385; x_wconf 86' lang='lat' dir='ltr'><strong>tamen</strong></span> <span class='ocrx_word' id='word_1_358' title='bbox 982 2347 1151 2400; x_wconf 85' lang='lat' dir='ltr'><strong>propriis</strong></span> <span class='ocrx_word' id='word_1_359' title='bbox 1181 2345 1358 2398; x_wconf 84' lang='lat' dir='ltr'><strong>tangenti</strong></span> <span class='ocrx_word' id='word_1_360' title='bbox 1386 2345 1517 2383; x_wconf 87' lang='lat' dir='ltr'><strong>mani-</strong></span> 
     </span>
     <span class='ocr_line' id='line_1_40' title="bbox 90 2393 1514 2452; baseline 0.004 -20"><span class='ocrx_word' id='word_1_361' title='bbox 90 2393 190 2444; x_wconf 80' lang='lat' dir='ltr'><strong>bus,</strong></span> <span class='ocrx_word' id='word_1_362' title='bbox 228 2396 297 2435; x_wconf 85' lang='lat' dir='ltr'><strong>sed</strong></span> <span class='ocrx_word' id='word_1_363' title='bbox 328 2399 473 2438; x_wconf 76' lang='lat' dir='ltr'><strong>sanctis</strong></span> <span class='ocrx_word' id='word_1_364' title='bbox 510 2401 758 2452; x_wconf 88' lang='lat' dir='ltr'><strong>patriarchae</strong></span> <span class='ocrx_word' id='word_1_365' title='bbox 795 2402 979 2441; x_wconf 82' lang='lat' dir='ltr'><strong>manibus</strong></span> <span class='ocrx_word' id='word_1_366' title='bbox 1013 2401 1211 2440; x_wconf 85' lang='lat' dir='ltr'><strong>sublatam</strong></span> <span class='ocrx_word' id='word_1_367' title='bbox 1234 2407 1274 2439; x_wconf 88' lang='lat' dir='ltr'><strong>et</strong></span> <span class='ocrx_word' id='word_1_368' title='bbox 1295 2400 1514 2439; x_wconf 84' lang='lat' dir='ltr'><strong>obmotam.</strong></span> 
     </span>
     <span class='ocr_line' id='line_1_41' title="bbox 89 2448 1517 2510; baseline 0.006 -23"><span class='ocrx_word' id='word_1_369' title='bbox 89 2448 316 2490; x_wconf 85' lang='lat' dir='ltr'><strong>Adoratum</strong></span> <span class='ocrx_word' id='word_1_370' title='bbox 339 2451 474 2493; x_wconf 84' lang='lat' dir='ltr'><strong>altaris</strong></span> <span class='ocrx_word' id='word_1_371' title='bbox 495 2456 707 2495; x_wconf 87' lang='lat' dir='ltr'><strong>instratum</strong></span> <span class='ocrx_word' id='word_1_372' title='bbox 727 2457 779 2496; x_wconf 88' lang='lat' dir='ltr'><strong>ab</strong></span> <span class='ocrx_word' id='word_1_373' title='bbox 806 2458 1052 2510; x_wconf 86' lang='lat' dir='ltr'><strong>Imperatore</strong></span> <span class='ocrx_word' id='word_1_374' title='bbox 1076 2457 1131 2494; x_wconf 88' lang='lat' dir='ltr'><strong>ait</strong></span> <span class='ocrx_word' id='word_1_375' title='bbox 1160 2455 1432 2495; x_wconf 90' lang='lat' dir='ltr'><strong>Ceremoniale</strong></span> <span class='ocrx_word' id='word_1_376' title='bbox 1449 2471 1517 2495; x_wconf 90' lang='lat' dir='ltr'><strong>no-</strong></span> 
     </span>
     <span class='ocr_line' id='line_1_42' title="bbox 86 2507 1516 2566; baseline 0.006 -24"><span class='ocrx_word' id='word_1_377' title='bbox 86 2511 215 2544; x_wconf 81' lang='lat' dir='ltr'><strong>strum</strong></span> <span class='ocrx_word' id='word_1_378' title='bbox 252 2507 293 2545; x_wconf 88' lang='lat' dir='ltr'><strong>in</strong></span> <span class='ocrx_word' id='word_1_379' title='bbox 329 2507 469 2548; x_wconf 89' lang='lat' dir='ltr'><strong>tablio.</strong></span> <span class='ocrx_word' id='word_1_380' title='bbox 526 2511 706 2550; x_wconf 90' lang='lat' dir='ltr'><strong>Ubinam</strong></span> <span class='ocrx_word' id='word_1_381' title='bbox 741 2527 834 2566; x_wconf 85' lang='lat' dir='ltr'><strong>ergo</strong></span> <span class='ocrx_word' id='word_1_382' title='bbox 861 2512 1033 2564; x_wconf 87' lang='lat' dir='ltr'><strong>positum</strong></span> <span class='ocrx_word' id='word_1_383' title='bbox 1070 2517 1154 2550; x_wconf 85' lang='lat' dir='ltr'><strong>crat</strong></span> <span class='ocrx_word' id='word_1_384' title='bbox 1189 2510 1356 2550; x_wconf 86' lang='lat' dir='ltr'><strong>tablium</strong></span> <span class='ocrx_word' id='word_1_385' title='bbox 1388 2512 1428 2550; x_wconf 88' lang='lat' dir='ltr'><strong>in</strong></span> <span class='ocrx_word' id='word_1_386' title='bbox 1452 2513 1516 2550; x_wconf 87' lang='lat' dir='ltr'><strong>in-</strong></span> 
     </span>
     <span class='ocr_line' id='line_1_43' title="bbox 88 2562 1515 2620; baseline 0.006 -23"><span class='ocrx_word' id='word_1_387' title='bbox 88 2565 243 2599; x_wconf 83' lang='lat' dir='ltr'><strong>strato?</strong></span> <span class='ocrx_word' id='word_1_388' title='bbox 298 2562 383 2601; x_wconf 87' lang='lat' dir='ltr'><strong>Aut</strong></span> <span class='ocrx_word' id='word_1_389' title='bbox 414 2565 454 2602; x_wconf 89' lang='lat' dir='ltr'><strong>in</strong></span> <span class='ocrx_word' id='word_1_390' title='bbox 477 2566 634 2618; x_wconf 85' lang='lat' dir='ltr'><strong>medio,</strong></span> <span class='ocrx_word' id='word_1_391' title='bbox 664 2575 734 2606; x_wconf 87' lang='lat' dir='ltr'><strong>aut</strong></span> <span class='ocrx_word' id='word_1_392' title='bbox 752 2575 982 2620; x_wconf 87' lang='lat' dir='ltr'><strong>protensum</strong></span> <span class='ocrx_word' id='word_1_393' title='bbox 1006 2573 1091 2605; x_wconf 87' lang='lat' dir='ltr'><strong>erat</strong></span> <span class='ocrx_word' id='word_1_394' title='bbox 1114 2565 1284 2605; x_wconf 81' lang='lat' dir='ltr'><strong>tablium</strong></span> <span class='ocrx_word' id='word_1_395' title='bbox 1303 2566 1416 2605; x_wconf 86' lang='lat' dir='ltr'><strong>velut</strong></span> <span class='ocrx_word' id='word_1_396' title='bbox 1433 2565 1515 2606; x_wconf 91' lang='lat' dir='ltr'><strong>lon-</strong></span> 
     </span>
     <span class='ocr_line' id='line_1_44' title="bbox 87 2615 1515 2675; baseline 0.006 -23"><span class='ocrx_word' id='word_1_397' title='bbox 87 2627 182 2666; x_wconf 83' lang='lat' dir='ltr'><strong>gum</strong></span> <span class='ocrx_word' id='word_1_398' title='bbox 212 2623 253 2654; x_wconf 87' lang='lat' dir='ltr'><strong>et</strong></span> <span class='ocrx_word' id='word_1_399' title='bbox 277 2615 403 2656; x_wconf 90' lang='lat' dir='ltr'><strong>latum</strong></span> <span class='ocrx_word' id='word_1_400' title='bbox 432 2620 564 2659; x_wconf 85' lang='lat' dir='ltr'><strong>lorum</strong></span> <span class='ocrx_word' id='word_1_401' title='bbox 589 2636 661 2675; x_wconf 87' lang='lat' dir='ltr'><strong>per</strong></span> <span class='ocrx_word' id='word_1_402' title='bbox 694 2623 870 2661; x_wconf 89' lang='lat' dir='ltr'><strong>medium</strong></span> <span class='ocrx_word' id='word_1_403' title='bbox 900 2623 1138 2672; x_wconf 82' lang='lat' dir='ltr'><strong>instratum,</strong></span> <span class='ocrx_word' id='word_1_404' title='bbox 1178 2629 1248 2661; x_wconf 87' lang='lat' dir='ltr'><strong>ant</strong></span> <span class='ocrx_word' id='word_1_405' title='bbox 1276 2622 1447 2675; x_wconf 82' lang='lat' dir='ltr'><strong>denique</strong></span> <span class='ocrx_word' id='word_1_406' title='bbox 1473 2623 1515 2662; x_wconf 90' lang='lat' dir='ltr'><strong>in</strong></span> 
     </span>
     <span class='ocr_line' id='line_1_45' title="bbox 89 2669 1515 2730; baseline 0.006 -24"><span class='ocrx_word' id='word_1_407' title='bbox 89 2669 274 2709; x_wconf 87' lang='lat' dir='ltr'><strong>omnibus</strong></span> <span class='ocrx_word' id='word_1_408' title='bbox 298 2681 471 2725; x_wconf 85' lang='lat' dir='ltr'><strong>quatuor</strong></span> <span class='ocrx_word' id='word_1_409' title='bbox 495 2677 650 2730; x_wconf 85' lang='lat' dir='ltr'><strong>angulis</strong></span> <span class='ocrx_word' id='word_1_410' title='bbox 674 2678 730 2716; x_wconf 88' lang='lat' dir='ltr'><strong>ita</strong></span> <span class='ocrx_word' id='word_1_411' title='bbox 759 2685 843 2716; x_wconf 86' lang='lat' dir='ltr'><strong>crat</strong></span> <span class='ocrx_word' id='word_1_412' title='bbox 873 2690 946 2714; x_wconf 86' lang='lat' dir='ltr'><strong>acu</strong></span> <span class='ocrx_word' id='word_1_413' title='bbox 971 2677 1123 2729; x_wconf 86' lang='lat' dir='ltr'><strong>pictum</strong></span> <span class='ocrx_word' id='word_1_414' title='bbox 1139 2706 1151 2726; x_wconf 88' lang='lat'>‚</span> <span class='ocrx_word' id='word_1_415' title='bbox 1178 2684 1225 2716; x_wconf 89' lang='lat' dir='ltr'><strong>ut</strong></span> <span class='ocrx_word' id='word_1_416' title='bbox 1251 2691 1388 2716; x_wconf 84' lang='lat' dir='ltr'><strong>omnes</strong></span> <span class='ocrx_word' id='word_1_417' title='bbox 1412 2691 1515 2730; x_wconf 87' lang='lat' dir='ltr'><strong>qua-</strong></span> 
     </span>
     <span class='ocr_line' id='line_1_46' title="bbox 89 2728 1514 2785; baseline 0.007 -24"><span class='ocrx_word' id='word_1_418' title='bbox 89 2728 183 2761; x_wconf 78' lang='lat' dir='ltr'><strong>tuor</strong></span> <span class='ocrx_word' id='word_1_419' title='bbox 218 2730 424 2780; x_wconf 84' lang='lat' dir='ltr'><strong>compositi</strong></span> <span class='ocrx_word' id='word_1_420' title='bbox 458 2741 583 2770; x_wconf 88' lang='lat' dir='ltr'><strong>unu&#39;m</strong></span> <span class='ocrx_word' id='word_1_421' title='bbox 622 2733 822 2785; x_wconf 82' lang='lat' dir='ltr'><strong>integrum</strong></span> <span class='ocrx_word' id='word_1_422' title='bbox 852 2730 1023 2770; x_wconf 83' lang='lat' dir='ltr'><strong>tablium</strong></span> <span class='ocrx_word' id='word_1_423' title='bbox 1053 2731 1280 2781; x_wconf 82' lang='lat' dir='ltr'><strong>efficerent,</strong></span> <span class='ocrx_word' id='word_1_424' title='bbox 1326 2733 1514 2785; x_wconf 86' lang='lat' dir='ltr'><strong>disparati</strong></span> 
     </span>
     <span class='ocr_line' id='line_1_47' title="bbox 89 2782 1480 2842; baseline 0.005 -23"><span class='ocrx_word' id='word_1_425' title='bbox 89 2784 222 2820; x_wconf 77' lang='lat' dir='ltr'><strong>autem</strong></span> <span class='ocrx_word' id='word_1_426' title='bbox 244 2782 389 2836; x_wconf 86' lang='lat' dir='ltr'><strong>singuli</strong></span> <span class='ocrx_word' id='word_1_427' title='bbox 413 2784 607 2827; x_wconf 81' lang='lat' dir='ltr'><strong>haberent</strong></span> <span class='ocrx_word' id='word_1_428' title='bbox 633 2786 767 2841; x_wconf 82' lang='lat' dir='ltr'><strong>anguli</strong></span> <span class='ocrx_word' id='word_1_429' title='bbox 790 2786 1055 2842; x_wconf 85' lang='lat' dir='ltr'><strong>quadrantem</strong></span> <span class='ocrx_word' id='word_1_430' title='bbox 1080 2786 1193 2828; x_wconf 87' lang='lat' dir='ltr'><strong>tablii</strong></span> <span class='ocrx_word' id='word_1_431' title='bbox 1215 2787 1480 2828; x_wconf 87' lang='lat' dir='ltr'><strong>solummodo.</strong></span> 
     </span>
    </p>
   </div>
  </div>
 </body>
</html>
