1884 3132
295 168 301 199 1·
329 171 437 230 290
557 187 563 190 >
611 172 709 213 -ιο
750 156 853 214 1Ae.
895 171 1091 212 Rmsxn
1127 135 1511 213 COMMENTARII

324 288 404 327 χης
443 269 514 311 καί
546 268 584 311 οἱ
617 271 757 313 λοιποί
800 265 998 325 α’ρχοντες
1030 269 1108 309 τοῦ
1102 268 1328 340 μέρους,
1360 265 1512 318 πάντες
1546 266 1649 322 μετὰ
1691 269 1774 310 τῶν

327 326 654 393 σζιαραμαγγιίον
697 342 765 366 και
816 326 974 377 σαγι’ων
1004 320 1167 376 αυτῶν,
1210 340 1277 365 και
1308 324 1500 365 ἵστανται
1527 323 1632 365 ἐκεῖ.
1701 323 1776 364 καί

328 385 410 422 213’
441 378 573 428 οἷ’τως
592 381 824 433 ἐξέρχεται
866 379 887 421 6
914 377 1189 442 πραιπόσιτος
1216 395 1284 419 και
1314 377 1334 420 6
1363 381 1438 433 τῆς
1461 377 1774 429 καταστάσεως,

324 434 429 489 μετὰ
466 437 539 482 καί
575 435 868 500 σελεντιαρίων
913 437 997 475 τῶν
1042 428 1172 474 ὄντων
1210 429 1502 502 ἑβδομαρίων,
1547 434 1775 499 φοροῦντες

326 491 559 557 ἀμφότεροι
588 491 714 555 cayt'a
745 487 858 545 ῥοῆς.
918 487 1069 541 ὁμοίως
1109 489 1154 529 66
1184 491 1255 529 κατ’
1279 488 1300 528 6
1332 490 1585 555 προβληθεις
1613 484 1776 542 δήμαρ-

324 562 432 600 χος,
471 562 537 585 και
575 543 703 594 αὕτὸς
747 546 892 599 ᾳορῶν
931 559 1077 597 σαφιον
1115 543 1240 607 ῥοῆς,
1285 544 1517 584 ἀκολουθεῖ
1537 540 1673 584 ansam
1699 543 1774 583 τοῦ

323 601 615 655 πραιποσίτου·
645 616 713 641 και
747 600 977 652 ἀπέρχεται
1014 598 1035 639 6
1065 595 1338 653 πραιπόσιτος
1377 599 1423 640 ἐν
1439 599 1506 655 τῷ
1530 598 1774 654 Ὀιοποδίῳ,

325 657 398 696 καί
435 652 578 702 καθώς
618 654 643 708 ἦ
694 653 899 708 συνήθεια
943 653 1032 706 ὲχει
1073 654 1343 718 παραδίδωσι
1384 651 1457 694 τὸν
1481 637 1774 720 προβληθέντα

325 708 545 776 δήμαρχον
592 725 648 766 τῳ
662 711 816 777 μέρει,
844 711 988 762 λέγων·
1048 704 1316 760 ,,κελευόυσιν
1345 706 1382 749 οἱ
1414 705 1615 750 δεσπόται
1641 707 1776 773 ἡμῶν.

322 763 588 830 παραλάβετε
619 750 751 805 αὐτὸν
782 761 1036 833 ‘’Jib‘ae‘xffl'f
1095 763 1168 802 καί
1195 761 1417 815 ἐπεύχεται
1445 759 1492 804 τὸ
1521 761 1650 817 μέρος
1675 759 1774 810 τούς

325 805 556 871 δεσπότας,
595 819 669 859 καί
706 819 931 873 έπαῖρουσι
968 816 1041 859 τὸν
1080 819 1370 885 προβληθέντα
1396 817 1646 871 δήμαρχον,
1676 816 1773 870 ὄψι-

321 874 513 922 κεύοντες
547 875 676 914 αυτὸν
705 875 783 922 ἕως
810 875 884 915 τοῦ
913 873 1226 926 κονσιστωρίου.
1253 873 1328 912 καί
1353 873 1586 937 εἰσέρχεται
1618 872 1639 912 6
1669 887 1772 926 προ-

321 933 373 983 βλ
378 929 507 984 ηθεις,
530 931 602 969 καί
627 925 747 968 α’πτει
764 926 915 982 κηροὺς
928 929 971 969 έν
985 930 1039 984 τῷ
1055 928 1234 997 σταυρῶ.
1264 925 1420 978 ὁμοίως
1440 942 1510 967 και
1539 927 1774 995 ἀπέρχεται

321 986 367 1026 έν
394 987 446 1040 τῇ
476 985 551 1023 τοῦ
589 984 735 1037 κυριόυ
775 983 992 1051 ἐκκλησίᾳ,
1043 982 1115 1023 καί
1158 979 1281 1023 ἅπτει
1319 982 1452 1023 ἐκεῖσε
1480 981 1647 1052 κηρούς.
1699 996 1770 1022 και

320 1036 400 1080 εἶθ
443 1035 575 1086 ου’τως
617 1038 847 1090 ἀπέρχεται
896 1038 1196 1103 ὀψικευόμενος
1235 1034 1306 1078 διὰ
1342 1037 1426 1078 τῶν
1453 1035 1670 1102 κορτίνων,
1699 1051 1772 1079 και

322 1094 588 1159 εὕφηιιοῢσιν
630 1092 762 1134 αὐτὸν
805 1109 864 1141 εις
904 1108 1004 1140 τους
1040 1091 1193 1140 τόπους
1236 1091 1372 1132 αὕτοῦ
1407 1089 1507 1140 τοὺς
1535 1107 1657 1140 οντας
1685 1088 1767 1132 ἀπὸ

320 1147 398 1214 τήν
422 1150 585 1201 χαλκῆν
625 1149 703 1195 ἕως
734 1149 809 1188 τοῦ
842 1149 993 1214 μηὶίου
1018 1162 1026 1171 ·
1061 1163 1148 1188 ειτα
1179 1143 1447 1199 καβαλικεύει
1482 1145 1503 1188 6
1548 1143 1769 1215 δήμαρχος

320 1200 402 1244 ἇπὸ
428 1217 598 1255 σαγιου,
629 1218 697 1242 και
729 1202 992 1269 ὄψικεύεται
1002 1199 1084 1242 ὑπὸ
1117 1203 1194 1242 τοῦ
1222 1203 1392 1255 μέρους,
1422 1198 1662 1270 φορούντων
1690 1201 1768 1242 κᾶ-

319 1273 464 1299 κειιων
493 1258 618 1326 σαγία
650 1254 775 1310 ῥοῆς,
809 1253 938 1298 ὄντων
968 1255 1049 1297 ἀπὸ
1078 1257 1402 1310 σκαραμαγγίων
1431 1256 1639 1300 ἁπάντων.
1695 1258 1769 1298 καί

320 1311 553 1379 ἀπέρχεται
583 1312 660 1359 έως
694 1314 768 1352 τοῦ
803 1310 985 1354 σταυλου
1035 1314 1111 1352 τοῦ
1148 1312 1327 1376 μέρους,
1364 1313 1437 1351 καί
1473 1314 1640 1366 θεωρει.
1695 1329 1766 1355 και

322 1365 404 1408 dud
435 1368 518 1407 τῶν
546 1367 677 1407 εκεῖσε
690 1365 1035 1435 ὸηριγευόμενος
1075 1364 1179 1408 κατὰ
1207 1363 1282 1406 τὸν
1310 1364 1607 1434 προρρηθέντα
1635 1366 1765 1409 τύπον

321 1422 547 1487 ἀπέρχεται
580 1423 625 1461 ἐν
652 1423 709 1461 τιῆ
738 1422 833 1478 οἷ’κω
864 1422 1011 1463 αὐτοῦ.
1069 1420 1090 1462 6
1119 1422 1165 1461 66
1195 1419 1449 1487 δευτερευων
1480 1422 1554 1462 καί
1582 1419 1606 1460 6
1623 1436 1764 1474 γειτο-

319 1474 496 1542 νιάρχης
516 1491 584 1516 και
616 1475 636 1516 6
680 1462 873 1541 νοτάριος
903 1475 976 1516 καί
1006 1473 1042 1516 οἱ
1070 1475 1209 1516 λοιποι
1233 1490 1434 1540 αρχοντες
1459 1471 1763 1522 ἀκολουθοῦσιν

320 1529 449 1572 αὐτὸν
487 1529 738 1583 καβαλάριοι
780 1530 863 1572 α’πὸ
915 1530 1252 1598 σκαραμαγγίων.
1309 1527 1391 1598 πρὸ
1418 1533 1494 1571 τοῦ
1520 1532 1566 1572 δὲ
1595 1533 1765 1599 ῳθᾶσαι

318 1585 390 1627 τὸν
417 1583 632 1651 δημαρχον
645 1582 1050 1653 προλαμβάνουσιν
1059 1583 1094 1636 ὅ,
1099 1601 1144 1625 τε
1182 1584 1466 1654 γειτονιάρχης
1492 1601 1560 1626 και
1591 1601 1612 1626 ο
1642 1600 1765 1628 νοτα-

321 1656 410 1694 ριος
441 1640 547 1692 μετὰ
580 1638 652 1680 καί
675 1643 750 1680 τοῦ
781 1644 951 1695 μέρους,
980 1657 1046 1681 και
1078 1642 1268 1681 ι’στανται
1297 1655 1365 1680 και
1390 1641 1679 1708 ειίφημοῧσιν
1687 1639 1761 1683 τὸν

320 1695 538 1761 δημαρχον
586 1696 645 1743 εἰς
686 1693 758 1736 τὸν
802 1698 974 1736 πυλῶνα
1005 1695 1150 1747 αὐτοῦ,
1208 1693 1351 1741 καθώς
1379 1711 1403 1747 η
1433 1693 1633 1760 συνήθεια
1661 1693 1764 1748 ἔχει.

321 1747 342 1789 6
374 1752 419 1791 66
447 1747 672 1817 δήμαρχος
701 1753 825 1790 καλεῖ
847 1750 918 1790 έπι
943 1752 1015 1803 τῆς
1042 1750 1247 1817 τραπέζης
1284 1749 1417 1789 αυτοῦ
1445 1748 1515 1790 τόν
1541 1765 1587 1790 τε
1616 1751 1762 1791 δευτε-

319 1802 498 1869 ρεύοντα
529 1820 596 1844 και
627 1802 701 1845 τὸν
718 1820 1007 1870 γειτονιαρχην
1036 1821 1103 1845 και
1133 1802 1203 1845 τὸν
1231 1801 1424 1858 νοτάριον
1451 1801 1526 1845 καὶ
1550 1803 1648 1854 τούς
1673 1809 1762 1846 λοι-

318 1857 424 1908 πούς
452 1854 662 1927 ἄρχοντας
710 1862 782 1901 καί
806 1876 857 1900 τα
887 1866 1073 1915 πρωτεῖα
1101 1861 1178 1900 τοῦ
1204 1859 1382 1912 μέρους,
1411 1874 1480 1900 και
1511 1861 1762 1902 συνεστιῶν-

316 1929 385 1955 ται
413 1913 543 1970 αὐτῶ.

428 1971 478 2010 C.
511 1969 694 2025 0.[269‚
730 1969 812 2024 16.]
853 1970 910 2025 τῷ
952 1965 1246 2023 δευτερευοντι.
1319 1970 1470 2023 Nempe
1495 1970 1571 2009 τοῦ
1598 1965 1761 2030 δημαρ-

315 2039 422 2078 χου,
451 2026 711 2064 ,ςεοιιηάιΗεενιο
741 2026 954 2074 demarchi,
985 2026 1149 2064 vicalio.
1208 2025 1305 2064 Vid.
1338 2040 1380 2078 p.
1410 2039 1452 2078 9.
1484 2024 1536 2063 A.
1567 2024 1609 2064 6.

427 2081 475 2119 C.
508 2080 548 2120 6.
583 2080 699 2134 [269
738 2080 819 2134 16.]
844 2081 901 2119 τῶ
928 2075 1205 2134 γειτονιάρχῃ.
1265 2081 1356 2119 Non
1385 2081 1510 2131 novi,
1538 2078 1666 2133 qualis
1691 2078 1759 2119 hic

318 2136 438 2175 fuexit
466 2137 509 2173 in
539 2135 777 2174 factionibus
807 2137 1084 2188 magsstmtus,
1115 2142 1161 2173 ut
1188 2136 1230 2172 in
1258 2136 1493 2174 universum
1521 2149 1583 2174 res
1612 2136 1758 2174 circen·

320 2192 373 2230 sis
401 2199 441 2230 et
485 2189 704 2231 factionalis
733 2190 975 2243 perobscura
1014 2197 1085 2229 est.
1141 2190 1314 2228 Videtur
1341 2198 1475 2229 tamen
1502 2190 1608 2229 idem
1636 2196 1756 2242 atque

316 2248 399 2284 vici
429 2247 613 2298 magistet·
633 2245 766 2283 fuisse.
835 2245 878 2284 T
876 2243 1027 2283 ειτονία
1068 2246 1176 2283 enim
1205 2252 1263 2283 est
1304 2247 1432 2284 insula
1447 2274 1458 2295 ‚
1477 2246 1593 2297 ‘regio
1618 2244 1723 2282 urbis
1739 2275 1751 2292 ‚

315 2301 448 2349 vicus,
472 2300 579 2339 unde
606 2300 778 2350 vicinia3
807 2299 891 2340 vid.
921 2299 1158 2352 Theophan.
1187 2315 1229 2353 p.
1262 2299 1328 2339 58.
1361 2301 1407 2339 B.
1444 2314 1478 2338 1.
1535 2297 1670 2338 Medio
1688 2313 1756 2339 ae-

317 2369 370 2394 vo
398 2356 532 2395 Latini
560 2356 633 2394 hos
661 2356 832 2394 consules
862 2356 1099 2393 viciniarum
1133 2355 1386 2408 appellabant
1414 2361 1453 2393 et
1474 2363 1666 2408 patronos.
1690 2369 1756 2393 re·-

314 2412 499 2461 gi30mcm
529 2424 571 2449 v.
604 2411 671 2448 Du
701 2410 834 2463 Gange
862 2424 903 2448 v.
938 2411 1109 2448 Patricii
1149 2418 1188 2449 et
1216 2408 1426 2450 Patronus.
1484 2409 1547 2447 De
1575 2408 1759 2447 vicoma-

318 2465 450 2515 gistlis
478 2467 559 2518 agit
599 2465 704 2504 idem
742 2465 840 2503 CPl.
869 2465 1015 2504 Christ.
1057 2479 1098 2518 p.
1130 2465 1197 2504 61.
1252 2466 1451 2504 Discimus
1479 2477 1509 2501 e
1529 2462 1753 2502 Cletorolo-

318 2519 382 2569 gio
429 2527 566 2558 nostlo
605 2521 724 2559 fuisse
767 2520 976 2559 duodecim
1022 2522 1322 2573 vicomagistros
1359 2526 1429 2558 aut
1471 2517 1751 2570 giloniarchas.

317 2572 445 2624 Atqui
485 2588 526 2612 e]
529 2583 596 2613 ant
624 2565 925 2628 qtlatuordebim
958 2577 1137 2630 regiones
1173 2576 1296 2613 urbis.
1376 2574 1511 2623 Quare
1540 2574 1659 2625 igitur
1685 2573 1751 2612 hic

317 2624 394 2663 loci
424 2635 580 2666 tantum
624 2645 729 2669 unus
758 2633 1016 2670 nominatur?
1084 2630 1386 2683 Significatume
1412 2627 1752 2692 gitoniarcharum

317 2682 499 2720 omnium
535 2686 751 2738 p1inceps?
802 2680 1106 2738 Ἀμφοδάρχας
1145 2685 1207 2723 vel
1247 2679 1547 2735 α’μφοδιάρχας
1576 2682 1750 2737 appella-

304 2734 414 2774 ·bant
442 2739 560 2776 etiam
588 2738 661 2778 hos
687 2741 868 2780 vicorum
895 2741 1119 2794 magistros
1147 2740 1199 2778 V.
1219 2739 1286 2776 Du
1306 2738 1438 2790 Gange
1458 2736 1750 2782 G1.G1··h·V·
