1884 3132
286 134 394 189 522
594 154 670 196 10.
714 154 821 197 1Αο.
865 157 1062 199 REISKu
1093 157 1469 200 COMMENTARH

283 264 357 297 est.
418 256 636 312 Appellant
662 262 718 299 sic
746 267 830 300 tam
859 263 1000 301 vinum
1030 262 1260 313 odoratum,
1294 263 1435 302 florem
1462 264 1562 314 vini,
1589 266 1727 305 vinum

283 314 481 366 optimum
518 322 558 353 et
603 315 861 355 lectissimum
881 346 892 367 ‚
922 317 972 356 de
1000 333 1080 371 qua
1108 318 1394 371 significatione
1424 333 1466 358 v.
1490 319 1559 358 Du
1595 319 1728 374 Gange

285 368 352 406 Gl.
386 369 459 407 Gr.
492 369 536 409 h.
569 385 610 410 v.
638 379 678 410 et
707 385 749 410 v.
787 372 987 412 claretum
1001 404 1012 421 ,
1048 374 1295 426 Pigmentnm
1326 382 1366 413 et
1393 373 1550 428 Species
1565 405 1576 426 ,
1606 389 1730 428 quam

285 438 409 476 genus
437 427 634 479 unguenti
665 427 794 476 fortis,
816 427 1028 482 fragrantis
1046 459 1055 476 ‚
1087 443 1168 481 quo
1196 437 1349 469 veteres
1378 443 1496 483 seque
1523 437 1733 484 vestesque

285 493 377 518 suas
415 482 656 534 perfundere
699 481 908 532 solebant,
961 484 1010 523 de
1038 498 1118 537 quo
1158 486 1238 538 egit
1279 485 1442 524 Salmas.
1493 485 1546 525 ad
1583 485 1730 540 Script-

286 533 392 574 Hist.
425 538 530 590 Aug.
554 538 606 576 T.
629 538 662 576 Ι.
694 552 733 591 p.
756 537 851 577 851.

398 591 445 630 C.
473 606 530 635 10.
571 592 689 647 [466,
727 593 812 647 [9.]
856 589 1069 645 βεὸούρια.
1127 594 1219 633 Νοη
1268 595 1416 635 latebat
1458 596 1558 635 mihi
1597 596 1734 636 locum

287 646 397 686 hunc
443 650 616 688 vertenti
663 650 906 702 significatus
950 649 1071 688 huius
1101 650 1287 689 vocabuli
1329 658 1368 690 et
1408 651 1608 691 Arabicae
1649 652 1734 690 ori-

288 704 391 756 ginis
419 703 461 742 id
490 718 588 743 esse.
646 705 849 758 Significat
876 719 1019 757 nempe
1046 705 1292 756 utriculum,
1323 706 1461 759 quales
1490 715 1610 758 sunt,
1641 707 1733 760 qui·

287 757 364 797 bus
395 760 566 799 viatores
593 762 719 799 nostri
747 760 845 799 folia
873 763 1030 799 concisa
1059 761 1208 800 herbae
1238 762 1472 801 Nicotianae
1501 777 1637 802 secum
1668 777 1735 816 ge-

289 833 410 876 runt,
442 826 523 866 lato
551 826 767 866 orbiculari
794 827 935 866 fundo.
981 827 1076 882 {50⁸3
1106 827 1258 865 hadr-ah,
1295 835 1353 866 est
1381 829 1522 867 culeus.
1593 829 1642 868 In
1663 829 1735 867 Ri-

289 892 370 932 han
402 892 440 932 al
471 893 619 932 Albabi
648 893 724 947 legi
754 886 811 949 ly>
845 884 907 926 >Lo
942 887 1076 949 ψῦῴ
1118 886 1211 947 &3555
1245 888 1321 938 &1⁸3
1357 884 1425 942 [ἐς
1457 887 1578 944 032..st
1611 895 1737 948 depo..

290 950 366 988 suit
389 949 500 1004 apud
522 964 610 988 eam
634 958 725 988 ante
746 950 892 988 abitum
923 964 1031 988 Suum
1060 958 1160 988 utres
1172 949 1312 1003 plenos
1345 951 1586 1002 margaritis.
1629 950 1734 988 Hinc

292 1016 388 1067 8»λρ
434 1029 598 1068 quoque
632 1029 705 1068 pro
750 1029 907 1054 summa
957 1015 1085 1054 decies
1110 1013 1219 1053 mille
1279 1014 1562 1054 drachmarum
1596 1015 1736 1054 dicunt

293 1071 463 1120 Arabes,
491 1071 694 1124 quomodo
741 1070 823 1110 fere
851 1071 1007 1109 Turcae
1037 1085 1109 1123 per
1138 1071 1271 1109 bursas
1297 1078 1511 1110 numerant
1540 1078 1578 1109 et
1593 1070 1737 1124 Belgae

292 1126 496 1166 interdum
532 1140 604 1179 per
640 1127 759 1177 Salq’e
795 1126 1058 1164 Sestelmlven.
1111 1126 1283 1178 Proprie
1316 1133 1451 1165 tamen
1478 1126 1629 1164 badralae
1677 1133 1737 1165 est

294 1182 431 1221 culeus
454 1211 465 1232 ‚
493 1181 623 1235 qualis
653 1182 801 1220 scilicet
827 1188 887 1220 tot
915 1181 1126 1220 drachmas
1153 1184 1273 1234 capit.
1331 1181 1434 1220 Sunt
1461 1195 1555 1234 ergo
1585 1180 1739 1231 βεδού-

295 1251 368 1287 pta
401 1235 563 1290 α’ργυρᾶ
622 1237 781 1276 zan-iculi
798 1238 983 1289 argentei.
1039 1236 1117 1275 Sed
1143 1237 1353 1276 insolentia
1381 1237 1564 1275 dictionis
1592 1238 1740 1275 utricu-

293 1294 329 1332 li
354 1294 553 1345 argentei‚
582 1307 709 1345 quum
735 1293 893 1331 nonnisi
922 1291 1089 1331 coriacei
1119 1294 1271 1345 possint
1298 1307 1382 1332 esse
1409 1292 1595 1342 utriculi,
1625 1305 1741 1331 scru-

295 1348 439 1403 pulum
482 1347 685 1387 iniiciebat
723 1349 858 1386 animo
878 1378 890 1396 ,
921 1355 967 1386 ut
995 1348 1247 1386 coniecturae
1285 1347 1467 1387 diffidens
1494 1346 1738 1386 vocabulum

296 1404 415 1458 quale
446 1403 677 1442 inveneram
705 1404 860 1442 nudum
886 1417 1136 1455 reponerem.
1194 1403 1300 1442 Puto
1326 1411 1460 1442 tamen
1479 1403 1647 1441 dubium
1661 1402 1743 1441 hoe

295 1461 491 1513 superiori
531 1460 850 1512 interpretationi
891 1458 993 1497 nihil
1021 1458 1193 1497 officere.
1266 1459 1331 1498 Sic
1363 1460 1471 1497 enim
1498 1458 1739 1507 commodo.

295 1530 428 1569 neque
454 1514 604 1568 absque
632 1515 825 1568 exemplo,
854 1514 931 1554 dici
959 1522 1178 1568 potuerunt
1205 1529 1300 1554 vasa
1327 1522 1514 1568 argentea
1539 1514 1599 1552 ad
1614 1514 1741 1560 culeo,-

296 1586 385 1610 rwn
415 1573 541 1610 instat·
557 1572 695 1622 facta.
753 1571 889 1625 Neque
918 1571 1188 1623 infrequentes
1217 1578 1311 1610 sunt
1341 1570 1449 1623 apud
1478 1569 1650 1623 optimos
1667 1582 1742 1606 au-

297 1635 427 1666 ctores
455 1626 649 1666 eiusmodi
695 1626 904 1666 dictiones.
963 1627 1012 1665 In
1054 1625 1300 1679 Anthologia
1347 1625 1496 1664 inedita
1533 1632 1592 1664 est
1635 1616 1741 1674 ὄλπη

295 1682 462 1735 χαλκῆ,
509 1683 620 1735 atqui
669 1675 774 1735 ὄλπη
817 1683 978 1737 proprie
1016 1680 1192 1735 ampulla
1228 1680 1358 1720 fictilis
1395 1688 1468 1720 est.
1513 1678 1742 1732 Θηρίκλειαι

296 1738 441 1790 χρυσᾶ
486 1738 607 1776 habet
651 1738 812 1777 Nicetas
852 1753 893 1791 p.
923 1738 993 1777 65.
1031 1738 1078 1775 Β.
1112 1736 1175 1783 5.,
1226 1738 1389 1790 scyphos
1431 1749 1568 1774 aureos
1597 1734 1744 1772 similes

281 1794 479 1848 fictilibus
522 1794 762 1845 Therieleis‚
794 1793 845 1833 de
872 1793 1058 1832 Thericle
1086 1800 1248 1831 auctore
1274 1793 1330 1831 sic
1368 1791 1499 1829 dietis.
1557 1789 1670 1828 ldem
1697 1803 1740 1841 p.

307 1848 398 1901 144
414 1848 454 1899 4
483 1864 506 1888 a
536 1849 615 1888 fine
641 1849 740 1888 dixit
774 1845 974 1901 κεράμιον
1017 1843 1289 1898 μολιβὸινὸν,
1330 1856 1465 1885 testam
1487 1846 1739 1900 plumbeam,

299 1905 378 1943 hoc
406 1912 465 1943 est
483 1918 651 1953 urceum,
682 1912 728 1943 ut
745 1912 838 1944 sunt
864 1905 1042 1953 testacei,
1077 1903 1146 1942 sed
1169 1902 1416 1956 plumbeum.
1446 1901 1538 1940 Alia
1565 1900 1746 1953 exempla

300 1959 424 1999 habet
438 1960 666 1999 Casaubon.
697 1960 745 1999 ad
777 1960 928 1999 Athen.
956 1974 997 2012 p.
1019 1960 1113 2011 274.
1137 1972 1221 2012 27„
1259 1957 1366 2010 apud
1393 1971 1512 2010 quein
1541 1962 1744 1994 auctorem

300 2030 339 2069 p.
367 2030 456 2070 ¹99·
474 2016 520 2054 B.
541 2015 664 2055 habes
692 2013 959 2067 θηρικλείους
985 2013 1173 2065 χρυσοῦς
1210 2021 1249 2051 et
1277 2028 1317 2066 p.
1336 2027 1426 2051 200.
1471 2013 1525 2050 A.
1545 2011 1588 2050 8.
1622 2006 1750 2062 κερά-

300 2085 382 2122 μια
408 2071 551 2123 χρυσᾶ
580 2071 652 2110 καί
679 2068 860 2123 ἀργυρᾶ.
920 2071 1032 2109 Idem
1059 2084 1102 2121 p.
1124 2082 1215 2123 207.
1250 2069 1303 2107 Ε.
1329 2068 1368 2106 5.
1403 2066 1633 2119 κεραμίόας
1666 2078 1743 2115 μο-

302 2124 493 2179 λιβὸινὰς
523 2127 645 2175 dixit,
675 2127 822 2179 tegulas
846 2126 1062 2180 plumbeas.

415 2182 463 2221 C.
502 2196 562 2222 11.
582 2181 700 2236 [467,
728 2180 788 2235 1.]
822 2177 1074 2231 οἷσκόδαβλα.
1111 2180 1214 2218 Sunt
1240 2186 1348 2218 utres
1367 2179 1408 2216 in
1438 2177 1608 2216 formam
1634 2182 1744 2227 tym-

302 2252 501 2290 panorum
544 2245 613 2276 aut
640 2236 916 2290 cymbalorum
945 2235 1010 2276 vel
1041 2235 1301 2288 sphaerarum
1348 2232 1604 2272 dimidiarum
1651 2243 1743 2267 cum

302 2293 386 2333 lato
428 2292 553 2331 fundo
597 2291 828 2332 orbiculari.
901 2292 1006 2331 Nam
1037 2289 1209 2341 ὸάβλίν,
1238 2285 1405 2339 ταβλίν,
1437 2284 1606 2332 ταυλίν,
1638 2283 1745 2322 Ara-

303 2359 442 2398 bicum
480 2348 588 2407 ὼρῡ,
620 2367 849 2413 tympanum
877 2358 1097 2411 significat,
1130 2371 1173 2395 v.
1203 2357 1271 2394 Du
1301 2355 1434 2407 Gange
1463 2353 1504 2392 h.
1535 2365 1578 2390 v.

416 2414 464 2453 C.
494 2414 570 2452 ult.
605 2413 723 2467 [467,
749 2412 812 2466 2.]
843 2412 960 2464 δίκην
987 2411 1246 2462 μαγαρικῶν.
1303 2410 1413 2447 Vasa
1439 2405 1574 2444 fictilia
1603 2404 1745 2442 Graeci

303 2465 516 2519 μαγειρικὰ
546 2468 777 2520 appellant,
808 2469 942 2506 Latini
971 2468 1188 2515 Muiorica,
1218 2479 1259 2503 v.
1293 2464 1345 2503 ad
1373 2478 1412 2515 p.
1430 2460 1523 2501 388.
1550 2461 1604 2499 Ι).
1638 2472 1674 2497 2.
1726 2504 1730 2507 ν

413 2524 467 2561 D.
497 2538 536 2562 2.
570 2523 680 2577 [467‚
710 2521 769 2576 5.]
799 2518 892 2575 ἱερὰ
929 2521 1003 2573 τῆς
1030 2519 1260 2573 ἐκκλησίας.
1327 2518 1535 2557 Pertinent
1563 2514 1615 2552 ad
1643 2512 1750 2552 hane

305 2591 458 2616 sacram
485 2577 767 2631 supellectilem
811 2577 1047 2616 antimensia
1077 2590 1146 2615 seu
1172 2589 1263 2613 arae
1292 2570 1497 2625 portatiles
1525 2583 1617 2608 cum
1646 2571 1750 2608 ima-

305 2632 462 2683 ginibus
489 2641 718 2671 sanctorum
737 2661 749 2682 ‚
779 2639 818 2671 et
845 2631 1018 2678 ritualia,
1063 2631 1159 2669 disci
1187 2637 1227 2668 et
1254 2627 1422 2680 calyces,
1441 2626 1543 2663 cerei
1571 2631 1610 2662 et
1636 2638 1749 2663 cero-

304 2693 445 2725 statae.
477 2689 537 2726 Ita
564 2695 702 2726 narrat
719 2687 874 2726 Nicetas
889 2688 1078 2725 Ioannem
1094 2686 1343 2724 Comnenum
1359 2683 1401 2720 in
1420 2693 1469 2719 eo
1485 2694 1636 2718 novum
1666 2678 1749 2727 (sed

306 2755 457 2781 novum
485 2757 566 2782 non
594 2750 681 2782 erat
706 2749 766 2782 tot
797 2741 883 2781 aliis
911 2739 1222 2794 Imperatoribus
1251 2745 1365 2776 antea
1412 2734 1666 2788 usurpatum)
1709 2740 1749 2772 et
