1832 3126
322 147 427 205 188
596 163 671 208 10.
702 163 808 213 mc,
847 165 1043 207 Rmsxu
1075 164 1454 210 commun

313 270 440 308 nostri
467 275 576 316 extra
604 275 731 308 vestes
758 269 802 308 in
829 269 992 323 regione
1018 269 1189 323 pectoris
1215 270 1465 324 propendere
1490 269 1628 311 sinunt
1645 300 1659 323 ,
1686 285 1753 326 ap-

313 323 525 378 pellamus.
582 324 771 364 Croseam
810 326 867 364 sic
908 324 1096 364 describit
1137 325 1292 364 Auctor
1328 326 1542 366 Ceremon.
1584 326 1754 367 Romani

314 380 365 418 L.
397 379 430 418 Ι.
460 380 566 419 Sect.
597 394 650 420 με
677 394 796 432 genus
821 380 1040 432 chlamydis
1069 380 1209 433 longae
1233 380 1292 420 ad
1316 389 1462 421 terram
1479 396 1595 438 usque
1619 395 1646 421 a
1662 397 1758 437 par·

313 443 350 473 te
376 436 570 474 anteriori
592 444 732 490 aperta
758 449 786 473 a
813 450 960 474 summo
986 435 1044 474 ad
1069 437 1189 474 imzcm
1217 450 1373 488 rugosa.
1429 437 1572 490 Neque
1597 444 1756 477 tantum

313 491 357 527 in
386 491 564 530 vestibus
601 489 839 530 affectabant
871 489 1021 544 plicas,
1059 497 1107 530 ut
1137 490 1274 530 videre
1300 498 1360 530 est
1386 492 1430 531 in
1456 492 1613 532 rusticis
1640 507 1664 532 a
1691 493 1756 532 di-

313 545 455 584 strictu
469 575 481 596 ‚
511 559 631 599 quem
661 544 843 585 incolunt
857 576 868 594 ,
909 545 1299 598 Altenburgensibus
1326 546 1442 587 dictis
1457 576 1470 598 ‚
1512 548 1657 587 veteris
1685 562 1758 588 ve-

311 602 428 640 stitus
455 601 737 640 tenacissimis:
767 601 836 640 sed
863 603 983 640 etiam
1011 602 1053 640 in
1081 600 1322 652 collaribus,
1349 601 1508 655 qualia,
1536 602 1756 656 grandibus

314 657 415 694 rotis
443 655 587 695 similia
601 686 611 705 ‚
655 657 956 709 conspiciuntur
983 656 1301 709 frequentissima
1327 658 1370 697 in
1396 658 1561 710 picturis
1587 665 1627 698 et
1654 659 1755 699 ima-

314 711 474 763 ginibus
502 725 592 750 aere
621 712 811 764 expressis
837 710 983 751 saeculi
1001 711 1115 750 XVI.
1147 719 1186 751 et
1211 719 1427 765 supersunt
1454 727 1594 753 eorum
1621 713 1754 754 adhuc

314 767 358 804 in
396 766 566 806 urbibus
610 766 851 820 quibusdam
879 767 1117 806 Germaniae
1153 774 1411 807 monumenta
1428 797 1440 820 ‚
1478 783 1650 822 quarum
1691 783 1756 809 sa-

313 821 494 862 cerdotes
530 820 631 862 tales
669 836 826 861 croseas
862 821 928 862 vel
965 821 1170 862 tubulatas
1202 821 1368 863 collares
1398 830 1507 863 rotas
1537 831 1682 878 gerunt
1708 838 1755 864 ex

314 878 437 916 veteri
476 878 571 917 ritu.
630 878 692 916 De
723 891 895 930 quarum
934 877 1238 930 antiquitatibus
1264 878 1329 918 vir
1354 877 1544 918 historiae
1571 878 1757 920 ecclesia-

310 933 431 971 sticae
461 932 764 972 callentissimus
797 933 894 973 Urb.
929 933 1063 986 Goglr.
1097 932 1243 984 Siber,
1280 947 1409 987 nuper
1434 941 1595 985 noster,
1633 948 1755 988 pecu·

312 986 453 1026 lim-em
480 987 663 1026 libellum
691 988 832 1027 edidit.
861 988 960 1027 Inde
987 1002 1146 1042 quoque
1161 987 1313 1028 factum
1330 1018 1343 1039 ,
1373 995 1419 1028 ut
1445 1003 1564 1030 omne
1584 989 1755 1041 collare,

308 1045 428 1082 etiam
457 1045 489 1082 si
519 1043 686 1096 planum
713 1051 753 1082 et
780 1043 971 1097 simplex,
1001 1050 1139 1083 nostro
1168 1057 1351 1084 sermone
1380 1045 1549 1095 Crame,
1590 1044 1669 1086 hoc
1694 1051 1755 1085 est

307 1100 478 1152 crispam
505 1099 678 1138 dicatur.

422 1165 469 1204 B.
491 1164 565 1204 ult.
587 1164 676 1219 [80‚
703 1163 788 1219 12.]
829 1161 996 1216 βότρυς.
1051 1165 1143 1205 Sive
1179 1179 1203 1204 a
1235 1164 1493 1205 multitudine
1521 1166 1755 1220 margarita-

307 1233 400 1258 rum
429 1219 712 1260 confilatarum
740 1221 780 1259 in
809 1219 948 1273 globos
989 1220 1095 1259 dicta
1123 1220 1198 1259 fuit
1229 1220 1328 1260 llaec
1357 1221 1478 1260 vestis
1514 1236 1619 1271 uva,
1650 1223 1751 1273 sive,

309 1276 343 1313 si
381 1275 555 1328 priorem
597 1283 775 1314 nostram
815 1275 900 1314 τῶν
935 1275 1110 1327 χρυσῶν
1149 1273 1346 1327 σωλήνων
1385 1277 1755 1329 interpretationem

309 1344 487 1370 assumas
504 1360 515 1382 ‚
553 1345 577 1370 a
606 1330 863 1370 multitudine
890 1330 1127 1370 tubulorum
1154 1344 1367 1370 aureorum
1396 1345 1442 1370 ex
1471 1333 1555 1372 eius
1582 1346 1655 1372 ora
1680 1333 1752 1372 de-

306 1386 582 1437 pendentium.

421 1451 468 1490 C.
488 1453 526 1490 5.
553 1451 643 1507 [80,
670 1451 757 1507 14.]
793 1449 868 1505 τήν
898 1449 1016 1507 τόγα.
1071 1452 1133 1491 De
1159 1462 1250 1505 tuga
1279 1450 1345 1492 vel
1379 1452 1466 1504 tzffa
1493 1452 1597 1493 infra
1622 1452 1754 1494 dicam

307 1505 359 1545 ad
386 1521 478 1560 pag.
507 1521 601 1561 291.
635 1508 683 1547 C.
713 1507 753 1547 5.

419 1573 521 1613 G.6.
546 1573 635 1628 [80‚
666 1572 751 1629 ¹7.]
782 1569 979 1626 ἀληθινὰ.
1037 1574 1140 1613 Veri
1159 1575 1337 1622 luminis,
1376 1588 1595 1629 purpurea.
1652 1575 1750 1616 vid.

309 1628 379 1666 Du
408 1628 542 1682 Gange
571 1629 702 1669 Gloss.
729 1632 801 1668 Gr.
834 1628 878 1668 h.
898 1643 941 1668 v.
962 1636 1001 1668 et
1018 1630 1110 1668 Lat.
1131 1644 1172 1669 v.
1204 1629 1417 1668 Alitlzimoe.
1478 1630 1611 1668 Latini
1643 1631 1750 1671 enim

310 1683 387 1722 hac
415 1698 576 1738 quoque
604 1699 704 1724 voce
719 1715 730 1733 ‚
762 1692 801 1724 et
830 1699 929 1723 voce
957 1699 1072 1724 verus
1096 1699 1171 1739 pro
1189 1698 1391 1738 purpureo
1408 1682 1473 1723 vel
1492 1685 1618 1724 rubro
1635 1693 1753 1725 utun-

304 1745 387 1777 tur.
445 1740 546 1778 Item
585 1739 752 1780 Salmas.
795 1739 845 1779 ad
869 1740 976 1779 Hist.
1008 1740 1118 1794 Aug.
1148 1733 1201 1779 T.
1232 1740 1288 1778 11.
1319 1753 1408 1792 pag.
1441 1739 1537 1791 411.
1567 1754 1636 1790 a.‚
1680 1740 1752 1782 uhi

306 1794 406 1832 mihi
436 1796 598 1847 quidem
624 1795 728 1835 male
755 1802 910 1834 tentare
946 1795 1108 1834 videtur
1141 1794 1275 1834 locum
1311 1795 1457 1834 codicis
1483 1795 1753 1836 Theodosiani

307 1849 406 1903 Leg.
431 1850 506 1889 XI.
536 1851 585 1890 de
615 1852 778 1890 scenicis
791 1866 803 1890 :
847 1850 929 1889 His
962 1865 1111 1906 quoque
1143 1850 1308 1889 vestibus
1346 1850 1528 1889 noverint
1557 1851 1751 1890 abstinen-

307 1904 402 1943 dum
414 1934 426 1954 ‚
457 1920 554 1962 quas
582 1906 734 1946 Graeco
761 1907 918 1945 nomine
947 1920 974 1944 a
999 1906 1142 1945 Latino
1167 1913 1315 1944 crustas
1343 1914 1508 1953 vocant,
1552 1906 1595 1944 in
1615 1906 1751 1961 quibus

306 1960 389 1998 alio
417 1962 620 2000 admixtus
654 1963 780 2001 colori
804 1962 902 2016 puri
928 1961 1049 1999 rabor
1078 1961 1235 1999 maricis
1271 1960 1494 1999 inardescit.
1553 1960 1664 2000 Haec
1690 1969 1752 2001 est

305 2014 467 2067 vulgata
496 2015 630 2056 lectio.
687 2017 813 2056 Putat
840 2030 914 2069 pro
941 2030 969 2055 a
999 2016 1143 2055 Lacino
1180 2015 1455 2067 reponendum
1486 2029 1570 2054 esse
1595 2015 1748 2056 Latini.

306 2069 471 2108 Mallem
500 2071 685 2124 equidem
712 2071 1020 2111 Aletinocrustas
1035 2100 1048 2121 ‚
1086 2069 1152 2110 vel
1177 2071 1496 2109 alethinocmstas
1509 2099 1520 2121 ‚
1549 2069 1591 2109 id
1617 2077 1676 2110 est
1694 2078 1752 2110 ta·

307 2124 391 2177 les,
424 2125 466 2163 in
493 2126 642 2179 quibus
667 2134 796 2165 trama
823 2127 909 2166 veri
938 2125 1100 2165 luminis
1127 2125 1194 2164 vel
1221 2139 1422 2178 purpurea
1446 2127 1602 2178 pectine
1630 2132 1751 2166 texto-

306 2181 368 2218 rio
398 2179 562 2220 densata
595 2189 670 2221 est.
727 2181 843 2220 Conf.
871 2182 940 2219 Du
969 2181 1104 2234 Cange
1129 2194 1172 2220 v.
1205 2181 1358 2220 Crusta.
1415 2181 1509 2220 Non
1535 2187 1645 2220 recte
1663 2195 1750 2220 ver·

307 2236 358 2273 tit
383 2234 488 2275 hanc
511 2251 651 2276 vocem
682 2237 806 2276 Goar.
837 2235 944 2290 apud
964 2235 1203 2289 Theophan.
1228 2250 1270 2289 p.
1295 2235 1390 2275 263.
1414 2235 1469 2275 A.
1493 2235 1535 2287 4.
1593 2234 1638 2275 ἐκ
1663 2234 1749 2276 τῶν

309 2287 521 2342 ἀληθινῶν
548 2290 775 2344 τζαγγίων,
812 2306 868 2330 ex
891 2292 996 2330 veris
1021 2300 1059 2330 et
1075 2292 1254 2346 propriis·
1283 2293 1361 2330 suis
1391 2291 1542 2330 calceis*
1559 2289 1745 2331 reddens.

307 2344 482 2385 Volebat
513 2349 737 2402 purpureis.
794 2345 891 2386 vid.
925 2345 1062 2384 Vales.
1100 2347 1151 2384 ad
1187 2346 1393 2385 Ammian.
1432 2344 1614 2385 Marcell.
1652 2359 1744 2400 pag.

309 2399 403 2438 526.
432 2401 476 2440 b.
493 2432 504 2450 ,
545 2402 616 2441 ubi
644 2416 764 2456 quem
793 2403 890 2440 citat
914 2401 1165 2440 Constantini
1191 2401 1562 2455 Porphyrogenneti
1587 2400 1745 2448 locum,

307 2454 340 2491 is
369 2462 427 2494 est
459 2457 502 2495 in
530 2456 635 2496 libro
656 2458 706 2496 de
731 2457 956 2497 administr.
985 2456 1125 2509 imper.
1163 2470 1204 2509 p.
1233 2456 1301 2511 57.
1332 2454 1515 2504 D.‚‘uhi
1542 2455 1628 2495 vid.
1650 2456 1750 2494 Ban-

310 2507 403 2547 dur.
432 2524 475 2563 p.
499 2511 566 2551 35.
623 2513 711 2552 Vox
740 2527 844 2567 quae
869 2511 1017 2550 ibidem
1047 2512 1221 2551 occurrit
1248 2510 1431 2565 χαρέρια
1459 2510 1621 2550 videtur
1643 2510 1749 2551 Ara-

307 2572 397 2613 bica
418 2584 536 2630 525³>
569 2592 654 2617 esse
667 2607 679 2628 ,
709 2593 811 2632 quae
835 2579 997 2617 sericum
1011 2606 1022 2628 ‚
1059 2592 1179 2632 opera
1202 2579 1327 2616 serica
1358 2583 1486 2616 notat.
1548 2575 1636 2615 Non
1664 2582 1749 2615 tam

308 2642 444 2668 recens
480 2638 559 2680 est,
598 2647 719 2686 quam
762 2633 973 2684 videatur,
1018 2633 1083 2673 hic
1113 2632 1222 2671 vocis
1253 2630 1306 2671 ἀλ
1334 2627 1456 2678 θινὸς
1493 2645 1603 2670 usus.
1660 2631 1748 2671 lam

307 2684 414 2735 apud
440 2685 749 2739 Xenophontem
778 2690 819 2728 in
849 2688 1119 2728 Oeconomico
1147 2689 1261 2742 (pag.
1289 2687 1311 2725 5
1345 2715 1356 2725 .
1385 2685 1426 2726 5.
1454 2686 1552 2726 edit.
1581 2685 1635 2726 cl.
1653 2686 1747 2725 Bac-

300 2738 411 2798 (chii)
428 2739 640 2796 -πορφυρὰ
671 2739 865 2797 ἀληθινὴ,
884 2756 1064 2799 purpura
1097 2757 1210 2796 vera,
1241 2743 1457 2797 opponitur
1485 2741 1535 2797 τῇ
1561 2737 1746 2796 ἐξιτήλῳ,
