1826 3126
279 168 345 221 16
584 186 656 226 10.
697 185 802 227 IAC.
842 186 1037 226 musxu
1075 186 1453 232 commi-:Numi

273 300 408 326 nemo.
489 286 671 340 Apparet
714 288 922 327 Latinum*
944 290 1168 341 praesulem
1188 321 1199 339 ,
1242 299 1280 330 et
1319 292 1472 332 ordinis
1513 297 1573 333 sui
1616 296 1723 348 apud

275 343 439 381 Latinos
487 344 750 391 auctoritate,
803 343 1038 397 dominique
1080 347 1140 384 sui
1192 347 1355 386 Ottonis
1398 348 1429 389 Ι.
1468 348 1723 403 Imperatoris

273 398 456 436 Saxonici
494 397 632 436 favore
667 398 870 438 tumidum
913 400 1083 439 multam
1119 402 1313 440 invidiam
1349 403 1540 454 Graecis,
1577 412 1617 444 et
1647 406 1722 445 Ni-

273 453 461 505 cephoro.
478 452 640 492 Phocae
671 455 866 504 maxime,
898 455 1165 508 adspersisse,
1196 472 1219 495 a
1251 473 1332 511 quo
1360 473 1440 497 non
1468 462 1632 499 tantum
1657 475 1722 500 re-

272 508 431 560 pulsam
473 506 623 548 tulerat
638 538 650 558 ,
680 509 749 548 sed
781 512 902 549 etiam
943 511 1081 551 multis
1121 513 1250 550 modis
1284 513 1480 553 offensum
1521 529 1563 554 se
1603 515 1724 556 fuisse

273 562 474 604 credebat.
530 564 608 602 Sed
638 563 716 603 hoc
748 564 799 603 ad
835 580 922 604 rem
953 581 1036 605 non
1067 567 1172 608 facit.
1228 568 1312 608 Nos
1343 583 1637 623 prosequamur
1668 572 1724 610 in-

272 620 469 659 stitutum.
526 619 665 658 Pridie
693 621 816 673 igitur
844 629 1059 675 antequam
1091 623 1182 661 talis
1207 626 1409 676 processio
1438 625 1723 676 celebraretur,

272 673 526 714 indicebatur
559 677 768 728 praeconis
799 691 922 727 voce,
960 685 1006 716 ut
1034 692 1179 731 nempe
1197 679 1351 731 plateae
1381 687 1421 719 et
1461 682 1695 734 angiportus
1710 711 1723 731 ,

272 744 346 782 per
377 743 479 783 quos
506 731 726 772 transitura
752 739 855 771 esset
885 735 1085 785 processio
1101 763 1113 784 ,
1143 735 1284 773 mundi
1321 742 1479 786 essent,
1508 743 1549 774 et
1577 743 1625 775 ut
1652 749 1725 775 eo-

271 799 364 824 rum
393 784 548 824 incolae
577 800 715 825 coram
753 786 940 827 domibus
969 791 1051 827 suis
1089 789 1210 842 pallia
1245 791 1417 841 sericea,
1446 803 1623 844 vasaque
1658 805 1725 830 au-

274 854 343 879 rea
388 847 427 879 et
469 849 683 894 argentea,
722 844 1021 896 pretiosamque
1069 859 1231 883 omnem
1277 859 1392 884 suam
1433 844 1723 899 supellectilem

272 895 562 949 suspenderent
577 927 589 948 ,
618 896 852 937 arbusculas
885 899 1073 938 odoratas
1106 907 1145 939 et
1173 899 1365 953 adspectu
1398 907 1532 954 gratas
1562 900 1722 955 planta-

273 959 390 1002 rent,
420 965 530 991 rosas
544 981 556 1002 ,
587 954 855 993 rosmarinum
870 984 882 1005 ,
911 954 989 993 alia
1028 969 1100 1007 pcr
1128 954 1259 994 solum
1295 964 1538 1010 spargerent.
1595 956 1721 995 Prae-

273 1009 384 1046 conis
415 1021 515 1046 voce
540 1007 712 1046 indictas
739 1008 859 1048 fuisse
885 1009 986 1049 tales
1011 1013 1284 1063 processiones
1315 1025 1387 1064 per
1415 1025 1458 1050 se
1484 1010 1602 1050 valde
1625 1025 1722 1065 pro·

271 1061 407 1101 habile
438 1070 520 1112 est,
550 1065 608 1102 rei
636 1071 782 1103 natura
804 1065 846 1103 id
874 1067 1075 1118 exigente,
1105 1074 1144 1105 et
1163 1097 1174 1116 ,
1204 1068 1388 1119 quamvis
1417 1066 1512 1106 alibi
1538 1073 1722 1106 notatum

271 1132 356 1157 non
386 1120 610 1171 reperiam,
639 1119 781 1158 videor
808 1120 906 1159 mihi
952 1129 1083 1160 tamen
1111 1123 1153 1160 in
1189 1122 1251 1160 his
1286 1121 1457 1160 Cedreni
1487 1122 1622 1162 verbis
1653 1136 1720 1161 re-

271 1175 406 1226 perire
449 1188 493 1226 p.
526 1173 619 1228 756.
656 1174 700 1215 C.
737 1174 788 1230 τῇ
837 1176 1014 1230 κυριακῇ
1051 1173 1158 1227 μετὰ
1199 1173 1247 1214 τὸ
1278 1171 1394 1228 ἅγιον
1421 1173 1568 1227 πάσχα
1595 1174 1723 1230 προέ-

273 1229 416 1267 λευσιν
445 1228 650 1281 δημοσίαν
680 1226 861 1282 κηρύξας
900 1231 946 1270 ἐν
982 1232 1038 1286 τῷ
1077 1230 1160 1270 τῶν
1191 1226 1321 1283 ἁγίων
1360 1228 1606 1272 ἀποστόλων
1633 1231 1723 1296 ναῷ

270 1305 293 1315 -
321 1306 343 1313 -
373 1281 562 1336 ἀπῆλθεν
589 1283 931 1337 ἐστεφανωμένος
957 1283 1066 1336 μετὰ
1093 1286 1169 1339 τῆς
1196 1283 1455 1339 συγκλήτου,
1484 1283 1622 1340 πάσης
1647 1300 1724 1339 της

270 1333 440 1384 πόλεως
463 1337 762 1392 ἀθροισθείσης
789 1340 849 1387 εἰς
876 1337 951 1394 την
977 1339 1084 1380 θέαν
1100 1373 1112 1391 ‚
1146 1337 1276 1393 σκεύη
1301 1339 1466 1395 χρυσέα
1493 1339 1568 1380 καί
1593 1339 1724 1395 ἄργυ-

273 1393 351 1445 ρέα
388 1393 473 1432 τῶν
512 1390 588 1461 την
625 1392 839 1448 λεωφόρον
878 1393 1179 1436 κατοικούντων
1218 1390 1622 1447 ἇποκρεμαννύντων
1648 1391 1724 1435 καὶ

271 1447 456 1494 πέπλους
483 1462 554 1487 και
583 1441 692 1488 ἄλλα
719 1447 958 1504 ὑφάσματα
984 1449 1234 1504 χρυσοϋφῆ,
1263 1449 1341 1490 κᾶν
1368 1455 1462 1497 ταῖς
1490 1444 1723 1504 εὐφημίαις

273 1502 660 1556 προτεθυμημένων
685 1505 759 1545 καί
778 1499 942 1556 αὐτὰς,
971 1503 1010 1544 εἰ
1037 1500 1125 1545 οἷόν
1153 1519 1224 1556 τε,
1262 1503 1339 1552 τὰς
1374 1502 1522 1557 ψυχὰς
1548 1503 1724 1545 ἐκκενοῖ-

272 1571 363 1599 σαι.
415 1558 490 1598 Ad
525 1558 662 1608 diem,
702 1562 796 1612 qui'
816 1574 846 1599 a
877 1561 1086 1615 paschate
1115 1559 1342 1614 proximus
1370 1568 1433 1600 est
1459 1559 1723 1609 dominicus,

270 1614 429 1667 populo
456 1614 671 1668 publicum
697 1628 942 1670 processum
978 1616 1024 1655 in
1055 1615 1206 1655 aedem
1252 1614 1296 1654 S.
1336 1614 1381 1658 S.
1422 1613 1725 1671 Apostolorum

269 1670 575 1723 praeconisat,
619 1692 639 1698 —
668 1693 689 1700 -
719 1669 847 1710 Venit
882 1684 982 1723 ergo
1025 1678 1256 1716 coronatus
1281 1684 1373 1710 cum
1393 1677 1560 1722 senatu,
1588 1669 1723 1708 omni—

275 1725 350 1763 bus
371 1725 547 1764 urbanis
580 1723 647 1763 ad
675 1726 960 1780 spectaculum
999 1725 1315 1765 accurrentibus
1348 1734 1387 1765 et
1422 1725 1507 1771 iis,
1552 1724 1627 1777 qui
1661 1721 1728 1762 ad

275 1780 391 1818 viam
430 1781 593 1832 regiam
629 1780 908 1828 habitabam,
967 1794 1147 1820 auream
1185 1788 1227 1819 et
1263 1787 1510 1832 argenteam
1542 1777 1723 1831 supelle-

275 1834 415 1874 ctilem
441 1849 497 1874 ex
531 1835 712 1876 aedibus
732 1834 1087 1890 dependentibus,
1112 1842 1152 1874 et
1175 1835 1323 1889 peplos
1355 1833 1540 1888 [sericeos
1559 1830 1726 1925 nempe}

275 1898 315 1928 et
347 1904 456 1930 auro
485 1890 677 1930 intextas
703 1899 872 1937 vestes,
913 1899 954 1929 et
981 1892 1026 1929 in
1046 1889 1212 1943 faustis
1242 1888 1623 1932 acclamationibus
1653 1901 1704 1926 ve

273 1945 411 1998 ipsum
452 1959 570 1984 suum
611 1959 693 2000 pro
732 1959 781 1986 eo
818 1946 1064 1997 sanguinem
1093 1943 1283 1997 sundere
1316 1951 1482 1993 promte
1517 1941 1726 1998 sponden-

276 2000 400 2042 tibus.
459 2002 617 2040 Morem
650 2001 759 2040 hunc
791 2001 932 2039 domos
962 2007 1001 2039 et
1034 2001 1119 2039 vias
1153 1999 1325 2038 ornandi
1360 2004 1600 2051 acceperunt
1623 2026 1635 2046 ‚
1678 2005 1724 2036 ut
1764 2033 1774 2041 ,

276 2054 353 2093 alia
382 2055 509 2095 multa
523 2086 535 2106 ,
566 2056 897 2095 Muhammedani
920 2069 943 2094 a
964 2056 1139 2094 Graecis.
1180 2055 1241 2093 lta
1262 2056 1419 2107 saepius
1446 2055 1490 2092 in
1519 2050 1723 2092 Abulseda

276 2108 422 2163 legitur
448 2141 459 2161 ,
511 2112 679 2151 Misram
731 2110 797 2151 vel
838 2110 877 2149 al
930 2110 1120 2149 Cahiram
1161 2109 1281 2149 fiiisse
1324 2117 1526 2148 ornatam
1575 2117 1721 2175 Q),

275 2178 310 2214 si
339 2190 373 2216 e.
409 2191 443 2216 c.
473 2179 643 2217 nuncius
680 2178 874 2217 victoriae
913 2177 966 2215 ab
1001 2177 1174 2215 exercitu
1212 2182 1439 2228 reportatae
1473 2173 1692 2227 appelleret
1709 2203 1722 2224 ,

276 2230 342 2269 vel
379 2233 463 2285 ipse
496 2233 711 2272 Solthanus
744 2234 787 2271 in
822 2232 964 2271 urbem
1000 2233 1130 2270 victor
1157 2231 1306 2270 rediret
1323 2261 1336 2282 ‚
1385 2237 1455 2269 aut
1489 2228 1566 2268 alia
1597 2241 1743 2282 quae--

275 2286 369 2324 dam
402 2286 585 2340 publicae
620 2288 793 2328 laetitiae
823 2301 943 2326 causa
974 2288 1262 2340 contingerent.
1328 2286 1374 2324 In
1401 2283 1722 2344 processiopibus

275 2340 344 2380 illc
374 2343 586 2382 tenebatur
619 2344 719 2383 ordo
733 2373 746 2396 ,
775 2351 821 2383 ut
840 2342 985 2381 milites
1013 2341 1322 2395 praecederent,
1353 2346 1615 2394 sequerentur
1634 2351 1722 2391 pro—

277 2410 386 2435 ceres
403 2426 415 2446 ,
446 2398 736 2450 Imperatorem
767 2397 997 2438 clauderent
1025 2405 1064 2436 et
1098 2404 1360 2451 sequerentur
1397 2393 1569 2436 eunuchi
1589 2408 1601 2431 ε
1641 2406 1723 2446 qua

277 2451 329 2490 de
363 2465 407 2490 re
437 2454 518 2491 suis
548 2453 645 2493 locis
673 2454 832 2494 clarius.
889 2453 963 2492 Pia
992 2460 1087 2492 vota
1106 2481 1118 2502 ,
1147 2467 1250 2505 quae
1273 2466 1298 2491 a
1328 2449 1567 2491 factionibus
1597 2455 1722 2486 trans-

278 2508 388 2545 eunti
423 2508 661 2559 Imperatori
699 2509 1022 2549 acclamabantur
1035 2538 1046 2558 ,
1085 2507 1391 2560 appellabantur
1418 2501 1624 2558 εὕφημιάι
1640 2532 1653 2552 ,
1683 2509 1724 2540 et

277 2569 394 2601 acta.
447 2562 502 2600 Et
521 2562 571 2601 de
588 2563 653 2602 his
671 2594 682 2613 ‚
721 2567 781 2604 uti
809 2565 860 2604 de
907 2562 1170 2611 factionibus,
1207 2577 1300 2601 mox
1324 2561 1413 2601 loco
1441 2573 1515 2615 suo
1543 2570 1722 2620 commo-

278 2615 370 2655 dius
396 2616 538 2657 dicam.
576 2618 691 2659 Conf.
718 2635 758 2673 p.
788 2619 880 2672 287.
906 2619 958 2660 D.
993 2617 1202 2671 Attingam
1230 2617 1296 2656 hic
1324 2612 1604 2655 tantummodo
1617 2641 1639 2676 ,.
1659 2611 1722 2650 di-

278 2672 405 2710 versis
435 2671 577 2711 diebus
604 2672 713 2712 sestis
747 2676 789 2714 in
818 2676 996 2715 diversas
1026 2687 1158 2712 sacras
1181 2672 1298 2711 aedes
1326 2682 1558 2725 processum
1585 2666 1721 2716 finsse,

279 2732 326 2764 ut
358 2725 459 2764 festo
498 2727 726 2767 Nativitatis
764 2737 803 2768 et
835 2729 1042 2769 Paschatis
1070 2727 1121 2766 ad
1147 2741 1334 2780 magnam
1362 2725 1583 2765 Ecclesiam
1597 2751 1610 2772 ‚
1652 2734 1722 2759 seu

281 2780 320 2820 S.
352 2780 542 2835 Sophiam
562 2813 574 2835 ,
618 2783 683 2822 die
718 2783 917 2824 dominica
953 2792 1043 2838 post
1085 2782 1241 2822 Pascha
1286 2782 1337 2822 ad
1377 2781 1446 2822 SS.
1481 2775 1720 2834 Apostolos,
