1884 3132
189 165 265 208 m>
302 165 596 210 cousum.
627 165 824 208 ponpa.
870 167 942 207 DE
980 165 1159 207 cmm.
1200 166 1296 206 Lm.
1337 167 1390 206 11.
1437 146 1536 220 781

117 269 456 322 βασιλοπλοΐμου.
511 270 558 309 ln
595 271 654 309 Μ.
711 277 771 309 est
799 270 1055 321 ssaoaaonzos.
1111 267 1398 323 Apographum
1426 269 1547 310 dede-

119 333 184 366 rat
206 326 506 377 βασιλικοπλοῙ.

232 379 280 419 C.
306 378 350 431 4.
379 378 491 433 [660‚
518 377 602 432 ¹8.]
631 373 827 429 καράβια.
884 378 986 416 Sunt
1023 379 1180 431 navigia
1221 379 1376 418 minora
1394 407 1406 426 ‚
1445 392 1549 430 quae

122 433 340 474 maioribus
379 434 614 473 inserviunt.
682 433 780 472 Tale
823 434 1027 485 navigium
1059 430 1237 487 designat
1272 447 1348 472 vox
1376 432 1549 472 Arabica

119 489 236 554 ⁴925,
265 498 373 538 unde
397 497 497 538 baec
515 505 628 547 orta3
657 513 699 537 v.
715 499 782 536 Du
800 498 934 551 Gange
961 512 1003 537 v.
1025 498 1205 539 carabus.
1259 498 1351 537 Non
1378 499 1549 537 confun-

124 565 254 604 denda
277 566 423 617 speeies
449 564 546 603 haec
572 578 663 602 cum
693 563 816 602 altera
844 566 1007 602 navium
1050 564 1178 616 specie
1219 561 1322 617 *eL-fi
1339 593 1351 612 ,
1414 564 1549 603 Gorab

124 633 194 659 seu
237 633 377 659 cor-vus
413 618 550 668 dicta,
579 618 686 657 unde
712 619 842 657 Latini
872 632 943 657 sua
966 619 1123 671 golabia
1149 621 1433 666 nominamut3
1464 619 1546 658 vid.

120 673 267 712 Caffari
297 673 473 712 Annales
500 675 726 712 Genuenses
763 674 813 711 T.
853 673 926 712 Vl.
956 674 1044 712 Scr.
1078 673 1173 712 Rer.
1205 673 1293 712 Ital.
1325 675 1475 712 Murat.
1507 687 1549 727 p.

126 727 222 767 261.
252 735 293 767 et
319 729 384 766 Du
405 728 539 781 Gange
569 742 609 766 v.
641 729 817 773 Golafri.

228 783 276 822 C.
307 796 349 836 9.
381 781 497 837 [660‚
517 781 606 836 2o.]
640 781 941 834 Χαρακιωτῶν.
997 782 1196 821 Videntur
1230 782 1347 821 iidem
1378 794 1461 820 esse
1487 789 1547 821 at-

123 851 204 889 que
231 834 269 875 οἱ
299 834 567 889 Χαρακηνοί,
602 838 741 875 milites
772 839 969 890 gregarii,
998 839 1066 890 qui
1093 837 1277 877 destinati
1305 843 1396 876 sunt
1431 850 1548 890 expe-

121 891 341 931 ditionibus
367 890 540 941 bellicis,
568 899 607 931 et
634 899 681 930 ut
706 893 747 930 in
779 890 899 942 vallo,
926 891 984 945 τῷ
1008 889 1181 943 χάρακι,
1215 898 1439 930 versentur.

234 947 288 1000 D.
315 960 355 984 2.
384 945 493 1000 [661,
515 944 574 999 3.]
609 943 908 985 Μουσουλινοί.
964 946 1165 985 Videntur
1193 961 1276 986 esse
1302 946 1454 985 Arabes
1479 952 1549 984 aut

121 1001 244 1041 Tui-ci
280 1014 325 1039 ex
360 1001 563 1053 provincia
606 999 823 1039 Musulensi
850 1014 918 1039 seu
949 1014 972 1039 e
1002 1001 1285 1054 Mesopotamia
1311 1001 1416 1040 bello
1442 1000 1548 1054 capti

122 1063 165 1095 et
191 1055 367 1095 abducti.

235 1110 288 1152 D.
314 1110 352 1150 5.
394 1108 507 1164 [66η
529 1107 588 1162 4.]
632 1108 822 1158 Τοιῗρκοι.
877 1109 980 1148 Sunt
1017 1111 1086 1163 qui
1119 1109 1238 1148 hodie
1269 1109 1450 1162 Hungari
1486 1108 1548 1148 di-

120 1171 280 1203 cuntur.
349 1165 446 1202 Nam
478 1164 669 1203 hodierna
696 1164 901 1217 Hungaria
924 1164 1019 1203 olim
1044 1165 1190 1203 Turcia
1219 1165 1417 1203 audiebat.

228 1219 284 1257 D.
313 1218 353 1269 4.
384 1218 501 1273 [661‚
523 1218 586 1272 5.]
622 1219 785 1270 βουλῆς.
844 1219 934 1258 Non
963 1219 1131 1267 dubito,
1161 1233 1224 1257 me
1251 1226 1357 1258 recte
1386 1233 1550 1272 expres-

122 1274 217 1312 sisse
244 1273 519 1327 compendium
548 1275 791 1326 scripturae,
821 1274 930 1325 quod
956 1275 997 1311 in
1025 1274 1263 1312 membranis
1287 1282 1371 1313 erat
1388 1304 1399 1322 ,
1418 1275 1550 1326 βουλ].

124 1338 204 1376 Nos
237 1337 336 1377 tales
375 1339 613 1377 voltmtarios
671 1337 937 1392 appellamus,
983 1338 1137 1377 Arabes
1174 1328 1333 1389 325222*
1348 1369 1360 1390 ,
1411 1339 1547 1378 ,Muta-

123 1393 367 1432 thawwaalz.

233 1447 286 1484 D.
319 1462 359 1500 7.
387 1445 499 1501 (661,
523 1446 584 1501 7.]
611 1445 845 1492 Ἠτταλίας.
907 1447 1158 1487 Vocabulum
1186 1449 1322 1487 Italiae
1351 1449 1547 1488 strictiore

123 1515 240 1540 sensu
276 1501 341 1539 hic
389 1502 624 1540 sumendum
663 1509 743 1547 est,
785 1515 866 1555 quo
905 1516 1046 1555 nempe
1082 1505 1182 1541 sumi
1213 1517 1260 1541 eo
1299 1503 1454 1542 saeculo
1481 1518 1545 1542 so-

121 1554 247 1594 lebat.
299 1555 455 1594 ltaliam
486 1557 592 1595 enim
631 1556 760 1594 medio
798 1569 895 1594 aevo
925 1556 1175 1609 appellabant
1203 1558 1240 1595 id
1258 1587 1269 1606 ,
1291 1559 1399 1609 quod
1427 1558 1547 1596 hodie

125 1609 409 1648 Lombardiam
436 1611 619 1661 dicimus,
647 1610 743 1649 olim
775 1610 948 1648 Galliam
974 1611 1215 1664 Cisalpinam
1231 1611 1427 1650 dicebant.
1484 1613 1546 1650 De

124 1662 196 1703 illo
242 1664 424 1704 vocabuli
470 1666 689 1718 significatu
739 1665 818 1717 egit
856 1666 1099 1704 Muratorius
1139 1666 1303 1718 praefat.
1345 1666 1396 1705 ad
1442 1666 1547 1706 Acta

124 1718 412 1758 Translationis
437 1720 478 1759 S,
508 1720 730 1759 Geminiani
761 1720 813 1757 Τ.
842 1720 915 1758 Vl.
942 1721 1030 1758 Ser.
1059 1721 1208 1759 Rerum
1235 1720 1406 1759 ltalicar.
1463 1721 1546 1760 Ve-

115 1773 228 1813 'teroe
266 1781 403 1813 eontra
442 1775 596 1814 Italiam
630 1772 906 1827 appellabant,
950 1789 1052 1827 quae
1088 1775 1183 1813 alias
1210 1789 1351 1827 magna
1379 1776 1545 1814 Graecia

122 1827 330 1878 audiebat,
375 1829 492 1867 hodie
521 1843 686 1883 regnum
713 1828 1015 1881 Neapolitanum
1053 1829 1212 1868 dicitur.
1268 1829 1545 1874 Artemidorus

125 1896 169 1934 p.
200 1882 267 1921 26.
308 1882 381 1921 lin.
414 1884 504 1932 31„
542 1884 612 1922 ubi
650 1883 804 1933 Pialia,
854 1883 967 1921 ludos
1012 1883 1063 1922 ab
1101 1885 1203 1936 Imp.
1245 1885 1303 1922 M.
1340 1884 1544 1922 Antonino

126 1936 202 1976 Pio
226 1937 267 1974 in
299 1935 490 1977 honorem
516 1937 685 1976 Adriani
714 1938 815 1990 Imp.
844 1938 1038 1976 celebrata
1066 1939 1122 1976 ait
1155 1938 1199 1976 ἐν
1223 1935 1398 1992 Ἰταλίᾳ,
1440 1938 1544 1977 desi-

126 2004 252 2042 gnans
279 1991 481 2031 Puteolos.
514 1992 706 2046 Polybius
737 2007 778 2044 p.
811 1991 876 2030 30.
917 1992 996 2030 fine
1033 1992 1096 2030 ed.
1126 1992 1251 2031 Gron.
1279 1992 1442 2030 Italiam
1468 2007 1544 2045 pro

125 2044 297 2099 Iapygia
323 2048 531 2095 nominat;
577 2055 615 2085 et
649 2047 703 2085 sic
731 2046 796 2085 alii
825 2047 995 2099 saepius.
1062 2046 1143 2084 Rex
1179 2046 1246 2084 ille
1286 2046 1445 2095 ltaliae,
1492 2047 1543 2087 ad

126 2113 246 2151 quem
273 2101 472 2140 Romanus
498 2100 731 2154 legationem
760 2101 864 2138 misit
884 2130 895 2150 ,
931 2101 1008 2139 fuit
1035 2100 1178 2154 Hugo,
1223 2103 1291 2153 qui
1318 2100 1465 2154 legatos
1491 2101 1543 2141 ad

126 2153 351 2192 Romanum
390 2158 570 2202 miserat,
611 2155 876 2208 auxiliumque
903 2155 954 2192 ab
981 2169 1027 2193 eo
1058 2162 1195 2194 contra
1219 2157 1433 2194 Saracenos
1462 2157 1543 2194 Ita-

126 2206 223 2246 liam
261 2215 456 2248 vastantes
497 2217 716 2262 rogaverat.
770 2209 953 2248 Mittebat
987 2211 1061 2261 ipsi
1088 2210 1287 2248 Romanus
1315 2212 1541 2263 suppetias,

127 2262 197 2301 sed
223 2276 268 2300 ea
294 2263 545 2312 conditione,
575 2271 618 2302 ut
646 2262 801 2316 regulos
826 2264 1063 2315 Campaniae
1093 2264 1396 2316 Longobardos‚
1438 2265 1542 2303 Lan-

127 2315 323 2368 dulphum
364 2325 403 2356 et
437 2317 741 2370 Adenulphum,
788 2317 946 2368 Capuae
987 2325 1024 2356 et
1066 2318 1277 2356 Beneventi
1320 2319 1540 2371 principes,

128 2371 222 2408 item
252 2371 497 2410 Gaimarium
524 2379 564 2409 et
592 2371 811 2409 Gaiferium
840 2375 986 2421 (nostro
1005 2371 1198 2411 hodierno
1217 2373 1412 2411 scribendi
1433 2387 1541 2412 more

132 2424 328 2463 Waimar
354 2433 392 2464 et
425 2425 611 2477 I‘Vazstr‚
653 2433 745 2474 aut,
771 2425 876 2478 quod
904 2426 1008 2464 idem
1037 2433 1119 2475 est,
1154 2425 1331 2475 PVaibel)
1348 2457 1360 2473 ,
1388 2427 1540 2466 Salerni

127 2477 334 2529 dominos,
362 2481 403 2518 in
429 2480 608 2518 ordinem
635 2487 815 2532 cogeret,
841 2486 879 2516 et
907 2480 956 2517 ad
976 2480 1259 2532 agnoscendam
1281 2481 1431 2520 CPtani
1460 2483 1541 2520 Im·-

126 2535 318 2584 peratoris
358 2535 597 2573 maiestatem
633 2533 819 2585 adigeret.
876 2534 920 2571 In
950 2534 1151 2572 historiam
1180 2542 1218 2573 et
1244 2535 1540 2589 chronologiam

126 2585 288 2626 illorum
328 2589 548 2640 principum
588 2586 801 2626 admodum
844 2589 1065 2627 intricatam
1102 2603 1164 2628 me
1215 2603 1294 2628 non
1338 2591 1537 2640 immitt03

129 2640 199 2678 sai
233 2642 410 2681 conferre
446 2641 563 2680 iubeo
591 2640 746 2679 Camilli
776 2642 977 2692 Peregrini
1013 2643 1150 2682 histor.
1183 2645 1402 2696 principum
1431 2646 1538 2683 Lon-

126 2692 412 2744 guban-dorum,
452 2710 570 2748 quam
597 2697 837 2734 Muratorius
862 2697 913 2733 T.
946 2697 999 2734 11.
1027 2697 1271 2749 Scriptorum
1297 2712 1428 2736 rerum
1459 2700 1538 2738 Ita-

127 2745 203 2785 liae
228 2748 404 2790 inseruit.
457 2752 518 2789 De
544 2750 735 2803 legatione
766 2749 941 2802 Hugonis
969 2751 1018 2789 ad
1046 2752 1292 2802 Romanuin,
1330 2767 1447 2805 quam
1464 2768 1535 2806 pa-
