1884 3132
195 134 270 177 An
310 131 606 176 CONSTANT.
639 129 834 172 Pom‘n.
872 129 943 168 DE
980 126 1159 169 cmm.
1199 127 1297 166 Lm.
1338 129 1389 168 11.
1430 107 1545 179 619

116 239 224 279 naa-i
242 237 539 277 ambulatorium
568 235 649 289 [est
662 229 707 273 τὸ
722 230 994 284 μεσοτείχιον,
1018 232 1242 287 pomoeria,
1262 243 1336 269 nos
1354 230 1550 282 Zwinger

118 290 381 347 appellamus]
406 291 636 330 Sanctorum
653 297 804 341 gestans
820 289 1006 341 pzignora.

201 348 294 386 512.
313 347 367 385 A.
387 359 421 384 1.
444 344 558 399 [54ο,
581 343 643 398 7.]
667 341 943 392 στερεοῦντες.
974 341 1083 391 Quid
1109 343 1160 380 sit
1175 337 1368 390 στερεοῦν
1385 346 1423 377 ct
1440 340 1549 377 sicne

118 401 350 454 simpliciter
366 429 378 449 ,
407 414 459 438 an
484 399 676 451 στερεοῦν
693 392 766 448 τήν
794 391 922 446 εὐχὴν
944 396 1123 444 dicatur,
1154 395 1280 433 fateor
1296 407 1360 431 me
1379 395 1545 432 nescire.

119 456 239 506 Quod
252 457 292 494 in
305 456 456 494 Latinis
470 453 575 502 dedi,
592 467 671 491 non
689 458 797 490 certa
810 451 984 500 scientia,
1001 451 1068 489 sed
1086 451 1311 488 coniectura
1325 449 1467 487 ductus
1483 448 1548 486 de·

118 510 175 558 di,
199 525 251 549 ne
269 509 431 549 omnino
447 509 702 560 praeterirem
715 508 921 551 intactum,
937 512 976 542 et
992 506 1097 558 quod
1115 505 1316 542 videretur
1344 502 1455 542 locus
1470 505 1547 540 im-

119 571 300 617 putatam
315 566 565 612 sententiam,
583 563 615 601 si
638 575 716 600 non
733 558 922 612 flagitare,
934 559 1063 598 saltim
1092 560 1205 598 ferre.
1232 559 1359 598 Favet
1386 560 1420 596 ei
1441 565 1548 596 certe

118 620 365 659 coniecturae
384 617 440 663 id,
471 617 579 670 quod
599 618 702 654 inter
720 622 807 653 acta
825 628 894 653 seu
914 614 1050 653 laudes
1074 622 1112 652 et
1126 613 1427 652 acclamationes
1437 613 1544 650 sesti-

114 687 187 713 vas
205 681 374 726 votaque
406 671 602 711 felicitatis
626 670 805 709 unanimi
839 683 937 707 voce
968 671 1119 707 cantari
1147 668 1259 707 solita
1293 675 1392 707 esset
1426 669 1545 706 et'sz

116 728 215 768 haec
233 727 429 767 formula:
460 721 731 778 στερεώσειὸ
781 719 880 769 θεὸς
918 720 1016 770 τούς
1051 725 1237 774 βασιλεῖς
1275 721 1414 774 ἧμῶνε
1459 721 1542 773 vid,

115 796 152 822 e.
179 797 216 822 c.
245 798 287 836 p.
308 781 402 837 376.
420 781 464 820 Β.
488 795 570 820 10.:
606 782 700 818 item
720 779 847 818 haec:
875 778 997 816 τοῦτο
1029 775 1075 816 τὸ
1109 776 1342 827 βασίλειον,
1374 771 1512 826 Κύριε
1530 805 1542 825 ,

109 836 342 889 μστερέωσον
360 865 372 884 ,
394 843 439 874 ut
462 850 505 888 p.
534 833 622 886 164.
646 836 698 873 D.
715 848 804 887 pen.
832 833 885 872 Et
898 833 1053 886 pondus
1074 833 1233 871 tandem
1247 831 1546 871 certitudinem-

113 905 193 944 que
224 891 334 930 addit
354 891 508 929 Goarus
538 890 589 928 ad
619 888 839 941 Eucholog.
873 902 915 940 p.
938 887 1024 935 26.‚
1060 887 1176 926 claris
1213 887 1344 926 verbis
1382 885 1545 925 tradens

115 944 312 995 στερεοῦν
334 959 418 984 esse
439 959 573 997 preces
604 946 793 993 recitare,
822 942 968 995 quibus
1004 943 1101 982 deus
1124 949 1310 995 rogatur,
1350 949 1395 980 ut
1433 954 1544 993 reges

113 1000 349 1048 confirmet,
378 1001 583 1053 ipsamque
619 1013 782 1052 precum
827 996 1038 1036 formulam
1078 1000 1270 1036 recitans:
1319 990 1543 1044 ἐπουράνιε

113 1053 291 1104 βασιλεῦ’
315 1062 390 1094 etc.
406 1085 418 1099 ,
451 1061 490 1092 et
519 1054 679 1093 taudem
721 1053 884 1100 addens,
913 1054 1084 1092 Graecos
1107 1052 1329 1091 sacerdotes
1351 1051 1401 1089 de
1424 1050 1543 1087 lullus

117 1109 306 1148 orationis
326 1109 367 1148 vi
398 1108 605 1161 loquentes
637 1109 768 1147 dicere
790 1122 831 1146 se
861 1107 1058 1158 στερεοῦν
1085 1105 1184 1154 τούς
1213 1107 1421 1157 βασιλεῖς,
1449 1118 1544 1143 con-

94 1162 270 1217 firmare
294 1179 424 1216 reges,
453 1164 530 1203 hoc
556 1171 642 1213 est,
680 1170 727 1202 ut
761 1163 858 1201 deus
884 1176 950 1201 eos
974 1162 1196 1210 confirmet,
1218 1175 1373 1214 rogare.

221 1218 269 1257 A.
291 1218 360 1257 ult.
378 1218 498 1272 [5.s;o‚
523 1217 601 1273 ¹7]
624 1218 668 1257 ἐν
697 1216 905 1269 δευτέρας.
963 1217 1027 1255 Sic
1054 1216 1174 1269 paulo
1199 1223 1288 1269 post
1306 1218 1476 1255 recurrit
1499 1214 1544 1255 ἐν

114 1273 394 1323 παρασκευῆς.
451 1274 542 1311 Non
571 1271 742 1312 insolens
764 1273 878 1310 novis
901 1271 1063 1310 Graecis
1090 1279 1150 1310 est
1177 1270 1221 1310 ἐν
1257 1285 1347 1309 cum
1370 1272 1544 1322 genitivo

115 1340 366 1381 componere.
426 1327 534 1365 Infra
557 1342 596 1380 p.
618 1327 708 1380 373.
727 1327 778 1364 D.
799 1340 840 1365 2.
861 1325 1052 1365 habemus
1095 1325 1140 1364 ἐν
1168 1323 1439 1375 χαμοσωρίου
1470 1339 1544 1378 pro

114 1379 159 1420 ἐν
181 1377 460 1435 χαμοσωρίῳ,
491 1384 532 1420 in
569 1382 711 1420 humili
733 1390 770 1418 et
784 1395 918 1433 parva
944 1381 1096 1418 arcula.
1154 1380 1284 1432 Supra
1311 1394 1352 1430 p.
1380 1380 1469 1418 162.
1493 1379 1542 1417 B.

114 1433 157 1485 4.
189 1435 233 1473 ἐν
261 1435 464 1487 κυριακῆς
492 1444 548 1475 est
566 1437 606 1474 in
626 1435 890 1483 membranis,
922 1435 1028 1487 quod
1058 1434 1203 1472 Editor
1223 1434 1393 1472 eredidit
1419 1434 1542 1471 refin-

114 1490 287 1542 gendum
325 1504 423 1528 esse.
490 1490 686 1542 Procopio
724 1503 914 1540 perquam
953 1489 1141 1541 frequens
1180 1495 1238 1526 est
1271 1487 1315 1526 ὲν
1350 1483 1546 1537 γειτόνων

114 1558 190 1596 pro
209 1542 253 1583 ἐν
272 1541 424 1595 γείτοσι
449 1543 514 1583 vel
535 1544 580 1584 ἐκ
615 1542 831 1595 γειτόνων,
866 1544 908 1581 in
929 1545 1090 1585 vicinia.
1147 1541 1314 1580 Malalas
1347 1542 1398 1579 T.
1427 1542 1483 1579 11.
1507 1556 1546 1594 p.

115 1598 208 1640 226.
227 1613 239 1636 :
268 1597 477 1648 γενεθλίου
505 1598 705 1650 α’γομένου
737 1597 781 1636 ὲν
819 1594 1038 1652 Βυζαντίῳ
1071 1595 1218 1647 α’μιξία
1263 1596 1320 1650 [id
1356 1603 1413 1635 est
1441 1594 1544 1634 α’τα-

114 1651 180 1700 ξία
193 1682 210 1700 ,
239 1651 457 1706 tantulum]
494 1649 652 1705 ἐγένετο
680 1651 724 1691 ἐν
751 1649 996 1704 ἀμφοτέρων
1017 1653 1099 1690 τῶν
1124 1650 1284 1701 μερῶν.

219 1707 272 1745 D.
290 1721 332 1759 9.
353 1707 464 1761 [542,
486 1707 544 1761 2.]
575 1706 765 1747 σπεκίων.
820 1706 975 1758 Specia,
995 1721 1141 1745 nomen
1163 1706 1328 1744 vestitus
1346 1705 1455 1744 haud
1482 1706 1544 1744 in-

113 1761 301 1814 frequens
326 1762 402 1800 hoc
435 1764 477 1800 in
502 1763 664 1812 codice,
714 1761 876 1800 fuerunt
905 1775 994 1799 mea
1022 1763 1219 1800 sententia
1259 1759 1362 1798 nihil
1402 1760 1511 1799 aliud
1529 1790 1542 1812 ‚

111 1830 232 1868 quam
261 1817 368 1869 quod
395 1816 510 1856 nobis
537 1817 695 1871 sz'tzen
720 1823 836 1862 sunt,
868 1815 992 1854 Gallis
1019 1817 1069 1854 de
1086 1817 1244 1870 points,
1273 1815 1323 1853 de
1342 1815 1540 1862 demate-s,

113 1870 244 1923 Belgis
274 1872 442 1919 Canten,
474 1872 629 1910 subtilis
658 1885 680 1910 e
707 1871 883 1909 candidis
911 1870 985 1909 filis
1011 1871 1235 1909 tenuissimi
1276 1868 1348 1907 lini
1386 1877 1545 1908 textura

112 1938 204 1962 cum
230 1926 500 1965 minutissimis
528 1926 688 1975 ocellis,
731 1925 913 1976 tessulis,
960 1925 1163 1974 rhombis,
1195 1923 1393 1978 speculis,
1423 1925 1543 1962 innu-

111 1980 230 2018 meris
256 1979 391 2032 figuris
418 1981 587 2020 intextis.
645 1981 784 2032 Neque
820 1980 1082 2034 improbabile
1102 1988 1176 2030 est,
1206 1995 1231 2018 a
1260 1979 1415 2017 Graeco
1444 1977 1542 2018 σπέ-

112 2046 182 2071 κια
203 2063 215 2083 ,
248 2036 376 2087 speeia
391 2065 403 2082 ‚
433 2050 610 2075 manasse
635 2043 815 2074 nostrum
837 2035 1019 2090 Spitzen,
1051 2037 1232 2088 quamvis
1254 2034 1373 2072 etiam
1401 2047 1423 2071 a
1444 2047 1543 2072 voce

115 2089 349 2127 Germanica
375 2089 521 2143 Spicze,
547 2091 648 2129 acies
664 2119 676 2140 ‚
706 2105 862 2140 mucro,
890 2092 1014 2143 repeti
1042 2091 1189 2143 possit,
1215 2089 1311 2142 quia
1338 2101 1438 2140 opus
1466 2087 1543 2127 hoc

111 2150 344 2194 punctatum
364 2173 376 2194 ,
405 2144 630 2183 dentatum'
655 2145 971 2197 prominentibus
1011 2144 1239 2197 cuspidibus
1280 2142 1391 2181 velut
1417 2143 1543 2195 hispi-

111 2197 208 2235 dum
235 2205 320 2247 est3
351 2199 458 2236 unde
482 2200 699 2238 Francicae
725 2199 1004 2251 appellationes
1036 2199 1238 2238 desumtae
1264 2204 1375 2236 sunt.
1409 2197 1543 2235 Latini

111 2251 233 2290 medii
260 2253 345 2290 aevi
383 2259 578 2291 texturam
619 2253 722 2291 hanc
749 2256 905 2292 tasselos
932 2254 1183 2306 appellabant
1205 2283 1216 2303 ,
1259 2252 1367 2290 unde
1397 2251 1541 2304 Anglis

111 2308 300 2345 remansit
327 2308 461 2354 tasoel,
502 2307 606 2346 idem
646 2308 881 2359 significans,
912 2323 936 2346 a
960 2308 1104 2347 taxillis
1142 2309 1314 2356 intextis,
1359 2306 1442 2344 vid.
1472 2307 1540 2344 Du

112 2360 245 2413 Gange
272 2376 313 2400 v.
348 2362 388 2399 T
382 2362 538 2411 asselus,
568 2369 606 2399 et
626 2369 804 2400 nostrum
825 2363 995 2411 Tatzen,
1026 2364 1205 2415 quamvis
1235 2363 1410 2400 diversae
1437 2374 1540 2398 non-

111 2414 213 2453 nihil
241 2416 549 2469 significationis.
607 2416 712 2454 Hinc
743 2417 1014 2455 emendandus
1049 2424 1110 2455 est
1134 2417 1364 2455 Anastasius
1392 2416 1434 2453 in
1466 2415 1538 2454 Be-

115 2469 271 2508 nedicto
299 2471 379 2510 IL:
410 2473 452 2509 in
484 2471 642 2508 ecclesia
681 2471 732 2509 B.
762 2470 966 2509 Valentini
985 2472 1093 2521 ficit
1118 2472 1396 2524 coopertorium
1426 2484 1541 2523 super·

113 2524 237 2561 altare
263 2538 347 2563 cum
373 2526 497 2564 clavis
528 2534 565 2563 et
564 2525 762 2575 fiscellae.
817 2525 881 2563 Sic
909 2525 1028 2577 vulgo
1056 2525 1218 2573 editur3
1247 2525 1315 2563 sed
1342 2523 1420 2576 leg.
1451 2538 1536 2562 eum

114 2579 278 2616 tascellis
291 2607 304 2627 ,
335 2579 376 2627 id
404 2587 460 2618 est
489 2579 664 2627 taxillis,·
697 2579 790 2616 item
817 2579 858 2616 in
887 2580 1020 2617 Leone
1049 2579 1122 2617 ΙΙΙ.
1137 2594 1149 2617 .·
1179 2594 1294 2633 super·
1307 2578 1432 2616 altare
1449 2593 1536 2616 ma-

114 2631 279 2680 imfeeit
305 2636 494 2673 tetravela
519 2634 727 2672 holoserica
749 2634 926 2684 alyelzina
947 2648 1031 2671 cnm
1056 2633 1195 2672 oscillis
1231 2643 1268 2671 et
1299 2634 1395 2670 rosis
1419 2634 1536 2683 ‹7¹:132-

113 2685 306 2725 soclaviss
347 2689 440 2742 Leg.
486 2703 569 2727 cam
608 2687 766 2726 cascillis
811 2687 875 2726 vel
895 2689 1086 2739 Δειιςειῒίιζτς,
1134 2687 1241 2740 qnod
1269 2687 1432 2740 perinde
1460 2694 1532 2725 est.
