1884 3132
289 108 407 176 414
601 125 673 167 10.
715 124 823 167 1Ac.
861 124 1055 166 Rssisxu
1092 124 1471 169 commi-:Num

289 230 401 285 quod
430 229 602 284 legiones
629 228 996 284 adstringebantur.
1051 227 1220 269 subiicit
1236 231 1344 271 enim
1371 230 1552 271 Nicetas:
1583 228 1733 285 ἐφεξῆς

292 286 340 326 δὲ
368 286 449 325 τῶν
483 284 613 325 θείων
650 285 931 338 προτεθέντων
958 282 1106 335 λογίων
1127 313 1139 334 ,
1181 283 1247 324 ἐπ’
1277 283 1422 333 αὐτοῖς
1451 285 1733 337 ἐμπεδοῦνται

290 341 350 396 τῷ
383 338 598 393 ΙΙῖῐανουὴλ
624 336 675 380 τὰ
704 341 777 393 τῆς
800 337 966 386 εὐνοίας
993 337 1066 378 καὶ
1091 338 1268 386 πίστεως
1296 337 1402 394 πρὸς
1428 337 1598 388 πάντας.

402 396 445 436 Β.
467 411 506 449 7.
540 394 765 450 [411,22.]
808 393 1088 445 λιβελλαρίου.
1152 394 1258 434 Puto
1298 392 1558 450 λιβελλάριος
1602 402 1642 435 et
1670 397 1736 436 λι-

289 448 505 503 βελλήσιος
532 451 638 490 idem
667 465 772 502 esse,
802 451 1026 489 libellensis·
1086 449 1179 489 Non
1217 451 1324 490 enim
1353 450 1418 490 hic
1444 449 1735 503 λιβελλάριον,

291 507 444 546 libellus
474 506 607 545 locum
636 506 758 545 habet
775 536 787 557 ‚
818 519 949 558 neque
986 506 1085 544 verti
1124 512 1255 558 potest
1283 521 1305 544 e
1329 507 1489 556 libello,
1518 505 1583 545 vel
1610 506 1660 545 de
1684 507 1737 545 li-

290 562 406 601 bello.
463 561 526 600 De
565 561 837 601 libellensibus
874 561 976 601 conf.
1006 561 1040 600 F
1043 561 1191 600 abrott.
1219 560 1352 601 Gloss.
1382 561 1554 601 Cedren.
1581 568 1621 600 et
1650 561 1736 601 Gu-

292 618 399 661 ther.
414 632 455 671 p.
487 616 584 670 486.

403 675 451 713 Β.
486 687 549 713 ιι.
580 671 700 727 [4ῐῐ,
731 671 820 727 24]
850 667 1146 725 ἶσχυρώτατοι.
1210 672 1446 712 For-tissimi.
1499 671 1602 711 Eius
1628 678 1739 712 aeta-

293 730 346 768 tis
375 735 460 769 erat
479 758 492 779 ‚
538 735 585 767 ut
628 726 807 779 ἰσχυρὸς
855 741 929 781 pro
957 725 1136 782 ἀνδρείῳ
1161 735 1358 780 ponerent
1375 758 1387 775 ‚
1426 741 1538 766 more
1566 727 1736 776 Latino,

294 785 582 838 quibusfortis
609 790 648 823 et
676 797 750 836 pro
779 780 983 837 ἀνδρείῳ,
1014 781 1231 837 τολμηρῷ,
1258 781 1472 831 θυμώδει,
1503 792 1680 829 strenuo,
1699 790 1740 822 et

293 855 367 894 pro
395 841 547 880 robusto
565 870 575 887 ‚
610 848 750 887 toroso,
785 839 972 877 lacertoso
1005 837 1233 876 adhibetur.
1289 838 1367 877 Vix
1394 845 1531 891 putem
1546 867 1559 888 ‚
1585 839 1641 876 sic
1668 851 1740 877 ve-

294 903 399 934 teres
440 897 613 934 Graeeos
654 893 818 944 fecisse,
858 893 1042 946 quamvis
1081 906 1192 931 secus
1217 891 1347 932 videri
1393 900 1525 947 posset
1563 906 1608 932 ex
1648 891 1740 932 loco

294 950 561 1004 Theophrasti
589 950 690 1002 Cap.
722 950 839 988 VIII.
868 948 1114 998 Chai-aeter„
1149 947 1220 986 ubi
1261 955 1320 987 est
1346 940 1437 987 ἄλλ’
1463 941 1540 988 οὖν
1566 943 1741 1000 ἰσχυρός

294 1019 342 1058 γε
378 1003 594 1058 γενόμενος
608 1035 620 1053 ,
660 1013 703 1042 at
746 1013 952 1060 postquam
991 1012 1182 1042 strenuum
1233 1017 1274 1040 se
1307 1003 1518 1058 praestitit.
1583 1002 1741 1042 Verum

298 1069 440 1100 auctor
459 1060 526 1099 ille
540 1060 737 1099 recentior
768 1067 843 1110 est,
873 1067 928 1110 et,
955 1065 1001 1096 ut
1028 1058 1203 1109 videtur,
1223 1071 1246 1096 e
1274 1058 1433 1097 saeculo
1451 1057 1596 1096 Iuliani
1626 1057 1741 1111 Apo-

296 1124 450 1166 statae,
479 1116 588 1168 quod
615 1129 696 1154 non
724 1129 806 1153 uno
836 1128 881 1153 ex
921 1119 1157 1166 argumento
1194 1111 1352 1166 colligo.
1419 1113 1552 1152 Habet
1579 1126 1743 1166 quoque

297 1171 540 1213 Plutarchus
577 1166 829 1223 δραστήριον
867 1168 938 1207 καί
967 1166 1168 1219 ἰσχυρὸν,
1199 1167 1269 1207 sed
1296 1175 1336 1208 et
1363 1167 1431 1207 ille
1460 1168 1539 1207 iam
1586 1169 1743 1207 Latini-

298 1228 393 1267 smis
422 1226 591 1265 infectus
619 1232 689 1266 est.
742 1224 981 1264 Scholiastes
1010 1223 1294 1276 Aristophanis
1316 1223 1438 1262 Pluto
1476 1224 1590 1262 1003.
1625 1221 1744 1261 ἀλκι-

296 1279 483 1333 μώτατοι
515 1280 647 1320 reddit
675 1294 746 1334 per
774 1274 1072 1331 ἶσχυραὶτατοι.
1129 1277 1355 1332 Hesychius
1385 1275 1591 1330 θουραίην
1620 1277 1745 1331 expli-

298 1343 363 1378 cat
390 1351 462 1390 per
493 1334 689 1388 ἀνδρείαν
707 1367 719 1386 ,
747 1335 979 1386 θρασεῖαν,
1012 1329 1208 1386 ἰσχυράν.
1265 1333 1377 1372 Alias
1401 1334 1607 1387 proprium
1637 1333 1744 1372 mili-

297 1401 387 1433 tum
414 1392 688 1446 praedicatum
733 1397 818 1429 erat
847 1385 1132 1442 ἰσχυρώτατοι
1161 1395 1200 1427 et
1229 1383 1519 1441 ἀνδρειότατοι
1536 1388 1746 1440 ,jotti-ssi·-

299 1450 382 1498 mi,
415 1448 464 1487 de
491 1461 572 1500 quo
601 1446 692 1486 vide
720 1444 941 1484 Lindenbr.
970 1443 1021 1482 ad
1049 1442 1185 1485 Amm.
1218 1444 1346 1482 Marc.
1376 1457 1418 1496 p.
1448 1441 1515 1498 95.
1571 1442 1747 1497 Elegans

298 1510 359 1543 est
384 1503 496 1542 locus
525 1501 738 1540 Themistii
766 1515 808 1554 p.
838 1499 908 1539 88.
939 1499 1058 1537 init.:
1093 1493 1113 1536 ὃ
1142 1495 1302 1549 θεσμὸς
1331 1498 1404 1551 τῆς
1431 1498 1643 1544 πολιτείας
1669 1494 1749 1550 τὴν

296 1555 514 1612 ἑκατέροις
543 1556 871 1610 (Imperatoribus
899 1561 938 1593 et
966 1552 1172 1607 militibus)
1201 1552 1444 1606 πρέπουσαν
1472 1550 1626 1606 α’ρετὴν
1653 1557 1749 1599 ταῖς

298 1610 565 1666 ἐπικλήσεσιν
602 1611 833 1660 ἐνεδείξατο
856 1640 868 1662 ,
915 1606 1030 1660 ὑμᾶς
1067 1607 1145 1659 μὲν
1189 1607 1373 1658 εὐσεβεῖς
1401 1603 1475 1646 καί
1502 1604 1749 1661 φιλανθρωᾭ

297 1683 402 1716 πους
442 1663 789 1720 προσαγορεύων,
837 1669 923 1712 τοῖς
950 1659 1228 1717 στρατιώταις
1259 1663 1354 1713 δ’ἐξ
1398 1660 1595 1716 ἀνδρείας
1619 1660 1750 1715 μόνης

297 1720 376 1770 τοὶς
404 1720 647 1772 ἐπωνυμίας
674 1716 974 1773 νομοθετήσας.

410 1778 458 1816 C.
489 1792 522 1816 1.
555 1775 673 1831 [412,
706 1775 764 1830 3.]
803 1774 1027 1823 βασίλειον.
1086 1774 1290 1826 Regnzcm3
1319 1787 1396 1813 vox
1425 1773 1593 1812 vetustis
1622 1773 1749 1812 Grae-

298 1834 355 1873 cis
384 1835 520 1886 ignota
541 1862 552 1882 ‚
582 1833 653 1885 qui
680 1828 899 1883 βασιλείαν
928 1830 1084 1868 dicunt.
1142 1829 1297 1869 Passim
1323 1829 1499 1868 occurrit
1525 1827 1635 1882 apud
1666 1828 1750 1868 No-

298 1897 427 1930 strum
457 1895 496 1927 et
525 1887 641 1939 alios3
671 1902 712 1927 v.
744 1901 785 1940 p.
824 1884 914 1936 124.
947 1885 992 1924 B.
1028 1899 1088 1923 ιο.
1747 1878 1752 1885 “

409 1942 454 1982 C.
475 1942 513 1983 5.
543 1941 656 1997 [412‚
686 1940 746 1996 6.]
775 1935 1102 1994 συστρατιώτην.
1162 1939 1400 1987 Incrustavi,
1422 1944 1469 1976 ut
1495 1939 1624 1992 potui,
1655 1938 1751 1978 viti-⁴

299 2014 370 2039 um
408 2000 449 2037 in
492 1999 662 2037 Latinis.
732 1995 897 2036 Mallem
934 2003 1069 2033 tamen
1098 1994 1417 2047 συστρατιῶται.
1484 1996 1752 2047 Imperatores

299 2057 357 2094 ita
384 2053 530 2092 milites
558 2051 828 2106 appellabant.
859 2050 957 2089 Vid.
986 2049 1123 2088 Vales.
1156 2050 1206 2088 ad
1236 2048 1371 2087 Amm.
1398 2049 1581 2088 Marcell.
1615 2063 1657 2102 p.
1679 2048 1747 2088 56.

298 2111 391 2152 fine.
430 2110 476 2148 In
492 2109 646 2147 Latinis
661 2107 711 2145 ad
727 2107 857 2145 locum
878 2105 1077 2158 Spartiani
1106 2107 1149 2143 in
1186 2104 1369 2143 Adriano
1396 2119 1435 2157 p.
1467 2104 1538 2143 81.
1569 2104 1748 2156 respexi:

300 2166 487 2213 militem,
510 2164 625 2218 quasi
641 2163 784 2201 bellum
804 2162 1022 2199 immineret
1035 2189 1045 2206 ‚
1072 2158 1247 2198 exercuit
1260 2188 1272 2208 ,
1299 2160 1530 2198 tolerantiae
1539 2159 1750 2197 documen-

300 2218 348 2260 tis
372 2234 458 2258 eum
478 2219 649 2257 imbuens
661 2232 676 2267 ,²
704 2218 786 2271 ipse
817 2229 967 2271 quoque
988 2215 1090 2253 incer·
1108 2215 1518 2269 mampulares'vitam
1540 2214 1752 2252 militarem

303 2275 559 2328 magistrabat
585 2281 660 2312 etc.
678 2301 691 2323 ‚
722 2272 764 2311 id
806 2278 865 2310 est
892 2270 1086 2323 praeibat,
1120 2270 1288 2308 docebat
1307 2269 1487 2322 exemplo
1513 2282 1602 2307 suo.
1631 2267 1751 2306 Conf.

302 2331 402 2370 ibid.
432 2344 525 2382 pag.
555 2327 649 2383 672.
692 2341 755 2366 ιι.
783 2327 954 2379 Egregie
991 2325 1124 2364 locum
1161 2332 1343 2364 nostrum
1370 2324 1543 2363 illustrat
1568 2321 1637 2361 ille
1667 2322 1752 2360 He·-

301 2386 458 2424 rodiam
490 2385 544 2423 11.
595 2397 656 2425 11.
687 2382 736 2422 de
764 2382 943 2420 Severo:
987 2375 1195 2419 ἐκοινώνει
1232 2380 1315 2419 τῶν
1343 2375 1541 2429 καμάτων
1583 2376 1751 2426 αὐτοῖς,

302 2440 430 2492 σκηνῇ
457 2453 500 2479 τε
526 2435 742 2492 χρώμενος
770 2434 957 2486 εὐτελεῖ,
987 2431 1058 2473 καί
1098 2431 1209 2474 σιτία
1237 2431 1312 2473 καὶ
1329 2429 1431 2472 ποτά
1465 2426 1753 2483 προσφερόμεε

302 2507 371 2539 νος
400 2492 427 2532 ἃ
456 2493 528 2533 καί
555 2493 682 2532 πᾶσιν
727 2489 936 2543 ὑπάρχειν
975 2489 1191 2543 ἠπίστατο.
1266 2487 1458 2538 ου’δαμοῦ
1497 2484 1544 2524 δὲ
1585 2480 1755 2538 τρυφὴν

303 2547 558 2609 ἐνεδείκνυτο
579 2541 812 2599 βασιλικήν.
870 2540 969 2584 ὅθεν
997 2540 1070 2583 καί
1094 2542 1267 2594 μείζονα
1295 2538 1412 2604 παρὰ
1439 2539 1520 2580 τῶν
1547 2553 1753 2592 στρατιω-

302 2601 385 2640 τῶν
411 2596 574 2641 εὔνοιαν
613 2598 900 2640 ἐπιστεύσατο.
931 2596 981 2637 ου’
1012 2595 1091 2652 γὰρ
1119 2594 1249 2648 μόνον
1277 2594 1407 2635 αὐτον
1436 2593 1753 2645 συμπονοῦντα,

305 2653 412 2694 α’λλὰ
444 2657 517 2695 καί
542 2656 624 2695 τῶν
665 2649 864 2706 καμάτων
906 2648 1088 2706 ἄρχοντα
1127 2651 1166 2692 οἱ
1205 2649 1462 2705 στρατιῶται
1510 2643 1753 2700 αἰδούμενοι

305 2706 407 2761 μετὰ
442 2709 683 2764 προθυμίας
710 2706 843 2750 πάντα
871 2704 1089 2762 ἔπραττον.
