1884 3132
317 131 426 206 380
515 187 519 190 ,
589 149 665 218 2¹⁰·
709 149 813 193 IAC.
852 152 1046 194 amsmi
1087 151 1463 196 COMMENTAmi

315 262 409 295 sunt
424 285 436 305 ,
466 254 574 308 quod
597 254 715 308 paulo
744 263 832 309 post
860 257 1045 311 exemplis
1072 256 1368 297 demonstrabo.
1435 258 1746 298 Intercessemnt

318 318 452 349 tamen
481 309 693 363 quaedam,
727 326 829 364 quae
869 326 933 351 me
975 312 1128 352 consilii
1151 316 1363 366 ancipitem
1394 313 1603 364 fecerunt,
1633 321 1672 352 et
1705 314 1747 352 id

323 365 456 404 saltim
480 365 727 417 docuerunt,
747 381 901 405 morem
921 367 1027 406 hunc
1049 367 1237 420 loquendi
1267 383 1348 407 non
1374 367 1491 408 fuisse
1515 375 1748 421 perpetuum

320 426 360 459 et
396 421 503 473 ipsos
542 421 714 460 Graecos
735 421 813 460 sibi
843 437 924 461 non
956 430 1151 466 constare.
1207 424 1369 462 Primus
1402 423 1635 462 occurrebat
1647 423 1750 462 Pro-

320 476 427 528 copii
455 474 591 522 locus,
622 476 691 529 qui
720 475 879 516 lectioni
909 470 992 516 ἅνω
1021 477 1139 517 valde
1156 479 1400 531 patrocinari
1427 479 1644 518 videretur·
1676 477 1751 517 Est

316 530 547 569 Anecdotae
574 531 760 570 historiae
788 547 829 585 p.
863 533 948 571 130.
985 547 1017 572 c.
1037 533 1107 571 fin.
1147 534 1241 572 edit.
1266 533 1566 587 Lugdunensis:
1598 528 1636 571 οἶ
1668 532 1750 571 τῶν

314 583 536 634 Ῥωμαάον
584 581 887 638 αὐτοκράτορες
931 586 974 627 ἐν
1011 591 1098 634 τοῖς
1145 581 1230 628 ἄνω
1264 587 1436 640 χωρίοις
1476 584 1750 640 γεγενημένοι.

319 640 399 680 Sed
434 641 553 693 paulo
582 648 671 694 post
702 641 906 681 deserebat
927 657 992 681 me
1015 643 1091 681 hoc
1119 644 1387 696 praesidium,
1422 657 1547 696 quum
1579 657 1624 682 ex
1653 641 1752 680 Ale-

322 697 458 734 manni
485 698 587 735 notis
631 696 823 751 intelligo,
851 694 1018 749 χρόνοις
1051 697 1126 751 leg.
1167 713 1249 738 esse
1277 713 1351 752 pro
1378 698 1566 751 χωρίοις.
1623 697 1755 736 Maius

325 758 460 790 autem
496 759 673 804 superest
705 752 780 791 hoc
811 752 980 791 alterum
1006 754 1048 794 in
1071 753 1295 807 fragmento
1323 754 1494 793 auctoris
1520 753 1754 791 nescio'cu·

322 807 386 845 ius
403 835 414 856 ,
443 807 550 860 quod
584 807 812 846 Bandurius
831 822 872 860 p.
906 822 965 847 10.
994 815 1182 847 notarum
1210 809 1261 847 ad
1296 809 1540 848 Constantini
1559 806 1756 846 Themata

326 863 446 900 citat:
479 858 522 900 αἱ
571 853 656 900 ἅνω
686 861 725 900 Γ
723 860 839 900 αλίαι
877 863 947 902 καί
987 859 1034 902 τὸ
1064 863 1252 902 ἐπέκεινα
1279 864 1361 903 τῶν
1384 860 1570 903 Ἀλπέων
1598 861 1681 901 εἰσί
1705 857 1757 900 τὰ

326 912 432 967 πρὸς
465 913 686 966 Ὠκεανὸν,
731 911 814 956 οἷον
858 914 1071 968 Γαλατία,
1110 917 1306 960 Ἶσηανία
1329 949 1339 966 ,
1390 918 1430 958 Γ
1427 915 1599 970 ερμανοί
1634 915 1680 954 δὲ
1717 910 1758 954 οἳ

330 966 534 1022 Φράγκοι.
588 972 795 1024 Disputari
824 980 958 1011 tamen
992 972 1180 1012 adversus
1214 973 1318 1012 hanc
1357 987 1514 1027 quoque
1543 972 1759 1023 auctorita-

325 1033 408 1065 tem
437 1026 512 1064 hoc
536 1033 665 1078 potest
687 1056 700 1077 ‚
731 1026 880 1066 Gallias
908 1029 1131 1080 superiores
1158 1029 1235 1067 dici
1260 1042 1341 1067 non
1372 1027 1526 1067 CPleos
1544 1057 1555 1075 ‚
1586 1026 1655 1066 sed
1681 1026 1760 1063 Ita-

326 1080 405 1120 liae
424 1089 605 1132 respectu
633 1089 671 1121 et
699 1081 851 1121 Galliae
885 1082 1110 1136 Cisalpinae
1132 1114 1142 1131 ,
1173 1098 1297 1138 quum
1340 1083 1437 1122 haec
1467 1078 1579 1120 κάτω
1597 1111 1608 1131 ,
1635 1081 1675 1119 id
1703 1087 1762 1119 cst

328 1136 380 1174 ad
407 1143 614 1184 austrum,
647 1136 714 1175 illa
742 1137 1003 1190 Transalpina
1046 1153 1183 1178 versus
1211 1139 1398 1187 boream,
1456 1136 1632 1189 adeoque
1670 1149 1760 1175 sur-

330 1205 420 1230 sum
452 1205 589 1230 versus
624 1192 763 1245 polum
801 1200 982 1246 porrecta
1012 1193 1077 1235 sit.
1146 1193 1292 1232 Adhuc
1339 1200 1474 1232 tamen
1506 1205 1633 1230 unum
1669 1205 1760 1230 suc-

331 1247 476 1294 currit,
516 1247 626 1299 quod
656 1247 816 1287 lectioni
862 1241 948 1287 ἄνω
977 1248 1097 1288 favet.
1153 1249 1374 1302 Imperator
1409 1249 1450 1287 in
1488 1247 1531 1285 S.
1569 1245 1759 1298 Sophiam

330 1308 371 1340 et
399 1303 610 1354 praecipue
634 1304 677 1341 in
719 1303 868 1342 circum
897 1317 919 1343 e
945 1303 1092 1357 palatio
1122 1305 1338 1356 procedens
1357 1333 1368 1353 ‚
1408 1302 1448 1342 id
1478 1308 1537 1340 est
1567 1315 1588 1340 e
1606 1307 1762 1353 septen-

330 1357 461 1396 trione
491 1370 627 1396 versus
653 1365 850 1408 austrum,
877 1373 958 1397 non
989 1357 1278 1409 καταβαίνειν,
1307 1358 1377 1399 sed
1404 1371 1558 1409 semper
1585 1353 1762 1406 ἀναβαί-

330 1425 416 1451 νειν
444 1412 603 1450 dicitur.
656 1413 817 1466 Ergone
839 1427 925 1452 mos
958 1420 1044 1452 erat
1077 1414 1303 1466 Byzantinis
1335 1414 1375 1452 in
1400 1420 1578 1452 austrum
1613 1410 1689 1449 sita
1710 1404 1764 1448 ‘ta'

331 1459 420 1506 ἅνω
462 1474 501 1506 et
536 1468 735 1506 contraria
765 1465 818 1506 τοὶ
861 1463 969 1507 κάτω
1006 1468 1236 1521 appellare?
1309 1469 1350 1507 Si
1387 1467 1485 1518 fuit,
1521 1467 1562 1506 in
1603 1465 1761 1504 diversa

331 1521 512 1575 profecto
543 1537 567 1561 a
594 1523 924 1575 Geographorum
957 1531 998 1562 et
1024 1524 1194 1562 aliorum
1226 1538 1332 1563 vsuae
1369 1525 1494 1577 gentis
1527 1521 1766 1573 scriptorum

334 1591 449 1616 more
478 1585 518 1617 et
543 1578 724 1617 instituto
746 1579 931 1617 abierunt
950 1609 961 1627 ‚
993 1580 1062 1632 qui
1095 1580 1138 1617 in
1168 1578 1457 1632 longitudinem
1494 1576 1656 1630 quidem
1684 1575 1767 1614 ori-

338 1639 472 1671 entem
499 1634 742 1686 superiorem
758 1663 768 1681 ‚
814 1634 1059 1673 occidentem
1098 1634 1324 1673 inferiorem
1358 1638 1606 1680 statuerunt3
1634 1629 1770 1668 latitu-
1822 1656 1823 1660 ,

333 1686 471 1730 dinem
487 1696 620 1727 autem
649 1689 757 1727 orbis
791 1696 1075 1743 prosequentes
1105 1703 1127 1727 e
1156 1690 1441 1742 septentrione,
1471 1695 1663 1739 tanquam
1686 1684 1771 1722 edi-

333 1743 460 1792 tiore,
485 1744 527 1781 in
568 1751 762 1791 austrum,
791 1751 837 1783 ut
881 1744 1135 1783 humiliorem
1153 1773 1165 1790 ,
1197 1744 1454 1784 descendunt.
1506 1738 1697 1802 Exempla
1728 1739 1787 1776 in⁴

332 1805 493 1851 promtu
516 1806 621 1840 sunt.
677 1799 842 1838 Aristid.
874 1800 926 1838 T.
964 1801 1014 1839 11.
1047 1814 1090 1851 p.
1115 1799 1210 1840 555.
1230 1813 1265 1838 c.
1289 1799 1357 1838 fin.
1376 1794 1462 1836 ’τὸν
1489 1790 1600 1834 κάτω
1630 1806 1767 1832 παντα

337 1848 467 1891 τόπον
495 1851 741 1904 α’νοιχθέντα
762 1883 774 1903 ,
801 1869 951 1894 onmem
983 1856 1206 1906 infertor-em
1246 1855 1439 1906 regionem
1463 1859 1641 1906 apertam
1654 1877 1667 1898 ,
1699 1861 1773 1886 suo

336 1913 519 1960 tempore
545 1923 671 1961 quum
693 1909 812 1958 dicit,
843 1910 1066 1962 significare
1094 1909 1181 1948 vult
1199 1939 1211 1960 ,
1238 1916 1411 1947 tractum
1436 1906 1555 1946 maris
1582 1903 1771 1942 mediter-

339 1964 452 2001 ranei
481 1963 791 2012 occidentalem,
823 1965 927 2003 circa
955 1965 1189 2016 Hispaniam
1211 1994 1222 2014 ,
1251 1965 1458 2016 ipsumque
1474 1973 1666 2000 oceanum
1678 1958 1773 1998 Bri-

338 2018 545 2056 tannicum
575 2017 699 2056 libere
722 2020 919 2072 navigari.
978 2018 1214 2071 Theophani
1248 2033 1287 2071 p.
1311 2018 1378 2057 60.
1409 2018 1461 2055 D.
1483 2015 1519 2067 4.
1553 2013 1774 2052 Theodosi-

340 2086 390 2111 us
418 2086 440 2110 e
474 2074 602 2111 Roma
641 2073 765 2112 CPlin
806 2073 974 2112 tendens
1005 2074 1152 2112 dicitur
1185 2067 1387 2122 ἆιἐλθεῐ’ν;
1426 2070 1532 2110 cons.
1557 2084 1598 2122 p.
1625 2067 1689 2122 78.
1722 2066 1772 2105 C.

344 2129 402 2176 3.;
425 2134 464 2165 et
491 2129 664 2166 vicissim
694 2129 882 2181 Byzantio
904 2129 946 2166 in
980 2128 1135 2166 Italiam
1156 2134 1295 2166 euntes
1324 2125 1600 2178 κατέρχεσθαι
1619 2137 1660 2175 p.
1688 2121 1777 2159 113.

344 2181 398 2221 A.
416 2182 458 2220 3.
483 2180 579 2220 Pari
608 2181 728 2221 modo
751 2185 821 2236 qui
848 2197 870 2222 e
887 2183 1072 2236 Bulgaria
1093 2190 1132 2221 et
1159 2185 1424 2235 septentrione
1438 2179 1562 2218 CPlin
1578 2176 1747 2216 tendunt
1763 2205 1775 2224 ,

344 2236 535 2275 dicuntur
561 2237 690 2275 eidem
723 2237 988 2287 καταβαίνειν
1018 2253 1058 2291 p.
1091 2238 1181 2276 520.
1212 2237 1258 2276 C.
1289 2252 1328 2290 7.
1385 2237 1432 2274 In
1453 2235 1614 2273 Tactico
1640 2237 1779 2269 nostro

347 2305 465 2343 saepe
502 2291 645 2345 legitur
679 2287 944 2342 α’ποβάλλειν,
973 2300 1127 2331 armata
1164 2306 1286 2330 manu
1322 2293 1493 2339 intrare,
1535 2287 1708 2347 ΡιὈΡΓξΘ.
1735 2297 1776 2322 SC

348 2345 541 2394 abiicere,
593 2346 751 2386 devolvi
780 2348 822 2385 in
858 2348 1015 2400 Syriam
1031 2377 1042 2396 ,
1091 2354 1228 2399 utpote
1265 2346 1360 2385 CPli
1401 2356 1538 2384 versus
1570 2339 1779 2402 meridiem

347 2401 581 2440 orientalem
604 2402 736 2440 sitam.
793 2402 941 2440 Contra
958 2417 979 2441 e
1001 2403 1139 2441 Persia
1155 2403 1388 2455 Byzantium
1414 2398 1615 2439 venientes
1634 2394 1779 2456 dicun-

347 2462 417 2493 tur
448 2454 636 2495 ἀνελθεῖν
666 2471 706 2509 p.
735 2457 829 2495 252.
862 2465 991 2510 antep.
1016 2456 1182 2495 Malalas
1214 2457 1264 2495 T.
1291 2457 1344 2494 ΙΙ.
1380 2469 1418 2506 p.
1441 2452 1506 2492 58.
1533 2450 1583 2512 dt}
1600 2448 1780 2487 Eudoma

351 2510 402 2547 ad
426 2524 537 2548 sacra
568 2510 655 2550 loca
677 2513 719 2549 in
743 2511 903 2550 exilium
934 2519 1099 2551 exeunte
1137 2510 1195 2558 εἷς
1236 2506 1334 2556 τοὺς
1363 2504 1503 2559 ἁγίους
1529 2516 1678 2566 ΐθῖῑξὶυς
1705 2516 1800 2565 “af

351 2561 503 2614 τῆλθεν
526 2566 602 2614 ait,
633 2566 816 2618 quamvis
845 2567 1058 2606 κατελθεῖν
1086 2566 1162 2604 hoc
1191 2564 1350 2617 quidem
1380 2563 1468 2601 loco
1502 2572 1626 2621 accipi
1659 2563 1783 2610 possss:

350 2630 425 2668 pro
450 2619 507 2655 ire
535 2619 599 2657 vel
629 2623 761 2659 venire
791 2621 925 2674 aliquo
952 2635 1045 2660 cum
1071 2621 1292 2658 intentione
1318 2622 1509 2670 perpetuo
1536 2613 1593 2651 ib1
1618 2624 1783 2651 manen-

351 2670 408 2710 cli:
439 2685 541 2723 quae
579 2676 690 2713 notio
723 2675 847 2715 verbo
875 2675 1154 2727 κατέρχεσθαι
1191 2680 1230 2711 et
1266 2670 1450 2710 κατιέναι
1486 2670 1600 2707 inest.
1660 2664 1783 2718 Apud

355 2725 641 2779 Theophanem
666 2744 707 2782 p.
734 2730 826 2770 360.
849 2731 902 2770 D.
927 2745 970 2784 9.
1002 2731 1220 2783 iunguntur
1245 2722 1296 2767 τὰ
1329 2719 1532 2765 namma
1560 2720 1668 2774 μέρη
1692 2733 1783 2759 cum
