1826 3126
823 40 859 81 ο

270 139 345 197 60
545 162 618 203 10.
659 160 766 202 1Ac.
807 161 1002 200 Rmsxu
1049 158 1426 203 connffiNrAml

268 266 472 306 eunuchos
488 294 500 315 ‚
530 266 573 303 in
600 263 823 317 Augustale
848 265 999 302 intrare
1026 262 1201 314 licebat3
1257 264 1342 302 vid.
1371 278 1413 317 p.
1436 263 1502 305 15.
1525 265 1574 305 Β.
1633 266 1709 306 vi-

268 322 390 360 detur
426 333 520 373 ergo
560 320 674 373 quasi
709 317 932 371 Seraglium
965 319 1257 371 Imperatorum
1286 319 1544 360 CPtanox-um
1570 322 1704 361 fuisse.

266 377 379 431 *[De
397 374 623 427 Augustali,
652 374 721 412 ubi
742 374 1008 413 coronabatur
1027 375 1279 427 Impcratrix,
1308 374 1392 414 vid.
1418 374 1536 414 CPlis
1557 377 1707 416 Christ.

264 446 309 485 p.
335 433 399 481 57.
431 437 471 468 et
495 437 580 468 not.
612 430 663 468 ad
691 430 838 467 Zonar.
870 444 912 481 p.
943 429 1030 470 155.
1073 444 1147 469 nec
1186 431 1294 468 iuxta
1331 429 1482 480 altare,
1521 438 1566 470 ut
1601 433 1712 472 Goar

264 488 412 535 vertit,
452 485 522 524 sed
549 487 591 524 in
627 484 765 524 tabula
793 484 844 522 ad
873 485 980 523 hunc
1009 486 1130 524 ritum
1159 492 1298 538 parata
1323 500 1335 535 3
1379 499 1421 524 v.
1453 485 1712 531 Pachvmeris

265 537 471 594 ἔκφρασις
513 540 590 578 τοῦ
619 537 892 590 αὕγουστέως.
948 541 1146 594 Gregoras
1176 555 1217 593 p.
1242 538 1336 593 764.
1371 555 1460 593 sqq.
1475 540 1515 592 1*
1564 532 1712 581 ²Exstat

266 610 428 649 quoque
468 595 538 634 illa
565 595 825 648 Pachymeris
852 595 1067 648 Ecphrasis
1093 610 1186 634 cum
1214 595 1338 634 latina
1364 595 1556 635 Bandurii
1585 599 1710 636 inter-

266 652 490 706 pretatione
523 653 564 689 in
593 652 679 689 eius
708 651 812 703 Imp.
844 651 919 689 Or.
952 651 999 688 L.
1031 651 1106 690 VI.
1137 666 1178 705 p.
1206 649 1294 700 114.

376 707 429 745 D.
454 705 494 758 4.
540 704 613 760 [8‚
647 704 742 759 18.]
788 701 859 744 καί
894 704 1119 757 βασίλειος.
1177 705 1438 746 Mcmbranae
1473 705 1548 745 καί
1574 701 1599 759 ἢ
1630 708 1710 758 βα-

272 761 441 807 σι’λειος.

378 816 511 854 Sclzol.
530 815 560 854 l.
584 829 622 854 2.
655 808 737 854 ἆπὸ
767 815 846 855 τοῦ
871 815 1152 868 βαπτιστῆρος
1178 815 1330 855 habent
1357 814 1533 854 eaedem.

379 871 511 910 Sclzol.
542 871 613 910 lin.
647 870 687 922 4.
737 869 901 924 πρώτην
949 867 1120 924 σχολήν.
1178 872 1321 910 Prima
1360 870 1426 910 hic
1467 879 1713 912 memoratur

270 926 428 966 Schola.
486 927 645 979 Septem
684 928 790 965 enim
826 934 966 977 erant3
1013 935 1111 980 quot
1147 926 1245 966 olim
1283 933 1396 966 erant
1437 929 1713 966 ‘exn-illationes

267 985 553 1031 comitatenses,
596 982 680 1020 vid.
713 982 930 1021 Panciroll.
973 983 1101 1022 Notit.
1132 995 1174 1034 p.
1199 996 1267 1021 22.
1296 981 1340 1020 h.
1362 995 1450 1034 cap.
1474 981 1541 1033 54.
1601 983 1714 1032 Qua-

270 1046 437 1091 propter
465 1039 583 1076 etiam
614 1051 654 1090 p.
677 1036 770 1076 238.
802 1038 849 1077 C.
874 1037 913 1077 5.
943 1042 948 1049 '
971 1034 1125 1089 σχολαὶ
1150 1051 1222 1090 per
1248 1037 1525 1076 oeaeillcuioroes
1553 1039 1714 1077 comita—

270 1102 390 1132 censes
431 1092 602 1131 reddidi.
659 1093 762 1131 Sunt
797 1100 930 1132 autem
966 1094 1120 1133 scholae
1157 1093 1265 1132 idem
1292 1099 1412 1146 atque
1437 1093 1684 1132 contubernia
1700 1123 1713 1144 ,

267 1150 366 1187 item
394 1148 553 1187 ordines
581 1146 780 1196 militum,
810 1148 861 1189 ad
887 1163 1015 1187 unum
1045 1150 1202 1202 signum
1229 1149 1514 1200 pertinentium
1531 1177 1543 1197 ‚
1573 1162 1715 1187 nume-

270 1205 333 1252 ri,
371 1203 567 1242 cohortes.
628 1203 692 1241 Ab
724 1203 802 1242 illis
833 1203 979 1243 scholis
1015 1205 1201 1242 scholarii
1231 1210 1324 1242 sunt
1350 1202 1538 1255 appellati
1570 1202 1716 1242 milites

259 1261 314 1297 ·in
335 1273 478 1311 genere
497 1258 659 1310 quidem
686 1272 848 1308 omnes,
883 1261 1003 1297 etiam
1030 1260 1200 1312 gregarii
1229 1266 1268 1297 et
1286 1257 1566 1310 provinciales.
1600 1258 1716 1312 *[89-

271 1321 382 1384 ptem
415 1313 704 1352 scholariorum
735 1328 924 1352 numeros
941 1343 952 1363 ‚
981 1316 1050 1368 qui
1082 1316 1124 1352 in
1152 1314 1339 1366 Bithynia
1366 1313 1566 1362 resident,
1595 1313 1718 1352 habet

279 1368 541 1422 sheophanes
557 1384 597 1422 p.
623 1367 761 1422 2οο.]*
804 1370 850 1408 In
877 1371 1007 1422 specie
1034 1383 1131 1408 vero
1159 1369 1305 1407 milites
1333 1367 1385 1407 ad
1412 1369 1634 1407 custodiam
1651 1383 1718 1421 pa-

272 1423 383 1474 latii,
425 1424 475 1463 de
506 1425 651 1478 quibus
679 1426 880 1478 egregium
909 1424 1042 1464 locum
1071 1424 1193 1463 habet
1219 1423 1408 1476 Procopii
1434 1423 1627 1462 anecdota
1653 1423 1717 1462 hi·-

273 1480 424 1529 storia,
469 1494 510 1532 p.
551 1479 640 1519 106.
671 1480 776 1530 fine,
820 1479 927 1519 unde
954 1480 1122 1518 discitur
1148 1493 1288 1518 eorum
1318 1480 1458 1532 origo,
1496 1493 1689 1517 numerus
1707 1509 1720 1530 ,

272 1541 313 1573 et
341 1533 418 1573 alia
457 1535 553 1574 illuc
591 1536 827 1587 spectantia.
883 1535 1081 1574 Excubias
1117 1534 1160 1573 hi
1199 1533 1387 1574 scholarii
1415 1533 1586 1587 agebant
1612 1535 1719 1572 intra

273 1588 450 1628 chalcen
465 1619 476 1640 ‚
521 1603 591 1629 seu
619 1592 766 1629 atrium
807 1597 846 1629 et
873 1591 1094 1643 ingressum
1121 1588 1284 1643 palatii3
1325 1589 1562 1628 habitabant
1585 1596 1720 1628 autem

272 1646 316 1683 in
346 1644 564 1698 propylaeo
592 1645 700 1684 aedis
729 1645 800 1684 SS.
837 1645 1151 1698 Apostolorum,
1195 1651 1240 1683 ut
1267 1659 1290 1683 e
1314 1645 1438 1683 variis
1474 1643 1572 1683 locis
1598 1644 1721 1683 huius

274 1700 562 1740 Ceremonialis
590 1708 758 1740 constat.
819 1701 978 1741 Gemini
1006 1708 1120 1740 erant
1138 1729 1150 1750 ‚
1177 1699 1331 1754 pedites
1359 1706 1398 1738 et
1413 1701 1580 1752 equites.
1638 1699 1718 1738 Sed

273 1754 371 1794 nolo
397 1756 440 1794 in
467 1756 543 1795 hoc
572 1763 807 1810 argumento
836 1756 1014 1809 prolixus
1040 1769 1137 1795 esse.
1198 1754 1316 1793 Conf.
1353 1754 1523 1793 Guther.
1552 1768 1596 1808 p.
1621 1754 1716 1806 399.

275 1817 316 1848 et
337 1810 431 1865 599.
490 1810 625 1850 Vales.
656 1819 695 1850 et
722 1811 992 1864 Lindenbrog.
1025 1811 1077 1850 ad
1109 1810 1245 1848 Amm.
1278 1807 1457 1848 Marcell.
1490 1823 1532 1863 p.
1556 1807 1624 1849 58.
1647 1807 1717 1850 88.

276 1872 316 1904 et
335 1865 430 1920 479.
450 1895 462 1915 ‚
495 1867 591 1906 item
622 1866 690 1906 Du
707 1867 841 1920 Gange
862 1866 993 1905 Gloss.
1017 1873 1203 1918 utroque.

290 1970 303 1983 ε
373 1920 414 1960 6.
434 1921 486 1960 A.
503 1936 544 1960 2.
577 1921 642 1977 [8‚
662 1920 752 1976 2ι.]
781 1919 1149 1975 πρωτομάρτνρος.
1193 1920 1291 1973 Leg.
1332 1933 1354 1959 e
1373 1919 1619 1967 membranis*
1644 1917 1723 1959 τοῦ

277 1974 398 2027 αγίου
428 1975 793 2030 πρωτομὰρτυρος.

385 2030 438 2070 A.
460 2046 501 2086 9.
540 2031 604 2086 [9‚
626 2031 689 2086 3.]
719 2028 1057 2085 ῥεφερενὸἀριον.
1112 2030 1416 2070 Referendarius
1444 2037 1504 2069 est
1530 2029 1720 2084 politica,

277 2093 317 2124 et
353 2094 411 2125 est
453 2101 614 2140 quoque
651 2101 763 2126 sacra
804 2087 988 2140 dignitas.
1046 2086 1111 2125 De
1146 2087 1362 2138 posteriori
1396 2099 1530 2124 sermo
1565 2084 1632 2124 hie
1659 2084 1722 2123 fit.

276 2141 352 2179 Est
381 2150 514 2181 autem
534 2142 840 2182 Referendarius
861 2156 971 2181 sacer
990 2143 1172 2180 minister
1189 2140 1448 2180 Patriarchae
1461 2170 1473 2191 ‚
1502 2141 1573 2194 qui
1600 2139 1723 2179 huius

278 2196 466 2235 mandata
482 2227 493 2247 ,
521 2198 563 2237 id
580 2205 639 2237 est
658 2198 962 2252 significationes
977 2226 989 2247 ‚
1016 2210 1122 2236 nova
1141 2226 1153 2247 ‚
1174 2210 1277 2249 quae
1295 2196 1473 2235 indieare
1491 2195 1580 2236 vult
1594 2225 1607 2245 ,
1635 2208 1725 2247 per·

278 2251 357 2289 fert
384 2251 436 2291 ad
465 2251 749 2306 Imperatorem
777 2251 842 2292 vel
868 2266 1082 2306 proceresg
1118 2259 1164 2290 ut
1189 2252 1254 2290 hic
1287 2251 1364 2290 loci
1394 2251 1515 2290 refert
1539 2241 1725 2290 Referen-

279 2306 415 2345 (larius
451 2307 501 2346 ad
539 2310 826 2362 Imperatorem
866 2309 1028 2347 nomine
1063 2306 1322 2346 Patriarchae
1355 2313 1514 2360 tempus
1554 2318 1640 2344 esse
1671 2304 1726 2343 ad

278 2364 572 2413 processionem
616 2364 816 2404 veniendi.
873 2363 970 2403 Vid.
1011 2363 1120 2401 Goar
1155 2362 1207 2401 ad
1237 2362 1381 2400 Codin.
1411 2376 1454 2415 p.
1492 2361 1554 2400 13.
1584 2374 1627 2398 n.
1653 2373 1722 2398 22.

279 2414 348 2453 Du
377 2416 513 2470 Gange
541 2419 717 2458 Glossar.
755 2427 928 2473 utroque
954 2418 1030 2457 hac
1057 2431 1170 2457 voce.
1232 2417 1403 2456 Guther.
1435 2416 1486 2455 de
1513 2413 1632 2454 Offic.
1665 2415 1720 2452 D.

281 2469 334 2509 A.
366 2484 408 2523 p.
431 2472 526 2520 421.
569 2481 608 2513 et
628 2475 721 2529 573.
780 2474 846 2513 Ab
880 2473 943 2513 his
984 2474 1106 2513 sacris
1144 2472 1293 2511 diversi
1330 2478 1423 2511 sunt
1464 2469 1724 2510 reserendarii

280 2525 347 2564 vel
375 2528 638 2578 regerendarii
669 2531 988 2583 Imperatorum,
1035 2530 1103 2581 qui
1139 2527 1367 2566 referebant
1393 2526 1444 2565 de
1473 2525 1594 2564 rebus
1622 2525 1726 2563 scitu

281 2582 514 2619 necessariis
554 2584 604 2621 ad
633 2584 934 2638 Imperatorem.
992 2581 1349 2638 *[Referendarius
1377 2588 1436 2620 est
1467 2578 1727 2619 cancellarius

282 2635 430 2687 regius.
491 2635 680 2676 Alteserr.
714 2640 766 2679 ad
802 2639 986 2680 Anastas.
1017 2652 1109 2692 pag.
1150 2636 1282 2690 114.]*
1338 2636 1436 2675 Vid.
1466 2633 1626 2673 Novell.
1658 2633 1728 2672 Iu-

283 2692 378 2729 stin.
441 2719 452 2728 .
477 2690 542 2742 54.
578 2691 645 2741 54.
687 2695 858 2748 Procop.
892 2694 1046 2734 Anecd.
1079 2708 1119 2746 p.
1142 2692 1210 2732 65.
1247 2690 1306 2741 5.‚
1333 2692 1404 2730 ubi
1432 2690 1620 2729 dicuntur
1645 2688 1726 2727 Re-

283 2704 495 2787 fex-enciirii
535 2745 689 2790 libellos
729 2750 926 2805 supplices
965 2748 1015 2789 ad
1044 2749 1147 2803 Imp.
1188 2746 1352 2788 referre.
1411 2744 1614 2788 Videntur
1643 2743 1730 2784 fere
