1884 3132
301 125 418 192 426
593 145 668 186 10.
708 144 814 187 mc.
853 145 1049 188 Rssisxn
1091 143 1469 190 coMROENTARn

302 249 406 287 Nolo
437 249 676 289 coniecturis
694 249 848 290 diutius
872 251 1102 301 immorari,
1134 266 1187 291 ne
1219 253 1261 291 in
1289 253 1445 292 somnia
1478 252 1666 294 incidam.
1710 255 1749 295 Ε

304 304 438 342 Nostri
466 319 506 357 p.
535 305 626 345 151.
647 305 702 345 A.
731 319 764 345 ι.
805 306 1043 361 intelligitur
1075 307 1264 347 habuisse
1284 307 1388 347 hanc
1419 314 1568 348 vestem
1590 324 1752 364 quoque

305 361 539 413 capputium
566 368 636 400 aut
660 376 829 415 cappam
844 390 856 413 ‚
889 377 969 416 qua
987 371 1107 417 caput
1127 363 1280 403 velaret
1303 364 1542 418 Imperator,
1573 366 1608 404 si
1629 373 1752 406 stem-

304 429 373 455 ma
399 430 469 463 seu
493 415 663 455 insulam
689 431 771 456 non
793 426 964 471 gereret.

393 470 486 522 240.
511 472 563 515 D.
583 472 623 512 3.
648 471 760 527 [4¹4⁹
792 472 872 527 1o.]
903 472 1217 527 προηγουμένου
1245 473 1323 514 τοῦ
1349 474 1538 525 σταυροῦ
1572 472 1646 518 ital
1670 473 1758 515 τῶν

307 523 547 579 περσικίων.
607 528 694 567 Non
738 535 944 580 repetam,
987 543 1090 583 quae
1120 543 1242 582 supra
1275 529 1326 568 ad
1350 543 1393 582 p.
1427 530 1522 569 230.
1556 529 1609 572 B..
1641 545 1677 570 1.
1704 531 1761 571 de

308 583 486 636 persiciis
512 583 723 637 disputavi.
766 584 879 624 Nunc
899 591 1059 626 tantum
1090 585 1131 623 id
1155 585 1304 635 dicam,
1327 583 1416 624 loeo
1446 586 1575 625 crucis
1599 592 1639 624 et
1665 600 1758 640 per-

306 638 498 678 siciorum
543 639 608 678 vel
659 639 876 688 bursarum
929 641 1191 684 consuevisse
1223 639 1538 694 Imperatoribus
1585 643 1754 683 vetustis

306 695 474 746 paganis
502 695 635 748 ignem
666 702 705 734 et
738 709 962 749 purpuram
991 696 1210 752 praeferri,
1238 703 1285 734 ut
1313 710 1359 734 ex
1397 695 1621 741 Hemdia-ni
1661 696 1755 737 loco

306 749 357 788 L.
382 750 479 792 vu,
504 764 544 789 c.
574 765 608 789 1.
629 757 786 790 constat
802 781 814 801 ,
834 751 906 791 ubi
936 750 1204 801 deQuartino
1221 751 1398 805 quodam
1422 752 1552 791 invito
1574 751 1630 790 ad
1644 765 1755 791 sum·-

303 819 416 844 mam
457 804 691 858 dignitatem
726 814 842 860 rapto
879 808 936 846 ait
961 822 973 846 :
1019 801 1283 859 ἁρπάσαντες
1327 800 1481 846 ἄκοντα
1519 804 1595 846 καὶ
1630 805 1756 847 οὐδὲν

309 855 532 911 προειδότα
559 858 790 914 στρατηγὸν
828 858 992 902 ἑαυτῶν
1035 861 1317 914 κατέστησαν,
1362 856 1562 915 πορφύρᾳ
1602 874 1647 900 τε
1683 861 1758 902 καί

306 914 416 965 πυρὶ
441 911 708 965 πομπεύοντα
739 916 864 982 [quae
892 917 1009 958 lectio
1030 919 1138 958 beno
1159 916 1311 968 habet,
1341 930 1423 955 non
1443 915 1657 970 mutanda]
1691 930 1755 956 τι-

306 972 410 1020 μαῖς
439 968 650 1023 ὀλεθρίοις
679 971 937 1026 ἑκοσμησαν,
970 988 1056 1013 cum
1082 986 1265 1028 purpura
1291 981 1329 1011 et
1355 972 1462 1024 igni,
1496 971 1541 1017 id.
1561 979 1619 1011 est
1643 972 1761 1011 facu-

307 1024 357 1064 lis
379 1026 611 1066 ardentibus
629 1057 641 1078 ,
666 1028 827 1081 publica
854 1029 898 1067 in
921 1043 1071 1084 pompa
1093 1027 1368 1083 procedentem
1396 1027 1604 1065 honoribus
1628 1029 1752 1066 exiti-

304 1081 434 1120 alibus
452 1081 680 1135 qllecerzmt.
740 1084 837 1122 Vid.
865 1083 1021 1123 dissert.
1048 1084 1098 1123 de
1122 1084 1213 1135 igni·
1224 1082 1408 1135 Augus-tis
1418 1083 1601 1136 praelato
1617 1111 1630 1133 ,
1649 1096 1755 1137 quae

304 1143 450 1178 octava
480 1145 537 1176 est
561 1138 663 1178 inter
681 1138 942 1178 Academicas
964 1137 1258 1180 Eschenbachii
1283 1139 1325 1190 p.
1348 1139 1443 1191 519·
1462 1151 1523 1190 sq.

418 1193 471 1232 D.
492 1192 530 1244 4..
553 1192 671 1248 [414‚
700 1193 781 1248 11.]
822 1190 1098 1247 συγκάθηται.
1153 1192 1345 1236 Solebant
1385 1199 1537 1232 veteres
1575 1192 1763 1246 Impera*

307 1255 415 1287 tores
449 1249 619 1295 Romani
645 1251 819 1288 amicum
844 1250 1020 1303 aliquem
1039 1251 1081 1297 in
1109 1262 1273 1288 currum
1295 1262 1428 1287 secum
1448 1261 1630 1296 sumere,
1658 1251 1754 1303 quia

307 1303 439 1343 solum
468 1304 560 1343 vehi
591 1304 764 1358 aliquem
794 1306 836 1344 in
866 1319 987 1344 curru
1015 1319 1088 1358 pro
1115 1304 1341 1356 arrogantia
1369 1303 1663 1357 accipiebatur3
1708 1317 1751 1343 v.

309 1359 443 1399 Vales-
463 1360 514 1398 ad
547 1359 685 1400 Amm.
706 1360 888 1400 Marcell.
919 1375 962 1414 p.
988 1360 1078 1412 141.
1099 1366 1138 1399 et
1166 1359 1269 1398 infra
1295 1373 1337 1412 p.
1354 1357 1447 1410 405.

420 1415 475 1453 D.
500 1413 538 1454 5.
562 1413 680 1468 [414,
706 1415 790 1471 12.]
841 1417 977 1469 φιλῶν
1015 1412 1146 1454 αὐτοῦ
1174 1410 1252 1461 τοὶς
1279 1417 1444 1466 χεῖρας.
1500 1412 1587 1456 Ubi
1612 1413 1756 1458 humav-

307 1483 408 1509 num
445 1477 485 1509 et
524 1484 776 1516 communem
822 1486 864 1510 se
891 1471 1055 1511 volebat
1085 1471 1306 1524 Imperator
1332 1467 1571 1520 ostendere,
1612 1483 1757 1510 manus

306 1533 380 1564 aut
408 1532 547 1578 pectus
572 1526 694 1565 dabat
719 1525 954 1566 osculanda.
1010 1527 1066 1566 Et
1093 1532 1206 1567 erant
1230 1525 1328 1564 certi
1343 1523 1490 1578 gradus
1512 1523 1763 1571 osculorum,

311 1581 514 1631 Quidam,
543 1581 725 1620 vilissimi
754 1596 924 1636 nempe,
954 1596 1036 1621 non
1062 1582 1140 1620 nisi
1167 1580 1318 1635 pedes,
1345 1579 1590 1620 honestiores
1618 1587 1658 1619 et
1684 1594 1758 1634 pe-

307 1636 379 1679 des
407 1644 447 1675 et
473 1650 604 1688 genua
623 1643 663 1675 et
689 1652 856 1688 manus,
882 1645 954 1676 aut
982 1637 1057 1677 has
1082 1643 1268 1681 tantum:
1298 1635 1491 1680 carissimi
1516 1641 1556 1674 et
1583 1637 1756 1675 maximo

306 1690 462 1731 honore
486 1691 613 1730 habiti
647 1700 783 1746 pectus
817 1693 1099 1746 Imperatoris,
1130 1705 1245 1746 pares
1274 1703 1442 1743 quoquo
1461 1690 1656 1743 dignitate
1687 1704 1756 1730 ea-

305 1754 402 1799 put,
435 1755 480 1786 ut
510 1747 710 1797 frontem,
735 1763 882 1802 genas,
918 1748 1024 1788 labia
1049 1746 1395 1787 deosculabantur.
1449 1743 1572 1797 Apud
1606 1745 1766 1784 Roma-t

306 1815 383 1841 nos
409 1802 571 1855 quidem
594 1805 815 1843 amicorum
835 1803 904 1842 alii
930 1803 1095 1854 oculos,
1132 1802 1199 1841 alii
1245 1801 1409 1852 collum,
1447 1802 1552 1839 servi
1579 1799 1754 1853 denique

305 1869 451 1896 manus
492 1856 684 1898 herorum
733 1858 1044 1909 osculabantur3
1092 1857 1176 1898 vid.
1215 1855 1379 1896 Aia-ian.
1427 1855 1536 1894 Diss.
1576 1855 1752 1908 Epictet.

302 1926 399 1966 pag.
436 1912 526 1953 136.
555 1926 622 1966 27.
657 1914 723 1953 ed.
761 1914 953 1956 cantabr.
1009 1915 1164 1953 Verum
1191 1919 1307 1951 aucto
1332 1911 1518 1963 deinceps
1534 1910 1637 1950 fastu
1657 1925 1758 1958 cum

303 1975 424 2006 aucta
455 1968 640 2008 barbarie
680 1977 720 2008 et
755 1970 969 2017 imminuta
997 1969 1202 2023 potentia,
1234 1980 1366 2007 mores
1387 1966 1536 2005 Persici
1567 1966 1707 2005 adsciti
1731 1995 1754 2017 ,t

305 2029 348 2061 et
388 2023 652 2076 procumbere
694 2025 809 2063 humi
870 2032 990 2077 atque
1036 2024 1204 2063 adorare
1261 2022 1444 2061 dominos
1488 2028 1532 2067 et
1581 2020 1754 2061 osculari

304 2091 448 2117 eorum
490 2093 619 2131 genua
661 2081 758 2119 iussi
782 2079 849 2119 vel
886 2079 1059 2118 illustres
1091 2080 1256 2132 quique.
1317 2077 1422 2116 Nam
1449 2090 1474 2115 a
1501 2076 1636 2115 Persis
1666 2089 1763 2114 τηεμ,

307 2147 424 2172 nasse
450 2132 563 2180 illum
590 2148 744 2174 morem
765 2134 975 2174 osculandi
993 2134 1160 2182 alicuius
1182 2147 1337 2188 genua,
1355 2138 1466 2185 patet
1491 2145 1537 2170 ex
1556 2130 1758 2172 Herodoti·

307 2187 358 2226 L.
381 2189 415 2226 Ι.
446 2203 482 2227 c.
514 2187 626 2240 154.‚
657 2190 727 2228 ubi
764 2191 848 2229 ait:
885 2184 923 2227 οἱ
952 2185 1310 2240 συντυγχάνοντες
1343 2182 1560 2238 ἀλλήλοισι
1585 2185 1630 2224 έν
1655 2185 1754 2240 τῇσι

304 2239 441 2282 ὁδοῖσι
469 2242 572 2301 τῷδε
603 2238 656 2284 ἄν
683 2258 747 2290 τις
776 2244 964 2296 διαγνοίη
992 2243 1032 2284 εἰ
1055 2239 1199 2294 ὅμοιοί
1222 2243 1362 2283 εἰσιν·
1389 2265 1410 2272 -
1437 2234 1546 2286 οἶντέῗ
1565 2235 1643 2292 γὰρ
1673 2237 1760 2278 roff.

305 2296 637 2349 προσαγορεύειν
667 2299 862 2352 φιλέουσι
889 2302 998 2338 τοῖσι
1026 2294 1216 2349 στόμασι.
1249 2291 1302 2350 ἢν
1329 2295 1366 2335 δ’
1391 2289 1421 2350 ᾗ
1453 2290 1620 2347 οὕτερος
1646 2289 1757 2358 ὕπο-ἒ

306 2351 522 2406 ὸ“εέστερος
560 2348 713 2407 ὀλίγῳ,
752 2350 827 2400 τὰς
861 2349 1036 2405 παρειὰς
1076 2352 1321 2407 φιλέονται·
1351 2343 1404 2403 ἢν
1431 2348 1480 2390 δὲ
1506 2347 1645 2403 πολλῷΙ
1672 2340 1699 2401 ᾗ
1725 2360 1749 2386 ο

307 2403 446 2459 ἕτερος
475 2407 776 2462 ἀγεννέστερος,
802 2407 1075 2460 προσπίπτων
1101 2406 1344 2460 προσκυνέει
1369 2401 1440 2445 τὸν
1466 2400 1617 2454 ἕτερον.
1644 2402 1763 2442 Bene=

306 2462 526 2501 tenendum
549 2463 699 2503 ultimis
741 2464 876 2503 verbis
918 2463 1169 2503 Herodotum
1198 2476 1287 2502 non.
1314 2457 1554 2513 προπίπτων
1592 2457 1751 2508 dicere,

305 2516 376 2554 sed
406 2515 703 2569 προσπίπτων,
729 2519 873 2558 accidit
892 2519 950 2558 ad
969 2528 1132 2560 stantem
1149 2548 1159 2566 ‚
1190 2525 1231 2556 et
1258 2515 1500 2568 προσκυνεῖ,
1534 2512 1758 2564 αίῖὅθηῑλαῐ,.

307 2571 491 2610 admovet
530 2587 572 2611 os
614 2575 693 2612 εἰπε
728 2575 912 2626 genubus.
969 2574 1017 2612 Id
1042 2574 1147 2613 enim
1193 2578 1253 2611 est
1278 2571 1523 2620 προσκυνεῖν
1559 2569 1757 2620 [ηομ-ἰοὶ

308 2625 434 2670 κῦνος
460 2633 499 2664 et
516 2626 662 2677 γοῦνος
682 2629 746 2671 vei
772 2629 922 2680 γοῦνας
951 2636 990 2668 et
1022 2624 1223 2680 γούνατον
1269 2624 1404 2670 omnia
1450 2621 1555 2662 idem
1577 2651 1588 2672 ,
1631 2637 1746 2674 genu.

307 2679 385 2717 Vix
423 2682 580 2725 veniam
611 2683 735 2722 osculi
776 2684 924 2735 pedum
958 2684 1155 2729 faciebant
1190 2682 1461 2735 Imperatores.
1491 2677 1722 2730 proceribus
1734 2707 1757 2726 ,-

305 2734 389 2773 solo
420 2739 600 2784 conteuti
633 2753 826 2783 manuum
862 2739 998 2785 osculo
1015 2769 1027 2791 ,
1058 2738 1134 2785 nisi
1167 2743 1235 2774 aut
1271 2733 1414 2778 diebus,
1439 2732 1645 2778 dominicis
1679 2738 1754 2779 aut
