1826 3126
335 174 408 231 50
620 192 694 233 ιο.
737 190 842 232 1Ac.
885 188 1079 233 amsxn
1119 189 1493 232 comfflNTAmi

333 295 434 334 duas
454 295 539 332 eius
559 300 694 346 portas
717 307 739 330 a
757 291 984 331 Theodosio
1005 290 1162 330 laminis
1179 292 1309 331 aureis
1328 292 1448 332 fuisse
1460 293 1614 344 tectas.)
1673 293 1771 332 Nam

333 350 533 403 Daphnen
564 347 892 386 Alexandrinam
915 348 1096 386 nominat
1126 347 1354 386 Chronicon
1394 346 1510 387 Alex.
1553 362 1660 387 anno
1694 350 1771 387 iam

331 405 450 444 tertio
475 398 699 442 Commodi.
758 403 932 442 Possunt
964 410 1123 450 tamen,
1156 410 1200 441 ut
1225 417 1366 442 verum
1388 402 1542 451 fatear,
1583 403 1659 443 hae
1686 404 1771 442 Da-

332 459 466 515 phnae
489 457 651 497 aliunde
691 472 853 512 quoque
877 472 1023 496 nomen
1048 458 1258 497 habuisse·
1248 488 1259 509 ,
1302 459 1386 497 sive
1409 458 1518 512 quod
1541 458 1595 497 ibi
1619 458 1772 498 laureta

331 521 482 562 essent,
517 513 592 553 sub
613 514 758 567 quibus
777 513 1126 561 deambularetur,
1157 514 1239 552 sive
1255 514 1388 566 quod,
1423 521 1584 553 auctore
1602 513 1770 562 Codino,

331 570 466 608 nescio
485 576 635 622 quanta
662 569 739 607 fide
762 569 906 621 digno,
943 568 1132 607 Consules
1158 568 1333 608 calendis
1355 569 1550 608 Ianuariis
1579 583 1603 608 a
1621 568 1772 622 populo

331 639 501 663 coronas
528 624 682 663 laureas
720 625 761 662 in
795 624 870 662 illis
899 623 1080 676 Daphnis
1110 625 1346 677 acciperent.
1405 625 1616 677 Nugacitas
1649 631 1689 663 et
1710 624 1773 663 in-

331 681 445 719 scitia
467 693 666 718 novorum
691 680 935 718 Graecorum
959 679 1063 717 circa
1085 680 1229 718 veteris
1255 679 1404 718 Romae
1430 680 1531 718 ritus
1549 679 1649 718 mihi
1668 679 1773 718 bene

331 742 538 788 perspecta
559 734 681 782 facit,
709 742 755 773 ut
777 741 1001 788 suspectam
1022 734 1126 772 hanc
1148 734 1401 774 traditionem
1422 733 1618 781 habeam,
1650 749 1773 788 quam

329 789 429 829 alibi
455 790 591 843 legisse
618 804 700 828 non
718 791 895 828 memini.
954 789 1131 828 Conficio
1152 804 1197 828 ex
1213 790 1297 838 his,
1331 790 1547 842 Daphnem
1569 790 1772 829 CPtanam

331 846 461 899 prima
486 859 531 884 cx
554 846 800 884 institutione
831 845 951 883 fuisse
980 852 1018 883 t1
1021 844 1199 883 lclmluln
1227 859 1295 884 seu
1319 844 1522 884 basilicam
1552 839 1688 892 illam,
1731 846 1773 884 in

331 915 415 953 qua
448 900 562 939 lauro
594 900 658 939 vel
683 900 824 954 palmis
860 907 1147 938 cor-onfflentur
1179 900 1350 939 victores
1383 900 1612 951 Circenses,
1652 905 1772 952 (nam

332 955 475 1008 procul
503 970 527 993 a
558 955 664 994 circo
689 971 772 994 non
793 955 978 1006 aberat3)
1014 963 1053 994 et
1084 956 1125 994 in
1158 970 1238 1008 qua
1271 969 1438 995 coronas
1472 956 1648 1009 primum
1669 955 1772 994 solas

334 1009 516 1058 laureas,
557 1010 648 1049 dein
676 1019 715 1050 et
746 1010 845 1059 has,
890 1018 929 1049 et
965 1009 1084 1049 simul
1122 1025 1262 1050 aureas
1292 1024 1479 1064 quoque,
1514 1010 1696 1050 solebant
1720 1010 1773 1049 ab

332 1065 435 1104 urbe
453 1079 524 1104 sua
550 1067 658 1120 regia
681 1067 892 1105 redeuntes
916 1079 936 1105 c
959 1067 1096 1105 castris
1123 1081 1216 1104 eum
1246 1066 1452 1120 triumpho
1483 1067 1744 1120 Imperatores
1759 1097 1771 1114 ,

331 1129 404 1159 aut
431 1121 550 1168 alias,
593 1122 783 1174 accipere.
841 1123 897 1160 Et
925 1123 1019 1174 quia
1051 1121 1335 1175 posterioribus
1362 1121 1526 1161 saeculis
1549 1123 1590 1160 in
1617 1121 1773 1160 laurea-

333 1190 426 1214 rum
462 1175 595 1214 locum
617 1176 881 1216 succedebant
905 1191 978 1215 ἰιιι
980 1191 1048 1215 eae
1080 1191 1250 1216 coronae
1270 1191 1339 1216 seu
1361 1178 1418 1216 ci1
1409 1176 1519 1225 culi,
1554 1190 1655 1238 quos
1678 1176 1772 1215 bra-

330 1230 434 1270 'chiis
460 1231 685 1271 inserebant
702 1239 928 1296 gestantes,
970 1231 1064 1270 hinc
1089 1232 1286 1285 Daphnae
1317 1246 1407 1272 acer
1408 1233 1489 1272 evit
1508 1246 1670 1286 quoque
1698 1245 1772 1271 no-

334 1299 427 1324 men
459 1286 533 1324 τοῦ
567 1282 813 1340 Στεφάνους
853 1288 912 1326 uti
945 1288 1063 1326 etiam
1101 1301 1146 1326 ex
1177 1302 1224 1326 eo
1242 1318 1252 1335 ,
1292 1287 1401 1340 quod
1428 1289 1690 1340 Imperatores
1717 1286 1771 1326 ibi

334 1340 508 1380 solerent
538 1342 875 1394 στεφανοῦσθαι,
905 1356 1094 1381 colonam
1116 1341 1336 1395 nuptialem
1365 1342 1555 1390 induere,
1591 1350 1631 1381 et
1650 1342 1772 1381 bene-

333 1395 508 1435 dictione
536 1396 792 1448 patliarchali
822 1411 914 1435 cum
949 1398 1102 1451 sponsis
1139 1399 1220 1436 suis
1257 1397 1449 1451 copulari.
1507 1398 1586 1436 Sed
1619 1405 1666 1437 ut
1695 1395 1774 1436 fuit

335 1450 511 1490 Graecae
530 1451 656 1504 plebis
675 1452 916 1491 incredibilis
941 1454 1146 1506 nugacitas
1167 1452 1416 1506 sequioribus
1439 1452 1629 1501 saeculis,
1668 1453 1774 1506 iguo-

334 1507 465 1545 rantia
487 1514 527 1545 et
551 1507 729 1559 pessimis
759 1508 911 1546 artibus
943 1507 1039 1547 cleri
1071 1508 1123 1546 ad
1151 1509 1371 1561 potentiam
1399 1515 1439 1546 et
1459 1508 1670 1547 seditiones
1701 1507 1774 1546 ad-

326 1561 519 1614 spirantis
536 1562 687 1600 nutrita
700 1592 710 1609 ,
746 1569 786 1601 et
807 1563 990 1601 immanis
1015 1564 1058 1602 in
1077 1564 1374 1602 venerationem
1391 1570 1619 1601 sanctorum
1637 1562 1770 1610 furor,

334 1615 420 1655 fieri
446 1630 527 1655 non
558 1624 738 1669 poterat,
773 1618 872 1670 quin
898 1618 1071 1671 populus
1092 1632 1223 1658 meros
1246 1626 1402 1657 sanctos
1426 1619 1628 1657 somnians
1656 1631 1678 1656 e
1700 1631 1774 1656 no-

334 1672 442 1710 mine
477 1672 644 1710 aedificii
682 1673 899 1725 Stephani,
957 1675 998 1712 S.
1038 1673 1284 1727 Stephanum
1316 1673 1511 1721 efficeret,
1553 1673 1617 1711 cui
1650 1671 1771 1711 etiam

331 1725 528 1779 templum
551 1727 605 1765 ibi
630 1728 836 1767 conditum
862 1728 963 1779 fuit,
994 1729 1036 1767 in
1059 1743 1140 1782 quo
1165 1737 1204 1768 et
1224 1730 1487 1782 Imperatores
1513 1728 1609 1766 boni
1618 1726 1773 1769 ominis

332 1782 460 1834 gratia
482 1795 672 1820 coronam
695 1782 915 1836 nuptialem
939 1783 1208 1836 accipiebant,
1246 1791 1285 1822 et
1309 1783 1463 1822 oblatas
1488 1782 1563 1821 sibi
1595 1781 1647 1821 ab
1670 1781 1772 1820 urhe

331 1837 439 1889 regia
463 1851 630 1876 coronas
658 1852 797 1877 aureas
815 1837 1048 1892 laureasque
1066 1838 1320 1891 deponebant
1343 1837 1615 1877 asservandas.
1673 1837 1774 1876 Erat

332 1899 468 1931 autem
486 1892 682 1945 Daphne,
715 1908 809 1932 cum
828 1894 925 1932 aede
953 1894 994 1932 S.
1021 1894 1238 1946 Stephani,
1266 1907 1389 1947 quam
1423 1891 1492 1931 illa
1514 1891 1769 1941 continebat,

330 1961 422 2000 pars
432 1947 641 2001 Augustei,
662 1962 731 1987 seu
743 1947 881 2002 palatii
896 1949 1158 2011 Imperatricis
1171 1949 1388 2002 Augustae,
1411 1947 1461 1986 de
1475 1962 1556 2001 quo
1567 1948 1766 2000 deinceps.

444 2002 496 2040 A.
516 2003 555 2042 3.
593 2002 655 2056 [7,
679 2002 744 2057 9.]
771 1997 1002 2056 Στεφάνου.
1058 2003 1342 2067 *[Oratoriu1n
1381 2003 1458 2042 hoc
1500 2017 1523 2042 a
1557 2001 1772 2041 Pulcheria

333 2056 515 2110 Augusta
540 2058 582 2096 S.
606 2058 810 2123 Stephano
835 2058 1042 2097 dicatum
1031 2073 1073 2097 ιιι
1098 2059 1272 2125 Daphne
1287 2060 1406 2098 etiam
1413 2057 1694 2135 Theophanes
1722 2071 1766 2110 p.

332 2111 429 2176 374.
460 2113 612 2151 statuit.
672 2110 932 2166 Εὖκτήριον,
955 2113 1110 2166 inquit,
1147 2115 1224 2152 τοῦ
1248 2112 1368 2165 ἁγίου
1406 2113 1625 2164 Στεφανου
1647 2124 1692 2152 εν
1721 2111 1774 2165 τῇ

329 2163 432 2219 Δάφ
402 2180 496 2261 φδνῃ.
522 2167 765 2245 *(ActaSS.
798 2182 862 2207 ιι.
875 2167 1009 2222 Aug.)
1050 2170 1103 2208 V.
1127 2169 1298 2222 Cangius
1328 2167 1424 2208 CPl.
1447 2167 1595 2208 Christ.
1619 2168 1668 2206 L.
1694 2166 1767 2206 lv.

405 2236 418 2260 1

328 2234 368 2273 p
441 2221 559 2316 1³:¹5.
592 2277 654 2332 [7,
687 2277 773 2332 ιι.]
817 2272 899 2317 ἀπὸ
939 2278 1279 2333 σκαραμαγγίων,
1318 2279 1364 2318 Id
1398 2285 1459 2318 est
1487 2274 1595 2328 μετὰ
1619 2291 1771 2343 σπαρα-

329 2329 529 2394 μαγγίων.
583 2334 710 2387 Saepe
726 2334 835 2388 apud
858 2340 1035 2372 recentes
1049 2333 1107 2372 G1
1107 2348 1220 2373 aecos
1237 2343 1277 2373 et
1298 2335 1339 2372 in
1361 2333 1438 2373 hoc
1459 2333 1563 2372 libro
1584 2329 1678 2372 ἀπὸ
1695 2344 1771 2386 pro

328 2381 434 2432 μετὰ
471 2387 645 2438 positum
683 2389 880 2436 occurrit,
929 2389 1161 2442 praesertim
1200 2391 1233 2428 si
1262 2390 1312 2428 de
1342 2390 1491 2428 amictu
1523 2401 1654 2427 sermo
1692 2394 1765 2426 est.

329 2436 442 2478 Usus
457 2439 524 2480 ille
547 2443 768 2495 particulae
794 2451 977 2484 vetustus
1001 2450 1041 2482 et
1059 2443 1211 2497 probus
1243 2452 1323 2492 est,
1353 2445 1482 2483 rarior
1505 2450 1640 2481 tamen
1660 2456 1684 2480 a
1684 2441 1767 2495 pud

329 2499 498 2534 veteres.
557 2497 618 2536 Ita
639 2500 850 2552 usurpavit
861 2498 1068 2566 Appianus
1092 2513 1132 2552 p.
1148 2499 1214 2538 55.
1245 2500 1305 2549 ι4.
1332 2500 1396 2538 ed.
1421 2497 1524 2537 Rob.
1546 2497 1765 2550 Stephani:

330 2544 467 2600 a’nby
437 2553 604 2607 χρυσοῦ
619 2567 688 2591 και
717 2555 848 2593 λίθων
875 2551 1115 2604 πολυτιμων
1144 2550 1364 2604 ἔστεπταις
1394 2561 1435 2592 et
1455 2551 1664 2592 Plutarch.
1679 2551 1765 2590 Vit.

327 2600 380 2640 T·
405 2603 438 2642 Γ
469 2619 510 2657 p
535 2595 628 2655 405.
664 2621 697 2645 ι.
733 2605 815 2648 α’πὸ
842 2607 1027 2675 κραυγῆς
1039 2621 1131 2672 pro
1161 2605 1266 2658 μετὰ
1287 2623 1349 2660 κρ.
1370 2609 1482 2647 dixit.
1539 2606 1771 2672 Polyaenus

327 2670 370 2709 p.
402 2659 496 2698 228.
524 2660 642 2710 (VII.
660 2661 728 2712 6.)
763 2659 950 2709 καλαθός
969 2657 1052 2703 απὸ
1081 2657 1265 2715 κόπρου,
1301 2663 1367 2715 (ίά
1385 2670 1444 2702 est
1465 2658 1574 2713 μετὰ
1593 2657 1768 2714 κόπρου)

325 2721 490 2807 ερον-[ἐι.
512 2729 576 2753 mo
555 2716 727 2809 'plena
764 2719 852 2768 (Ita
881 2718 986 2757 enim
1009 2717 1064 2757 ibi
1086 2716 1190 2770 leg.)
1225 2718 1287 2756 De
1314 2717 1584 2771 scaramangio
1607 2715 1698 2756 dico
1717 2714 1770 2754 ad

326 2780 367 2819 Ρ·
396 2781 419 2806 2
1715 2794 1722 2798 ’
