1884 3132
224 98 302 142 An
340 97 638 157 consrmrl.
690 98 887 140 Pomm.
925 98 997 140 na
1036 98 1217 140 cmm.
1258 98 1355 138 un.
1396 99 1430 137 1.
1474 96 1579 153 297

145 215 292 254 μνειν,
323 210 364 243 et
386 204 547 258 proprie
563 209 675 242 notat
702 202 875 242 frustum
894 201 1150 242 membranae
1174 201 1223 241 dc
1248 208 1404 254 tergore
1429 202 1583 240 anima-

146 256 197 297 lis
220 265 431 297 resectum.

250 313 298 351 Β.
338 328 375 352 2.
405 312 520 365 [283‚
546 309 610 366 8.]
651 308 984 364 διαπρεσβεύων.
1051 311 1111 350 Μ.
1142 306 1211 350 διὰ
1240 309 1486 364 πρεσβειῶν,
1508 327 1587 366 per

145 367 449 407 intercessionem
483 367 631 406 Beatae
669 366 715 405 V
710 369 862 420 irgz‘mis.

257 423 304 461 B.
325 423 365 462 5.
398 421 510 477 [283,
536 420 621 476 lh]
644 421 855 460 ἐπιτελεῖν.
910 422 1008 462 Post
1031 421 1134 460 hanc
1161 434 1299 460 vocem
1328 420 1462 460 deesse
1479 420 1584 461 hanc

144 479 396 517 sententiam:
428 477 500 516 καί
523 478 764 523 τελέσαντος
791 475 927 515 αὐτοῦ
955 469 1161 527 ἄρχονται
1190 473 1264 521 τάς
1292 471 1496 540 συνήθεις,
1518 477 1585 517 αι’-

144 527 282 583 τήσεις
313 530 544 582 αἰτεῖσθαι,
586 528 659 569 καὶ
694 525 867 583 ἑκάστης
901 529 1100 583 αἰτήσεως
1123 531 1398 582 τελεσθείσης,
1426 545 1537 570 rever
1561 529 1585 572 ὅ

143 581 419 636 πραιπόσιτος
443 586 499 639 τῷ
527 579 764 640 φωνοβόλῳ,
782 585 856 625 καί
872 581 952 625 εἶθ’
971 581 1104 632 οὕτως
1125 593 1221 634 etc.,
1253 593 1359 638 patet
1386 599 1408 624 e
1429 601 1468 638 p.
1489 587 1578 627 168.

146 640 195 678 B.
225 654 265 679 2.
321 639 483 680 Licebat
513 654 654 693 nempe
680 639 827 693 populo
848 655 1087 694 quocunque
1108 643 1148 679 in
1186 640 1282 679 ludo
1303 643 1466 679 circensi
1489 657 1582 695 qua·

146 701 266 743 tuor,
296 709 399 748 quae
419 694 590 745 vellent,
620 696 697 734 sibi
738 695 979 749 indulgenda
1010 710 1175 750 rogare,
1207 710 1332 749 eaque
1363 697 1582 749 Imperato-

142 762 208 789 res
243 750 337 802 ipsis
359 749 700 804 gratificabantur.
771 751 882 790 Infra
919 766 959 805 p.
992 766 1082 806 ¹7⁰·
1117 751 1162 790 C.
1198 751 1238 790 5.
1267 747 1345 797 τάς
1385 748 1583 803 συνήθεις

143 800 350 856 τέσσαρας
380 800 562 856 αἰτήσεις
588 804 807 857 habemus,
842 812 882 845 et
905 821 948 860 p.
972 806 1067 847 565.
1098 807 1152 845 D.
1176 804 1216 856 4.
1244 805 1327 845 τῶν
1351 806 1494 857 μερῶν
1515 807 1582 847 αι’-

141 858 387 910 τησαμένων
410 856 486 906 τὰς
523 856 559 898 δ’
588 858 795 912 αἰτήσεις,
820 856 870 907 ἃς
896 862 940 908 ἐξ
966 858 1091 907 ἔθους
1111 859 1313 900 εἰώθασιν
1343 860 1546 901 αἰτεῖσθαι
1568 893 1580 914 ,

145 908 221 951 καὶ
243 913 319 952 τοῦ
344 911 550 964 βασιλέως
574 914 882 966 συιταξαμένου
913 912 987 968 τήν
1022 912 1283 967 ἐκπλήρωσιν
1313 915 1396 954 τῶν
1430 914 1582 956 τεσσά-

145 980 233 1019 ρων
263 965 468 1021 αἰτήσεων
495 966 698 1020 γίνεσθαι.
765 971 953 1021 Quatuor
982 971 1058 1011 hae
1089 973 1313 1023 rogationes
1346 970 1581 1026 plerumque

144 1022 311 1062 minoris
352 1031 467 1062 erant
498 1027 721 1076 momenti,
766 1033 843 1076 ut,
873 1026 979 1066 hunc
1021 1026 1086 1066 vel
1118 1025 1230 1064 illum
1252 1027 1431 1079 aurigam
1459 1027 1545 1067 fieri
1565 1059 1577 1076 ,

143 1077 214 1130 qui
242 1077 392 1132 populo
430 1078 629 1132 placeret,
668 1087 739 1119 aut
776 1082 1019 1134 praefectum
1050 1082 1143 1120 urbi
1170 1081 1342 1134 aliquem
1373 1086 1576 1134 amoveri3

140 1145 286 1184 panem
304 1163 316 1184 ,
343 1133 502 1185 oleum,
530 1135 722 1174 viuumve
751 1136 825 1175 sibi
849 1138 970 1190 gratis
1004 1137 1166 1184 donari,
1201 1143 1270 1175 aut
1302 1136 1453 1177 vilioris
1480 1153 1581 1178 ven-

144 1186 214 1237 di;
261 1190 535 1242 querimoniae
566 1189 616 1228 de
645 1190 760 1230 malis
794 1192 1087 1245 magistratibus
1105 1222 1117 1243 ,
1153 1206 1327 1244 quorum
1360 1206 1433 1244 per
1469 1194 1581 1233 frau-

144 1241 238 1281 dem
261 1256 421 1282 annona
441 1258 535 1283 cara
561 1253 677 1295 esset3
698 1246 781 1285 vid.
809 1247 952 1287 Iuliani
981 1249 1232 1300 Misopogon.
1251 1262 1287 1299 p.
1321 1247 1414 1287 368.
1438 1249 1482 1288 C.
1513 1250 1579 1290 ed.

138 1295 358 1349 Spanhem.
382 1306 422 1337 et
453 1301 665 1352 praecipue
694 1301 930 1354 Theophan.
960 1317 1001 1356 p.
1033 1303 1121 1342 155.
1164 1301 1253 1342 156.
1271 1332 1282 1349 ‚
1304 1301 1374 1340 ubi
1396 1304 1577 1356 praecla-

141 1363 235 1389 rum
253 1351 426 1391 habetur
450 1362 751 1394 monumentum
773 1357 863 1396 talis
882 1357 1205 1410 expostulationis
1224 1356 1363 1409 populi
1388 1372 1479 1396 cum
1498 1361 1580 1398 Im-

143 1412 341 1458 peratore.
371 1408 434 1447 De
456 1407 697 1448 clamoribus
714 1411 866 1464 populi,
887 1414 1035 1466 aurigis
1053 1419 1091 1451 et
1104 1412 1356 1464 pantomimis
1368 1412 1584 1452 similibus-

143 1474 225 1514 que
246 1469 396 1500 vestem
434 1469 473 1501 et
508 1463 615 1502 dona
640 1463 852 1517 flagitantis
880 1480 919 1504 v.
934 1466 972 1505 V
975 1468 1071 1505 ales.
1098 1467 1149 1504 ad
1170 1466 1376 1504 Ammian.
1398 1467 1583 1508 Marcell.

140 1529 183 1568 p.
204 1513 300 1566 414.
320 1517 367 1555 Β.
390 1518 452 1555 De
470 1517 610 1570 populi
645 1519 792 1558 insanis
811 1522 853 1559 in
879 1521 985 1560 circo
1016 1520 1256 1559 clamoribus
1281 1522 1323 1559 in
1345 1523 1578 1562 universum

139 1569 287 1609 scitum
313 1571 433 1611 habet
455 1572 589 1611 locum
614 1573 692 1612 Dio
719 1574 1025 1627 Chrysostomus
1050 1590 1090 1628 p.
1119 1576 1208 1615 103.
1233 1576 1326 1614 fine.

253 1625 301 1664 B.
332 1625 374 1666 6.
429 1626 522 1675 283,
553 1627 638 1681 11.]
674 1626 844 1668 ἐκτείνει
870 1627 944 1682 τήν
982 1628 1122 1677 δεξιὰν
1146 1633 1286 1682 χεῖρα.
1346 1630 1421 1670 Illa
1455 1646 1579 1685 quam

141 1677 290 1718 Noster
314 1680 381 1720 hic
431 1681 637 1721 uculenter
670 1683 884 1736 describit,
909 1699 1052 1724 manus
1098 1686 1334 1737 compositio
1380 1688 1577 1740 significa-

141 1732 213 1774 bat
235 1731 309 1787 τήν
339 1732 536 1775 σύνθεσιν
562 1737 638 1776 τοῦ
648 1738 866 1788 βασιλέως,
897 1754 1098 1779 assensum
1117 1740 1372 1793 Imperatoris
1397 1742 1448 1780 ad
1470 1743 1578 1796 ipso-

141 1801 234 1828 rum
266 1799 376 1840 νοτες
416 1805 456 1830 v.
481 1806 523 1844 p.
562 1791 652 1832 168.
683 1793 729 1832 Β.
770 1793 811 1833 6.
868 1794 1052 1834 solennis
1086 1794 1155 1833 ille
1181 1809 1253 1848 per
1290 1796 1434 1849 digitos
1466 1806 1577 1838 certo

141 1844 264 1882 modo
285 1845 474 1885 formatos
492 1861 636 1896 sermo,
668 1854 708 1886 et
733 1846 961 1901 postulandi
983 1851 1038 1889 sic
1066 1851 1401 1903 promittendique
1430 1867 1517 1891 mos
1534 1855 1578 1892 in

141 1897 308 1938 theatris
353 1907 393 1938 et
421 1902 535 1940 circis
570 1902 667 1941 olim
698 1903 871 1956 vigebat.
931 1905 1100 1959 Insignis
1128 1912 1187 1944 est
1227 1905 1423 1958 Xiphilini
1459 1906 1580 1948 ’locus

142 1952 193 1991 de
221 1954 280 1991 M.
310 1954 516 1995 Antonino
540 1957 785 2022 Philosopho
806 1961 1029 2009 narrantis,
1050 1974 1176 2013 quum
1202 1975 1225 1999 a
1241 1961 1478 2000 Germanica
1506 1978 1574 2002 ex-

142 2007 344 2060 peditione
381 2010 520 2061 redux,
551 2013 709 2062 μεταξυ
746 2011 931 2065 λέγοντος
959 2013 1090 2053 αὕτοῧ
1117 2011 1169 2054 τά
1197 2029 1241 2054 τε
1283 2009 1387 2054 ἄλλα
1414 2016 1489 2056 καί
1514 2013 1583 2057 ὅτι

141 2063 309 2109 πολλοῖς
334 2059 465 2104 ἔτεσιν
483 2064 806 2120 ἀποδεδημηκαὶς
835 2062 899 2120 ἢν,
931 2066 1174 2121 ἀνεβόησαν·
1201 2063 1365 2120 „durch”
1390 2067 1464 2110 καί
1484 2072 1576 2111 τοῦ·

141 2129 189 2155 το
217 2114 290 2155 καί
307 2122 399 2164 ταῖς
414 2118 586 2172 χερσῖν,
615 2121 683 2160 ἵνα
713 2119 763 2175 δή
796 2122 870 2162 καί
887 2125 1075 2177 χρυσοῦς
1096 2122 1316 2170 τοσούτους
1335 2124 1395 2171 εἷς
1418 2121 1463 2164 τὰ
1486 2125 1579 2165 δεῖ·-

140 2183 242 2210 πνον
272 2168 446 2223 λάβωσι,
471 2173 847 2228 προσενεδειξαντο,
870 2176 1134 2229 διεμειδίασε,
1163 2176 1234 2217 καί
1248 2175 1328 2232 ἔφη
1355 2177 1428 2219 καί
1450 2175 1578 2228 αὐτὸς

142 2222 270 2276 ὅκταὶ,
296 2226 370 2266 καί
392 2225 500 2277 μετὰ
530 2230 666 2269 ταῦτα
700 2229 779 2271 α’νὰ
823 2232 1039 2279 διακοσίας
1057 2230 1250 2284 δραχμὰς
1288 2231 1430 2280 αὐτοῖς
1457 2235 1577 2275 κατέ-

140 2292 303 2332 νειμεν,
333 2275 432 2321 ὅσον
462 2275 579 2322 οὔπω
598 2281 798 2336 πρότερον
833 2283 1090 2340 εἷλήφεισαν,
1124 2290 1164 2326 in
1192 2289 1384 2327 concione
1422 2290 1472 2329 ad
1501 2305 1574 2344 po-

138 2334 282 2390 pulum
318 2336 537 2376 multorum
553 2353 750 2379 annorum
772 2349 1117 2382 commemorasset
1134 2357 1157 2382 a
1185 2345 1314 2396 patria
1338 2343 1576 2397 absentiam,

141 2391 407 2431 conclamasse
429 2393 591 2432 turbam
605 2409 617 2433 :
639 2404 722 2433 octo
737 2425 748 2441 ‚
792 2397 1042 2451 eundemque
1063 2412 1275 2436 numerum
1293 2399 1479 2440 manibus
1506 2415 1574 2440 ex-

141 2450 350 2498 pressisse,
379 2462 460 2500 quo
489 2448 605 2487 simul
634 2463 775 2489 aureos
794 2452 960 2490 totidem
987 2454 1028 2491 in
1066 2466 1229 2492 coenam
1266 2467 1309 2492 se
1341 2468 1487 2507 cupere
1518 2458 1572 2495 si-

147 2501 402 2552 gnificabant.
476 2503 544 2542 Ad
577 2504 653 2543 hoc
691 2507 819 2544 risisse
855 2508 1037 2545 Marcum
1076 2514 1115 2545 et
1138 2509 1267 2560 ipsum
1299 2523 1459 2563 quoque
1487 2520 1571 2550 octo

143 2555 375 2604 condixisse,
408 2565 448 2597 et
471 2559 623 2598 viritim
644 2559 885 2599 ducentenas
908 2560 1117 2600 drachmas
1144 2562 1407 2604 distribuisse.
1437 2566 1570 2615 Quem

143 2607 195 2646 ad
222 2608 355 2650 locum
386 2612 556 2653 conferri
610 2613 730 2653 velim
750 2615 856 2654 doct.
891 2616 1066 2654 Reimari
1086 2623 1200 2656 notas
1219 2632 1262 2670 p.
1293 2618 1411 2671 1195.
1437 2620 1572 2660 etAr-

141 2663 323 2705 temidor.
341 2681 384 2720 p.
415 2668 504 2710 150.
536 2668 594 2722 6.,
618 2670 713 2710 item
735 2670 988 2724 spartianum
1019 2673 1062 2710 in
1081 2671 1201 2715 Didio
1230 2671 1385 2714 iuliano
1399 2689 1443 2729 p.
1459 2675 1565 2731 578.:
