1884 3132
296 135 410 201 420
568 151 642 192 10.
685 148 792 192 1Ac.
836 151 1032 191 Rssisxu
1079 149 1456 193 COMMENTARu

296 269 463 310 campa,
504 255 653 306 gamba
693 255 875 306 derives,
918 257 1034 309 eique
1070 255 1201 295 faveat
1236 270 1314 295 vox
1343 248 1614 305 καμπότουβα
1636 252 1736 304 (vid.

298 327 341 364 p.
369 325 459 364 129.
494 311 550 348 A.
589 311 665 361 1.),
715 326 817 364 quae
844 318 957 350 notat
985 313 1194 367 campagia
1217 325 1303 350 cum
1332 311 1468 358 tabiis,
1510 309 1576 349 vel
1602 308 1735 348 saltim

297 367 404 405 tabia
424 365 481 403 ad
497 368 706 419 campagia
724 374 794 405 aut
821 367 878 405 ad
898 381 1056 422 campas
1073 397 1083 414 ,
1115 367 1192 406 hoc
1219 374 1278 405 est
1307 378 1424 404 crum
1437 395 1447 413 ,
1472 366 1733 419 pertinentia,

299 437 381 460 non
409 428 543 459 tamen
574 423 612 458 in
643 436 719 460 usu
750 428 827 470 est,
879 429 948 460 aut
981 436 1152 474 usquam
1193 421 1404 474 reperitur.
1461 420 1565 458 Sunt
1602 425 1737 457 autem

298 477 534 529 campagia,
574 477 767 530 campalia
806 484 845 514 et
883 477 1091 515 eambadia
1135 479 1252 530 (nam
1295 475 1460 529 perinde
1501 475 1637 513 omnia
1663 475 1739 512 ista

299 531 557 584 usurpantur)
587 546 712 583 genus
740 532 977 580 indumenti,
1007 532 1117 585 quod
1145 547 1262 571 crura
1290 539 1330 570 et
1355 545 1485 584 genua
1511 531 1633 583 tegit,
1656 542 1740 568 non

299 589 436 636 corio,
465 586 534 625 sed
566 588 671 626 filtro
700 595 768 625 aut
797 587 886 625 lana
916 588 1065 626 sactum
1087 618 1097 634 ,
1130 595 1169 626 ct
1196 586 1338 640 procul
1365 586 1489 625 dubio
1533 600 1557 624 a
1597 583 1740 624 camba

299 642 365 680 vel
393 642 563 695 gamba,
597 643 636 680 id
664 651 722 681 cst
750 657 867 680 crure
888 673 899 692 ,
931 644 1050 694 (unde
1076 644 1242 682 Francis
1270 643 1311 680 la
1325 641 1461 693 jamhe
1498 641 1610 680 venit
1627 642 1655 690 ,)
1677 639 1741 678 di·-

300 705 438 743 ctum,
487 704 527 735 et
569 697 661 736 solis
700 698 996 737 honestioribus
1041 699 1139 737 viris
1174 700 1214 736 in
1242 707 1334 749 toga
1363 704 1402 736 et
1429 694 1567 735 aulicis
1599 695 1740 734 officiis

301 752 600 805 spectabilibus,
619 767 701 791 non
731 754 825 791 item
857 753 1089 806 vulgo,non
1118 753 1404 800 sacerdotibus,
1435 765 1518 790 non
1545 750 1739 790 militibus

305 815 560 861 usurpatum.
621 807 762 858 Qualis
790 816 924 847 autem
960 823 1005 847 ea
1040 808 1208 861 parandi
1237 815 1276 847 et
1303 807 1496 846 induendi
1523 807 1625 845 ratio
1653 805 1740 845 fue-

302 864 383 913 rit,
429 877 510 901 non
541 863 641 902 adeo
673 864 901 916 expeditum
929 871 988 902 cst
1016 864 1162 902 dicere.
1220 865 1359 915 Quum
1386 870 1519 902 tamen
1554 861 1738 916 frequens

301 918 371 956 fiat
413 918 562 956 mentio
599 919 896 972 campagiorum
925 919 966 957 in
995 918 1071 958 hoc
1100 918 1236 958 codice
1257 948 1269 968 ,
1313 918 1391 957 mei
1418 925 1515 970 puto
1543 930 1627 956 esse
1651 915 1740 955 offi-

303 975 353 1011 cii
371 1003 380 1019 ,
413 980 457 1011 ut
485 981 766 1027 argumentum
794 974 870 1012 hoc
898 974 1019 1026 paulo
1047 973 1276 1026 diligentius
1303 974 1497 1012 excutiam
1514 1002 1525 1020 ‚
1555 973 1739 1025 quamvis

302 1027 521 1066 Salmasius
547 1036 631 1067 tam
662 1029 704 1066 id
733 1029 888 1082 copiose
913 1029 1033 1068 variis
1060 1031 1101 1067 in
1126 1029 1223 1069 locis
1257 1029 1511 1078 tractaverit,
1549 1034 1596 1066 ut
1623 1028 1741 1066 aesti-

305 1084 432 1121 manti
461 1083 539 1121 viri
566 1084 790 1122 doctrinam
815 1084 944 1122 videri
972 1091 1091 1136 queat
1117 1085 1181 1123 vel
1209 1082 1453 1138 spicilegium
1471 1083 1739 1136 postventuris

304 1152 387 1175 non
417 1137 638 1190 reliquisse.
696 1139 751 1177 Et
778 1140 909 1192 primo
937 1140 1100 1192 quidem
1128 1139 1215 1178 loco
1243 1153 1466 1192 proponam
1493 1139 1741 1178 coniecturas

305 1193 355 1231 de
384 1193 571 1232 vocabuli
599 1193 861 1247 etymologia,
893 1194 1039 1247 quibus
1060 1194 1195 1234 multis
1213 1194 1391 1247 profecto
1423 1201 1463 1233 et
1481 1194 1648 1233 diversis
1667 1194 1739 1233 diu

303 1248 472 1287 iactatus
501 1248 584 1299 fui,
613 1251 796 1301 quamvis
824 1251 928 1288 inter
955 1264 1090 1288 omnes
1117 1249 1187 1288 illa
1214 1249 1312 1288 mihi
1343 1250 1512 1289 maxime
1535 1249 1708 1289 arrideat
1726 1280 1738 1299 ,

304 1317 407 1355 quae
437 1317 460 1341 a
500 1304 669 1356 gamba‚
719 1302 819 1343 ssexu
850 1311 888 1343 et
927 1305 1095 1352 articulo
1122 1305 1243 1344 tibiae
1292 1319 1385 1343 cum
1413 1319 1554 1355 crure,
1585 1301 1733 1357 ι’γνύα,

305 1359 477 1397 derivat.
536 1359 629 1397 Non
658 1359 828 1398 deerunt
855 1359 1016 1412 quidem
1037 1390 1047 1407 ,
1096 1361 1165 1412 qni
1195 1375 1219 1399 a
1246 1373 1310 1399 me
1338 1359 1505 1413 produci
1533 1373 1607 1409 ea,
1637 1374 1740 1413 quae

305 1415 390 1466 ipse
418 1413 641 1466 improbem
658 1444 669 1465 ,
708 1415 962 1453 mirabuntur
999 1423 1039 1454 et
1076 1415 1278 1454 ridebunt.
1337 1416 1461 1454 Forte
1497 1423 1629 1454 tamen
1656 1429 1739 1455 non

305 1468 457 1506 carebit
496 1483 543 1507 ea
584 1484 647 1508 res
686 1483 779 1508 usu.
839 1470 1058 1510 Inducebat
1086 1471 1220 1524 itaque
1260 1470 1475 1524 aliquando
1511 1469 1622 1509 locus
1661 1470 1730 1510 Co-

314 1525 421 1575 rippi
451 1538 474 1562 a
503 1524 671 1563 Petavio
699 1525 750 1563 ad
779 1525 975 1564 Themist.
1006 1540 1095 1579 pag.
1121 1525 1214 1580 578.
1253 1528 1395 1565 citatus
1416 1556 1427 1577 ,
1456 1525 1528 1564 ubi
1555 1525 1606 1564 de
1633 1539 1742 1564 cam-

308 1580 435 1631 pagiis
464 1586 503 1617 et
529 1582 680 1633 tzangis
720 1581 784 1620 vir
828 1580 895 1619 ille
923 1581 1063 1620 doctus
1090 1582 1170 1634 agit
1187 1611 1199 1631 ,
1234 1589 1284 1621 ⁴ut
1311 1581 1513 1620 crederem
1536 1582 1740 1635 campagia

304 1647 392 1672 ⁴esse
419 1648 443 1672 a
471 1634 706 1687 Campania,
730 1636 891 1688 regione
922 1636 1083 1687 ltaliae,
1113 1637 1234 1675 dicta.
1290 1638 1420 1676 Locus
1446 1636 1512 1675 hic
1541 1642 1630 1676 est:

532 1690 731 1745 Cruraqne
747 1692 923 1745 puniceis
954 1692 1116 1730 induxit
1139 1693 1248 1744 regia
1263 1693 1406 1731 vinclis
1424 1721 1437 1740 ,

527 1744 717 1784 Parthica
737 1747 939 1800 Campano
959 1747 1149 1786 dederant
1187 1761 1286 1801 quae
1309 1756 1463 1800 tergora
1474 1747 1595 1798 fuco.

306 1798 500 1837 Parthica
537 1809 691 1852 tergora
720 1809 813 1840 sunt
839 1801 890 1840 de
918 1801 987 1840 illo
1015 1802 1113 1840 corii
1144 1816 1313 1855 genere,
1369 1801 1479 1854 quod
1517 1815 1592 1841 nos
1618 1801 1740 1843 hodie

314 1854 521 1892 Tareicum
556 1854 768 1907 sqffi'anum
803 1857 962 1895 rubrum
989 1855 1248 1910 appellamus.
1308 1857 1424 1896 Talia
1449 1863 1606 1910 tergora
1624 1871 1742 1910 prae-

306 1907 415 1946 dicat
442 1911 559 1962 po'e'ta
590 1912 791 1966 Campano
792 1913 897 1963 ficco
929 1911 1089 1950 infecta.
1139 1911 1262 1950 ⁴Certe
1277 1911 1495 1952 Canusinae
1516 1913 1641 1966 pelles
1665 1913 1738 1951 ad-

310 1963 478 2003 modum
495 1964 670 2004 celebres
696 1974 809 2004 erant
824 1995 835 2015 ,
857 1981 939 2005 non
968 1967 1080 2019 quod
1107 1966 1168 2016 ibi·
1193 1967 1360 2006 coriaria
1379 1975 1617 2021 pararentur
1637 1975 1739 2019 arte,

312 2018 381 2056 sed
400 2019 583 2071 quodibi
611 2021 735 2059 rubro
763 2021 895 2060 colore
921 2023 1195 2075 tingerentur3
1225 2036 1266 2062 v.
1298 2023 1365 2061 Du
1385 2023 1517 2075 Gange
1534 2037 1576 2062 v.
1610 2023 1742 2061 Canu-

305 2074 417 2111 sinae
428 2075 566 2126 pelles.
625 2076 702 2114 Sed
722 2076 967 2128 deprehendi
996 2077 1196 2128 deinceps,
1226 2078 1429 2131 campagia
1446 2092 1526 2117 non
1541 2077 1712 2130 pellibus
1726 2106 1739 2127 ‚

312 2128 382 2166 sed
410 2127 552 2179 filtris,
582 2133 795 2180 πιλωτοῖς,
825 2132 942 2170 fuisse
970 2131 1088 2170 facta.
1119 2132 1254 2181 Quare
1283 2135 1510 2173 coniectura
1530 2132 1598 2171 illa
1626 2134 1740 2173 irrita

311 2182 410 2230 fuit,
443 2185 519 2223 nisi
547 2184 647 2223 sorte
690 2200 714 2223 a
752 2186 807 2224 sic
834 2186 949 2226 dietis
976 2187 1180 2225 calabricis
1207 2188 1242 2225 ei
1281 2189 1525 2241 praesidium
1552 2201 1742 2240 quaerere

310 2237 491 2289 placeat,
537 2253 639 2292 quae
681 2240 842 2279 fuerunt
870 2255 994 2293 genus
1020 2241 1222 2295 quoddam
1251 2241 1467 2296 ligaturae,
1506 2255 1586 2296 quo
1622 2256 1742 2282 crura

311 2291 497 2345 impediri
525 2302 565 2333 et
591 2296 807 2348 constringi
835 2296 1014 2335 solebant
1034 2327 1044 2344 ,
1076 2304 1123 2335 ut
1150 2305 1304 2336 constat
1331 2313 1353 2338 e
1380 2298 1592 2352 Pelagonio
1622 2297 1672 2336 L.
1705 2298 1740 2336 1.

313 2346 552 2399 Hippiatric.
574 2349 719 2389 c.38.:
752 2349 1060 2397 α’ναπατοῦντος
1085 2344 1219 2390 αὐτοῦ
1246 2354 1512 2406 καλαβρικοῖς
1537 2346 1590 2390 τὰ
1618 2350 1742 2405 σκέλη

307 2405 427 2440 ποιεῖ
447 2403 813 2454 καταδεσμεῖσθαι.
843 2406 891 2443 In
911 2413 1085 2445 mentem
1114 2406 1258 2446 deinde
1278 2410 1414 2459 venit,
1444 2422 1468 2446 a
1493 2420 1651 2446 canusso
1678 2421 1742 2445 re-

313 2457 524 2506 petendam
553 2474 635 2498 esse
661 2474 800 2498 vocem
822 2489 834 2510 ,
880 2475 909 2498 π
950 2461 1082 2500 littera
1122 2462 1257 2500 servili
1286 2477 1331 2501 ex
1357 2476 1467 2501 more
1495 2463 1742 2501 Graecorum

314 2511 481 2551 intrusa.
539 2511 766 2563 Καμάσιον
804 2515 1056 2568 appellabant
1083 2523 1234 2557 veteres
1256 2514 1301 2555 τὸ
1331 2514 1612 2569 ἅμφιζααλλον.
1654 2517 1742 2567 jsi-

314 2564 467 2604 dorus:
502 2568 687 2608 Camasus
710 2600 719 2617 ,
750 2572 1042 2624 amplzimallus.
1099 2572 1221 2610 Unde
1248 2570 1351 2621 hoc,
1382 2585 1464 2609 non
1491 2571 1602 2610 novi.
1661 2572 1740 2610 Ca-

315 2631 444 2658 masus
467 2630 572 2661 certe
604 2631 662 2662 est
690 2639 766 2664 vox
793 2625 986 2676 Arabica,
1016 2634 1056 2666 et
1083 2640 1241 2665 omnem
1269 2620 1443 2677 στολὴν,
1471 2639 1567 2664 σκευ
1583 2621 1644 2672 “ν,
1677 2627 1741 2665 in·-

315 2671 484 2725 dutum,
523 2680 754 2728 praesertim
797 2675 873 2731 τὴν
913 2674 1164 2733 εὔχρηστον,
1214 2681 1464 2732 expeditum,
1501 2641 1667 2733 agilZm,
1698 2683 1740 2720 in

314 2740 395 2780 quo
426 2729 544 2769 homo
573 2746 612 2771 se
641 2734 754 2773 facile
782 2748 942 2775 movere
970 2742 1125 2788 potest,
1166 2741 1291 2774 notat.
1350 2734 1428 2774 Sed
1469 2737 1650 2788 quamvis
1676 2735 1740 2776 fil·-
