1884 3132
140 117 234 199 IAm
274 151 571 202 corisum.
609 152 804 195 Pomm.
842 154 915 194 DE
943 151 1123 195 clanim.
1166 153 1263 192 un.
1303 153 1356 192 11.
1398 129 1507 205 795

65 269 148 297 “ma
161 287 174 305 ‚
203 253 335 308 μικρὰ
365 251 472 296 ὅπλα
494 258 633 306 (scuta)
651 252 800 307 ἔχοντα
819 251 1013 305 κύμβαλα
1030 249 1345 306 προσπεπηγότα
1358 283 1371 303 ,
1402 260 1512 292 uter-

78 324 158 365 qne
184 326 207 351 a
236 311 377 365 figura.
436 311 743 364 Chrysostomus
771 307 1046 364 ὄφθαλμούς,
1075 310 1196 348 etiam
1226 325 1248 347 a
1268 308 1440 347 rotunda
1473 314 1515 347 et

81 368 272 406 eminenti
299 367 426 419 figura
444 380 476 417 3·
497 364 696 412 ἀσπίδες,
727 365 808 412 ait,
836 363 1023 416 χρυσοῦς
1049 360 1223 414 ἔχουσαι
1252 360 1513 416 ὀφθαλμούς.

82 421 276 460 Bata-ulus
302 428 435 460 autem
463 418 716 474 appellabant
743 420 875 458 Latini
902 425 942 457 et
969 419 1109 457 Graeci
1138 419 1331 471 sequioris
1362 418 1516 467 aetatis,

83 490 167 515 non
206 489 231 515 a
266 476 410 522 buoea,
450 476 593 514 Latina
631 488 753 523 voce,
799 473 868 513 sed
904 487 929 513 a
969 487 1068 512 voce
1096 474 1332 512 Germanica
1363 473 1537 522 buck-el„

84 545 189 584 quae
210 531 368 583 gibber,
408 531 519 569 tuber
543 536 670 568 notat.

192 586 241 624 B.
271 585 311 624 3.
342 583 534 638 [672,4.]
572 582 871 635 παραπελέκια.
943 581 1145 622 Particula
1182 578 1296 632 παρὰ
1339 590 1408 620 aut
1443 582 1520 620 mi·-

20 683 25 686 ,
83 641 175 680 nuit
198 639 265 679 hic
299 638 376 678 loci
397 643 459 688 (ut
486 639 685 678 interdum
714 639 821 687 facit)
863 644 934 676 aut
954 639 1086 690 potius
1108 639 1306 683 abundat,
1337 637 1521 690 quando·

84 695 248 748 quidem
270 691 459 733 πελέκιον
485 709 557 747 per
596 708 638 732 se
665 693 956 732 deminutivum
985 700 1056 731 est.
1113 694 1172 732 lta
1202 693 1378 731 abundat
1405 689 1520 743 παρὰ

86 764 125 788 e.
152 765 191 789 c.
221 750 263 788 in
290 744 551 800 παραβοὺνι,
581 749 706 795 collis,
735 755 804 786 aut
833 748 977 786 minuit
1022 754 1061 786 et
1088 748 1279 801 significat
1305 748 1518 786 colliculus.

88 801 498 856 Παραναγνωστικὸν
540 811 599 843 est
637 803 742 842 idem
769 810 888 856 atque
916 800 1235 852 ιῖιάγνωστικὸν,
1271 803 1523 841 commonito-

86 860 203 899 rium,
262 853 512 907 Παρακιὶτω
550 858 654 896 idem
683 866 741 896 est
769 865 888 910 atque
918 857 1082 909 simplex
1110 856 1235 905 mim,
1263 859 1400 907 insi-a,
1447 855 1523 895 nisi

88 913 204 954 malis
231 912 397 952 reddere
431 913 633 967 aliquanto
659 914 836 964 insist-lus.
894 913 1005 951 Idem
1031 912 1083 950 de
1110 910 1356 965 παραξιφὶς,
1386 925 1522 964 παρα-

88 965 285 1020 μιέχαιρα
313 974 352 1006 et
378 967 527 1006 talibus
556 968 828 1007 statuendum.

198 1022 247 1060 Β.
277 1021 318 1061 3.
345 1021 460 1076 [672‚
488 1021 551 1076 5.]
586 1019 895 1070 καστελώματα.
933 1021 1236 1070 Καστέλλωμα,
1257 1022 1524 1060 castellamen-

89 1087 185 1124 tum‚
215 1075 322 1116 idem
344 1084 403 1115 est
430 1077 540 1129 quod
567 1085 743 1116 veterum
762 1071 999 1128 δρύφακτα,
1031 1077 1194 1114 navium
1216 1074 1372 1128 τοίχοις
1388 1090 1524 1130 super-

91 1132 231 1172 structi
259 1137 299 1170 et
325 1133 521 1184 praetensi
548 1131 712 1170 cancelli
742 1132 889 1184 lignei,
918 1145 941 1169 e
968 1131 1115 1183 quibus
1144 1131 1288 1171 milites
1315 1146 1427 1171 arma
1454 1145 1527 1170 sua

91 1185 399 1240 suspendebant3
425 1201 467 1226 v.
496 1187 562 1225 Du
578 1187 711 1240 Gange
739 1187 813 1224 Gr.
846 1185 912 1225 Gl.
939 1185 981 1224 h.
1017 1200 1056 1223 v.

202 1241 250 1280 Β.
278 1241 320 1290 4.
351 1241 464 1295 [672,
487 1239 545 1293 5.]
574 1240 804 1290 μανικέλια.
839 1240 953 1279 Alias
980 1240 1086 1279 idem
1101 1248 1193 1279 sunt
1210 1249 1330 1294 atque
1346 1242 1527 1294 superius

91 1292 145 1335 τὰ
176 1294 439 1346 χειροψέλια,
472 1298 706 1334 nuuu'menta
731 1310 917 1334 manuum
938 1303 976 1334 et
1000 1310 1223 1349 carporum.
1262 1296 1337 1334 Sed
1366 1297 1431 1335 hic
1449 1297 1526 1335 loci

95 1357 188 1390 sunt
217 1345 268 1388 τὰ
283 1352 372 1395 ταῖς
390 1348 549 1395 κώπαις
561 1349 856 1400 περιτιθέμενα
879 1348 1008 1401 σκύτη
1028 1343 1052 1400 ἢ
1068 1345 1174 1403 ῥάκη
1188 1346 1313 1400 ὅμοια
1330 1351 1524 1405 flammip-

204 1404 252 1442 Β.
283 1403 324 1443 5.
366 1403 479 1457 [672,
499 1403 566 1457 6.]
604 1404 818 1454 yovarc'cov.
884 1404 1055 1442 Videtur
1089 1404 1189 1443 haec
1226 1419 1299 1443 vox
1328 1413 1530 1458 segmenta

98 1459 275 1498 coriacea
301 1459 547 1511 significare,
577 1458 723 1510 quibus
749 1465 894 1498 nautae
920 1473 1048 1511 genua
1077 1461 1309 1498 muniebant
1337 1460 1528 1499 adversus

97 1515 280 1552 attritum
310 1518 349 1551 et
376 1513 562 1552 duritiem
589 1527 841 1551 scamnorum
857 1542 870 1561 ‚
909 1514 1098 1553 adversus
1125 1529 1227 1566 quae
1266 1514 1531 1554 obnitendum

99 1569 195 1622 ipsis
223 1574 282 1606 est
309 1567 360 1606 ad
389 1569 578 1606 maiorem
610 1569 690 1606 vim
718 1568 887 1619 impulso
917 1583 1028 1607 remo
1055 1569 1447 1608 communicandam.

209 1623 256 1661 Β.
273 1621 347 1660 ult.
364 1621 481 1677 [fii-72,
506 1620 587 1675 15.]
605 1619 838 1675 γυλαρικὸν.
871 1624 932 1662 Ex
958 1638 997 1676 p.
1011 1624 1102 1676 590.
1118 1624 1171 1662 D.
1190 1639 1246 1677 7.‚
1270 1623 1337 1661 ubi
1353 1637 1531 1676 γυραρι-

99 1673 175 1716 κᾶν
201 1676 373 1730 legitur,
415 1678 506 1716 veni
534 1691 621 1715 eam
659 1680 700 1716 in
731 1679 983 1730 opinionem,
1027 1692 1109 1718 esse
1145 1678 1278 1717 clavos
1310 1693 1402 1717 cum
1431 1693 1530 1734 gyro

103 1746 175 1771 seu
201 1732 395 1770 foramine
423 1734 463 1770 in
486 1746 640 1771 summo
669 1732 719 1771 ad
741 1733 864 1771 instar
892 1748 1000 1773 acus.

211 1787 267 1825 D.
298 1800 339 1825 2.
370 1787 484 1841 [675‚
504 1787 568 1838 4.]
597 1783 822 1838 μαγειρικὰ.
877 1789 1085 1841 fllagarica
1122 1795 1161 1827 et
1187 1789 1386 1828 Maior-aba
1427 1801 1531 1841 quo-

101 1855 183 1894 que
220 1841 328 1880 dicta
370 1856 464 1881 vasa
502 1848 595 1880 sunt
633 1841 763 1887 dolia,
808 1843 932 1882 seriae
969 1843 1135 1894 fictiles,
1171 1858 1316 1891 urnae,
1346 1850 1530 1898 gastine,

103 1898 160 1934 sic
191 1895 320 1934 dictae
346 1910 369 1935 a
397 1898 590 1949 Megaris,
621 1898 692 1935 uhi
720 1897 852 1936 fictilia
879 1898 1026 1937 fiebant
1062 1899 1168 1951 apud
1206 1899 1390 1951 antiquos
1428 1898 1531 1938 cele-

102 1950 235 2000 brata,
263 1951 345 1993 vid.
364 1951 639 1992 Hemsterhus.
668 1952 719 1990 ad
751 1952 960 2006 Aristoph.
986 1952 1149 1992 Plutum
1175 1968 1218 2006 p.
1241 1953 1338 2007 274.
1391 1953 1535 1992 Mazer

105 2018 265 2058 quoque
302 2019 349 2044 ea
375 2005 589 2058 dicebant3
625 2021 727 2060 quae
763 2009 898 2046 omnia
926 2009 1137 2060 scriptione
1166 2009 1352 2062 quidem,
1380 2015 1422 2046 at
1450 2022 1533 2047 non

106 2073 205 2099 sono
231 2059 388 2100 diversa
417 2067 526 2110 suntr,
553 2076 582 2114 g
613 2070 652 2100 et
681 2074 700 2100 c
726 2070 765 2101 et
793 2077 815 2101 z
852 2070 1005 2102 veteres
1032 2063 1170 2102 eodem
1201 2064 1322 2102 modo
1339 2070 1432 2102 ante
1458 2077 1533 2103 vo-

107 2113 212 2153 cales
246 2129 268 2152 e
306 2123 346 2154 et
371 2117 389 2154 i
415 2122 455 2153 et
481 2117 577 2155 alias
615 2131 772 2170 quoque
799 2118 1142 2170 pronuntiabant3
1171 2133 1211 2157 v.
1245 2119 1311 2157 Du
1331 2119 1463 2171 Gange
1487 2133 1531 2157 v.

107 2169 262 2216 Mazer‚
293 2170 361 2208 ubi
389 2170 547 2223 longam
575 2172 890 2211 dissertationem
917 2173 966 2211 de
986 2173 1202 2212 murrhinis
1224 2181 1400 2212 veterum
1419 2175 1529 2211 texit.

109 2223 305 2263 Recenset
332 2225 388 2263 ibi
416 2239 574 2280 quoque
600 2228 704 2265 inter
735 2227 1014 2280 appellationes
1042 2227 1188 2266 horum
1222 2242 1411 2267 vasorum
1438 2228 1533 2266 Ma-

108 2278 211 2327 der,
257 2293 359 2332 quae
400 2279 516 2334 longe
549 2280 650 2320 alius
677 2283 838 2334 originis
862 2289 980 2335 atque
1006 2283 1148 2321 Mazer
1172 2290 1247 2334 est,
1274 2290 1313 2322 et
1338 2296 1430 2321 cum
1457 2282 1535 2322 hoc

110 2343 301 2383 confundi
328 2358 408 2383 non
437 2345 570 2385 debet.
622 2347 696 2386 Est
716 2349 822 2385 enim
839 2347 1010 2386 Arabica
1042 2361 1119 2385 vox
1140 2348 1236 2396 ,ὼ
1258 2378 1271 2399 ‚
1309 2349 1422 2400 gleba
1470 2347 1536 2388 vel

110 2399 269 2450 argilla.
326 2399 478 2439 Errant
505 2415 663 2454 quoque
679 2431 691 2453 ‚
717 2402 787 2453 qui
814 2402 1011 2442 Maiorem
1037 2416 1134 2441 vasa
1162 2403 1215 2442 ab
1242 2403 1369 2443 insula
1397 2404 1537 2457 Hispa-

110 2453 202 2492 nica
229 2454 426 2493 Maior-ica
452 2456 661 2506 derivant,
686 2458 858 2497 nominis
887 2456 1146 2496 similitudine
1173 2458 1341 2497 inducti.

218 2508 272 2547 D.
303 2524 342 2562 7.
376 2508 490 2562 [675‚
510 2510 576 2564 8.]
607 2508 823 2560 λεπτάρια.
880 2512 1079 2551 Videntur
1096 2525 1178 2551 esse
1197 2513 1362 2552 funiculi
1380 2513 1538 2552 tenuio—

112 2563 356 2657 νεεὲὲἐιεξε
383 2578 455 2659 1510s
473 2565 702 2619 Bindsaden
720 2565 899 2617 dicimus,
928 2566 1078 2607 Franci
1106 2567 1157 2606 de
1184 2568 1388 2624 laficelle.
1415 2568 1536 2607 Conf.

220 2671 276 2711 D.
307 2687 348 2727 7.
378 2672 495 2729 [673‚
516 2672 580 2729 8.]
610 2672 879 2727 τετράκυυλα.
930 2676 1102 2717 Videtur
1127 2691 1209 2718 esse
1235 2692 1308 2731 pro
1333 2676 1536 2731 τετράκω-

115 2723 190 2775 λα,
232 2735 405 2780 quatuor
441 2728 608 2785 pedihus
635 2729 735 2771 fulta
763 2738 944 2786 pegmata
960 2762 973 2782 ,
1014 2746 1133 2787 super
1159 2733 1304 2788 quihus
1328 2735 1538 2788 quiescunt
