1884 3132
316 133 431 202 424
587 151 660 194 10.
704 151 810 194 1Ac.
857 153 1053 194 Rmsxn
1103 151 1482 197 COMMENTARH

318 269 401 294 non
429 254 565 294 liceret
593 268 728 293 coram
756 255 858 308 Imp.
889 255 966 293 nisi
998 256 1039 294 in
1068 257 1266 309 campagis
1296 270 1551 310 comparere,
1595 267 1665 300 aut
1707 258 1759 299 ad

320 324 475 349 sacram
517 325 697 349 mensam
736 309 972 348 accumbere
985 339 1002 356 ,
1058 324 1140 348 non
1193 318 1352 350 tantum
1389 319 1507 366 toga,
1546 313 1614 353 sed
1645 316 1763 354 etiam

319 379 415 419 sago
444 367 666 418 conspicuis
695 364 942 418 proceribus.
1001 366 1197 415 Quamvis
1225 367 1330 405 enim
1361 367 1506 407 milites
1523 368 1667 422 caligas
1694 384 1762 423 ge-

321 427 473 459 starent
491 452 501 472 ,
532 421 639 460 unde
667 422 787 459 etiam
809 423 1029 470 στρατεῖαι
1063 417 1307 471 οἷποκάλιγοι
1345 422 1555 473 dicuntur,
1600 424 1764 464 miliciae

321 476 373 515 de
400 477 555 530 caliga,
591 475 652 515 vel
687 491 790 529 quae
821 490 913 514 cum
945 475 1069 528 caliga
1098 476 1200 514 fiunt
1231 477 1330 527 (vid.
1352 478 1420 517 Du
1439 478 1574 532 Gange
1593 493 1635 518 v.
1653 479 1765 534 Apo-

322 531 500 585 mligus),
542 533 820 571 honoratiores
847 537 981 569 tamen
1010 538 1181 570 rectores
1210 530 1406 580 militnm,
1438 535 1509 587 qui
1538 548 1618 573 non
1647 536 1766 574 mini-

322 600 431 626 mam
459 589 669 626 comitatus
701 595 857 639 partem
895 585 1142 634 efficiebant,
1174 588 1442 639 procedebant
1469 591 1511 628 in
1540 589 1697 639 aulam,
1727 597 1768 630 et

323 644 446 682 sacris
481 643 607 697 epulis
629 642 926 681 adhibebantur
945 643 986 680 in
1010 642 1207 696 campagis
1223 671 1234 692 ‚
1262 650 1308 682 ut
1326 658 1347 682 e
1366 643 1620 698 Cletorologii
1640 647 1766 685 nostri

324 697 463 737 multis
486 698 582 737 locis
634 705 730 737 atet.
786 697 845 736 Ex
879 711 925 736 eo
958 711 1118 750 quoque
1138 697 1287 736 sactum
1307 729 1318 750 ‚
1352 706 1398 737 ut
1423 707 1581 739 senatus
1605 697 1630 751 ἦ
1659 698 1767 739 ὕπο-

324 751 537 805 καμπάγιν
565 754 792 806 συγκλητος
812 753 958 806 passim
981 754 1106 791 nostri
1136 753 1283 792 codicis
1311 754 1544 808 appelletur.
1601 755 1662 793 Ut
1689 757 1766 795 mi—

324 806 454 848 litaris
498 809 597 847 ordo
641 823 664 847 a
705 809 922 861 gestamine
956 807 1106 860 pedum
1148 809 1373 862 apocaligus
1391 840 1402 857 ‚
1443 811 1500 849 ita
1543 812 1765 850 senatorius

325 860 622 915 ὖποκαμπάγιν
649 863 779 902 dictus
810 864 916 913 suit,
952 870 997 901 ut
1034 865 1104 916 qui
1136 871 1237 902 esset
1268 862 1346 902 ὑπὸ
1381 865 1641 917 καμπαγίων.
1697 868 1766 906 In-

324 918 510 957 usitatior
539 919 700 972 quidem
733 933 826 957 usus
879 917 1097 971 particulae
1134 914 1215 956 ὑπὸ
1248 918 1312 957 hic
1352 926 1436 970 est3
1483 920 1596 959 facile
1634 929 1767 961 tamen

325 979 461 1026 patet,
493 970 576 1013 ὕπὸ
607 974 671 1013 hic
694 973 801 1012 idem
819 981 939 1027 atque
970 971 1051 1011 a'nd
1070 972 1227 1023 valere3
1258 970 1581 1026 α’ποκαμπάγιν,
1611 974 1649 1016 οἱ
1678 971 1761 1016 a'nd

325 1026 598 1079 καμπαγίων,
634 1028 675 1068 id
714 1035 772 1067 est
801 1024 908 1078 μετὰ
948 1026 1216 1078 καμπαγίων,
1261 1023 1482 1080 προϊόντες.
1543 1031 1646 1082 Quis
1673 1046 1767 1085 ergo

328 1081 566 1123 clericorum
582 1113 594 1134 ‚
626 1084 714 1137 quis
732 1082 841 1136 vulgi
863 1090 950 1122 erat
970 1083 1134 1121 indutus
1159 1083 1306 1135 pedum
1335 1091 1374 1122 et
1404 1098 1568 1124 crurum
1585 1115 1596 1136 ,
1625 1087 1657 1126 si
1684 1089 1764 1126 mi-

327 1135 446 1177 litum
476 1137 626 1191 caligae
654 1146 692 1177 et
719 1153 931 1192 procerum
967 1138 1191 1177 aulicorum
1220 1139 1424 1192 campagia
1453 1148 1567 1179 erant
1583 1145 1601 1179 ?
1658 1142 1765 1181 Puto

326 1205 411 1232 non
435 1192 639 1233 diversum
660 1208 683 1232 a
704 1192 866 1232 militari
895 1192 1028 1232 fuisse.
1057 1192 1200 1233 Clerici
1223 1193 1446 1247 vulgusque
1470 1196 1618 1249 pariter
1646 1204 1766 1251 atque

324 1247 476 1287 ‘milites
513 1249 702 1300 gerebant
745 1248 908 1288 braccas
936 1263 1028 1287 cum
1054 1247 1260 1287 tibialibus
1291 1263 1336 1288 ex
1367 1263 1447 1287 una
1483 1250 1609 1290 solida
1641 1266 1768 1291 massa

329 1302 456 1342 factas
471 1333 482 1353 ‚
519 1302 570 1341 ad
600 1303 764 1343 malleos
804 1304 952 1357 pedum
982 1303 1270 1357 propemodum
1304 1304 1586 1356 procedentes,
1618 1307 1763 1361 quibus

360 1371 499 1397 erones
532 1373 602 1398 seu
633 1358 777 1412 caligas
805 1359 924 1412 paulo
949 1359 1055 1398 infra
1089 1373 1194 1412 genu
1233 1359 1454 1398 desinentes
1484 1362 1768 1414 superinducen-

328 1371 444 1453 gant.
504 1413 583 1452 Sed
620 1414 671 1452 de
709 1414 774 1453 his
802 1414 868 1453 hic
893 1428 975 1453 non
1012 1421 1070 1453 est
1093 1414 1319 1468 disputandi
1351 1414 1478 1454 locus.
1534 1416 1638 1470 *[De
1660 1431 1768 1456 cam-

330 1468 460 1521 pagiis
485 1467 637 1508 clericis
665 1470 867 1522 permissis
895 1469 979 1509 vid.
997 1470 1145 1508 Donat.
1159 1469 1408 1508 Constantini
1426 1470 1485 1508 M.
1515 1485 1558 1525 p.
1577 1471 1647 1511 66.
1705 1473 1768 1512 De

330 1522 473 1562 calceis
501 1525 759 1576 patriciorum
794 1525 1066 1564 Romanorum
1095 1523 1234 1564 lunula
1264 1539 1333 1564 seu
1364 1525 1508 1579 Kappa
1535 1526 1678 1566 Latino
1701 1541 1770 1566 or-

333 1578 453 1626 natis,
480 1586 689 1632 propterea
714 1581 927 1634 campagiis
945 1581 1060 1620 dictis
1078 1611 1089 1627 ,
1120 1580 1202 1619 vid.
1228 1579 1396 1619 Salmas.
1417 1594 1459 1633 p.
1484 1594 1572 1620 101.
1602 1596 1686 1636 sqq.
1716 1582 1768 1622 ad

333 1633 522 1672 Simmiae
543 1634 776 1688 securim.]*
826 1636 899 1674 Est
920 1636 970 1674 ad
998 1634 1168 1674 Herodis
1192 1635 1482 1675 dedicationem
1507 1642 1660 1676 statuae
1683 1651 1770 1676 ma·-

332 1688 452 1727 nibus
470 1689 646 1742 Regillae
680 1698 854 1730 sacratae
880 1706 920 1744 p.
948 1690 1036 1729 153.
1058 1691 1155 1729 edit.
1178 1690 1410 1730 Crenianae.

419 1742 512 1795 240.
535 1745 581 1783 C.
605 1745 681 1784 ult.
705 1744 823 1799 [414
850 1744 910 1799 8.]
941 1742 1165 1798 διβητήσιν.
1226 1745 1422 1785 Scribitur
1445 1759 1608 1801 quoquc
1643 1745 1770 1798 δηβη-

333 1795 446 1837 τίσιν
463 1828 474 1848 ,
507 1799 615 1852 quod
649 1801 754 1839 idem
782 1808 909 1839 sonat.
969 1801 1072 1839 Satis
1101 1800 1287 1854 frequens
1317 1800 1438 1841 huius
1472 1802 1591 1840 vestis
1619 1802 1770 1840 mentio

336 1852 446 1905 apud
468 1854 660 1894 Nostrum
677 1885 688 1906 ,
716 1870 807 1894 rara
826 1856 933 1908 apud
962 1854 1083 1906 ali0s3
1112 1863 1152 1894 et
1180 1857 1380 1895 neminem
1402 1870 1525 1910 paene
1557 1856 1680 1906 novi,
1698 1857 1770 1911 qui

337 1921 426 1946 eam
459 1917 678 1960 memoret,
706 1918 863 1963 praeter
896 1911 1070 1949 Leonem
1105 1910 1444 1963 Grammaticum,
1489 1911 1602 1950 cuius
1637 1910 1769 1950 locum

335 1962 405 2002 Du
422 1962 554 2018 Gange
565 1964 695 2004 Gloss.
713 1965 836 2004 Gr.h.
852 1979 890 2006 v.
914 1964 1035 2004 habet
1048 1996 1058 2014 ‚
1088 1980 1180 2004 cum
1200 1967 1441 2020 expositione
1454 1997 1466 2016 ,
1495 1980 1616 2020 quam
1633 1966 1769 2005 Leun-

337 2016 490 2057 clavius
520 2020 561 2058 in
593 2020 792 2060 Pandecte
819 2021 988 2059 Turcica
1015 2020 1208 2073 protulit,
1248 2035 1272 2059 a
1304 2022 1491 2072 Graecis,
1531 2021 1770 2075 quibuscum

336 2080 517 2112 versatus
547 2074 622 2112 fuit
640 2104 651 2125 ,
688 2075 763 2114 sibi
801 2076 1134 2114 communicatam
1151 2106 1162 2123 ,
1191 2077 1420 2115 auctoribus
1449 2077 1620 2129 dignam.
1686 2076 1770 2114 Hos

338 2140 483 2180 nempe
509 2128 688 2168 homines
706 2159 717 2179 ,
743 2130 989 2182 antiquitatis
1022 2137 1060 2169 et
1087 2144 1223 2170 rerum
1253 2132 1432 2170 omnium
1464 2133 1621 2185 ignaros
1651 2131 1769 2183 nugi-

337 2181 535 2221 vendulos
580 2183 806 2223 consultum
839 2192 996 2237 oportet
1033 2187 1113 2232 ire,
1164 2187 1197 2225 si
1230 2186 1327 2239 quid
1355 2186 1598 2227 declaratum
1638 2186 1768 2238 cupis.

340 2235 484 2276 Suidas
523 2252 682 2291 quoque
720 2240 900 2278 meminit
936 2241 979 2277 in
1017 2240 1174 2279 Lexico.
1245 2241 1325 2281 Sed
1373 2241 1586 2280 obscurum
1605 2269 1618 2291 ‚
1657 2239 1768 2292 quod

341 2291 476 2338 aiunt,
497 2307 568 2346 per
589 2307 712 2347 aeque
737 2293 951 2333 obscurum
981 2297 1151 2349 exponit.
1210 2296 1356 2334 Reddit
1380 2310 1522 2349 nempe
1547 2290 1770 2346 διβητήσιω

340 2359 415 2398 per
453 2345 652 2397 ὃιαβίκια.
707 2349 790 2388 Nos
833 2348 899 2388 ille
938 2363 1020 2387 non
1066 2350 1303 2390 morabitur.
1366 2351 1599 2390 Videbimus
1636 2349 1771 2401 potius

341 2400 441 2453 quid
455 2401 681 2441 dibitesium
705 2403 839 2442 fuerit.
895 2404 931 2443 E
962 2405 1104 2444 Nostro
1125 2405 1341 2458 colligitur,
1375 2406 1490 2444 fuisse
1515 2410 1666 2443 vestem
1693 2405 1771 2442 im·-

393 2455 532 2495 rialem
548 2487 557 2503 ‚
590 2471 677 2510 qua·
697 2460 755 2497 uti
788 2466 944 2511 praeter
973 2459 1256 2512 Imperatorem
1277 2491 1288 2509 ‚
1329 2459 1537 2498 Caesarem
1574 2465 1614 2496 et
1645 2457 1770 2497 Nobi-

341 2467 535 2549 figsinmm
552 2512 700 2550 nemini
725 2513 907 2563 licuerit3
938 2528 1039 2566 quae
1060 2516 1194 2554 stricte
1211 2516 1367 2567 corpori
1390 2513 1635 2563 adhaereret,
1658 2516 1768 2563 (nam

343 2576 435 2615 pag.
466 2564 557 2615 245.
583 2567 630 2604 C.
664 2567 703 2606 6.
733 2566 925 2619 στιχάριν
955 2564 1169 2620 διβητήσιν
1201 2569 1420 2621 appellatur
1434 2569 1458 2617 ,)
1496 2575 1535 2606 et
1565 2568 1772 2620 pertigerit

346 2630 472 2668 usque
498 2621 546 2656 ad
573 2620 701 2671 talos,
727 2630 765 2660 et
802 2623 875 2661 sub
908 2622 1117 2676 chlamyde
1149 2623 1212 2663 vel
1240 2631 1279 2661 et
1308 2637 1400 2674 sago
1440 2622 1559 2666 fuerit
1602 2630 1769 2675 gestata.

344 2669 463 2727 Patet
505 2673 602 2712 illud
637 2690 658 2714 e
708 2676 795 2715 loco
832 2678 973 2716 Leonis
1013 2679 1268 2716 Grammatici
1329 2705 1339 2714 .
1370 2676 1466 2726 466.
1504 2684 1543 2715 et
1581 2691 1602 2714 e
1634 2677 1770 2715 Nostri

343 2738 384 2776 p.
411 2727 471 2763 13.
494 2728 543 2766 C.
569 2728 627 2774 8.,
651 2745 691 2781 p.
719 2732 807 2769 113.
833 2731 876 2770 C.
897 2763 908 2780 ‚
945 2746 1031 2785 ¹29·
1052 2734 1103 2774 A.
1125 2732 1269 2771 et133.
1286 2691 1357 2780 lii,
1389 2732 1503 2771 mitto
1517 2730 1629 2771 alios.
1661 2731 1770 2771 Haec
