1832 3126
201 185 276 229 AD
316 185 612 230 CONSTANT.
656 186 854 229 PORPH.
890 189 963 228 DE
1003 185 1185 250 cunm.
1226 189 1325 228 LlB.
1368 189 1400 228 1.
1459 187 1476 222 1
1499 188 1560 243 17

125 289 199 328 hoc
220 294 434 344 nusquam,
469 303 589 344 quam
619 290 661 328 in
688 302 823 327 eorum
841 289 1012 340 sobrie-a
1037 290 1104 328 vel
1140 291 1184 328 in
1211 288 1423 328 eorundem
1455 303 1563 328 cam-

119 358 283 398 psorum
305 358 432 383 assere
452 342 843 398 [banco]sac1}emus.
900 343 1095 382 Formula
1121 358 1264 382 varam
1290 344 1487 393 adhibere,
1521 345 1564 383 id

126 405 187 438 est
204 399 386 454 probam,
417 398 744 452 explorationem,
775 397 924 437 bonine
954 400 1033 438 sint
1056 401 1210 437 nummi
1232 400 1463 450 commatis,
1493 399 1564 438 ad-

121 453 276 503 hibere,
304 456 415 493 vem't
429 468 452 493 a
463 455 691 507 germanica
706 467 804 492 voce
826 453 998 502 lVahre,
1018 454 1262 505 observatio,
1282 454 1561 501 consideratio,

125 509 233 548 unde
258 508 328 548 W
321 518 422 558 ane,
445 508 607 548 Guarde
620 515 660 547 et
693 507 1012 560 PValwnehmen,
1031 508 1255 561 explorare,
1283 517 1322 548 et
1336 511 1564 560 bewiihoen,

126 563 319 616 probare,
340 571 512 613 tentare,
545 563 772 616 probumnc
799 563 897 616 quid
925 565 990 602 sit.
1052 565 1099 602 ln
1130 563 1283 618 legibus
1313 564 1564 618 W'isigotho-

123 631 217 658 rum
251 618 301 657 L.
346 618 403 656 11.
441 618 526 657 Tit.
569 617 611 669 4.
641 617 678 671 §.
713 617 754 668 4.
796 618 1029 671 Argentarii
1062 633 1224 672 quoque
1255 621 1359 658 inter
1388 619 1564 659 honesti-

123 686 197 712 ora
234 671 367 713 officia
409 672 584 726 palatina
626 681 918 712 numerantur:
970 673 1023 713 Ut
1059 688 1138 712 non
1158 676 1350 714 immerito
1371 675 1564 728 palatinis

123 725 265 780 officiis
285 728 502 767 liberaliter
519 729 767 778 honorentur,
801 729 848 768 id
871 737 938 777 est,
963 728 1278 777 stabulariorum,
1318 730 1565 769 Gillonario-

123 795 228 831 rum,
255 782 316 834 [id
343 789 402 822 est
434 784 736 836 pincernarum,
761 798 785 822 a
818 785 931 836 gillo,
967 778 1173 836 ἀρύταινα
1188 813 1200 835 ,
1242 784 1350 823 unde
1382 792 1566 824 nostrum

127 835 275 891 Gelte,]
303 836 629 891 Argentariorwn
643 868 655 886 ,
699 839 918 932 &quorum
961 852 1111 894 quoque
1143 841 1376 894 praepositi.
1435 839 1565 879 Adhi-

122 891 229 932 bitos
268 891 391 940 fuisse
429 894 675 947 argentarios
715 908 740 932 a
815 893 1094 947 praestandam
1135 895 1319 947 protinus
1353 897 1565 948 pecuniam

123 961 200 1000 pro
237 947 429 1001 dignitate
459 947 589 987 aulica
618 948 684 988 vel
716 948 907 1000 militari,
937 949 969 988 si
1002 951 1094 1001 quis
1124 964 1213 989 eam
1241 957 1417 1002 emeret,
1444 950 1565 990 disci-

123 1016 215 1042 mus
245 1017 268 1042 e
298 1003 459 1043 Zosimo
489 1004 563 1042 lv.
600 1003 668 1043 28.
703 1019 747 1057 p.
783 1003 879 1056 412.
903 1005 967 1043 ed.
995 1004 1140 1043 cellar.

232 1057 282 1097 C.
312 1057 487 1112 12.[18,
514 1057 599 1112 15]
667 1058 726 1114 τῷ
759 1053 782 1097 ὅ
822 1058 939 1098 δεῖνα
969 1055 1165 1099 δεσπόται
1192 1056 1363 1111 ἀγαθοὶ.
1407 1060 1566 1100 Scilicet

128 1106 299 1153 διδόασι
327 1114 476 1163 τοῦτο,
508 1114 584 1152 tali
617 1115 685 1152 vel
711 1115 788 1154 tali
821 1114 920 1153 dant
948 1115 1042 1153 honi
1067 1114 1222 1154 domini
1249 1117 1351 1154 Ιιαηε
1386 1116 1565 1169 largitio-

124 1181 238 1217 nem,
269 1168 342 1207 hoc
370 1169 589 1207 saccellum.
655 1169 721 1223 Τῷ
745 1164 766 1207 ὃ
796 1169 910 1208 δεῖνα
940 1177 998 1209 est
1014 1170 1277 1210 Graecismus
1287 1185 1432 1210 novus.
1491 1172 1565 1210 Ve-

124 1228 230 1262 teroe
260 1223 493 1277 simpliciter
525 1223 710 1263 dicebant
734 1224 791 1278 τῷ
816 1223 946 1267 δεῖνα.
1004 1226 1143 1264 Manet
1174 1225 1275 1264 illud
1304 1224 1327 1263 ὁ
1360 1227 1416 1264 ita
1434 1225 1566 1279 alliga-

124 1283 212 1316 tum
241 1279 331 1319 voci
371 1277 508 1328 δεῖνα,
545 1286 590 1318 ut
618 1294 701 1318 non
731 1281 910 1319 varietur
928 1310 940 1330 ‚
983 1281 1213 1334 quicunque
1254 1281 1416 1320 tandem
1465 1281 1566 1320 alius

124 1346 240 1388 casus
269 1347 445 1387 genusve
468 1342 722 1388 apponatur,
777 1331 849 1374 τὸν
871 1333 894 1374 ὁ
927 1334 1068 1386 δεῖνα,
1106 1336 1158 1389 τῇ
1185 1333 1206 1374 ὃ
1238 1335 1355 1374 δεῖνα
1372 1366 1384 1386 ,
1415 1332 1515 1382 τούς
1542 1331 1566 1374 ὅ

125 1385 241 1427 δεῖνα
278 1396 355 1428 etc.
431 1389 626 1443 Exempla
657 1391 786 1430 mirae
826 1390 1012 1430 dictionis
1051 1397 1191 1429 natant
1226 1392 1269 1429 in
1300 1390 1376 1430 hoc
1412 1391 1561 1430 codice.

122 1441 315 1483 Similiter
345 1444 553 1483 obtinebat
600 1447 645 1484 in
680 1445 774 1484 aula
800 1453 983 1485 veterum
1012 1446 1211 1485 Franciae
1235 1460 1402 1499 regum,
1444 1454 1488 1484 ut
1523 1448 1567 1485 in

125 1497 298 1550 publicis
324 1500 519 1538 conviviis
545 1501 664 1553 regiis
693 1502 736 1539 in
765 1501 984 1540 maioribus
1008 1500 1118 1540 sestis
1146 1515 1291 1553 praeco
1324 1500 1432 1540 clara
1465 1513 1566 1540 voce

124 1551 202 1591 sub
228 1552 349 1592 tubae
375 1555 488 1607 signo
503 1554 770 1606 proclamaret
789 1556 990 1608 Largesse,
1024 1562 1064 1593 et
1089 1555 1324 1594 n‘ominatim
1350 1569 1565 1608 quemque,

125 1609 191 1646 cui
226 1607 378 1647 donum
416 1609 661 1648 destinatum
698 1617 811 1660 erat,
851 1616 1051 1649 evocaret.
1117 1610 1214 1649 Vid.
1249 1611 1317 1648 Du
1347 1611 1482 1663 Gange
1514 1611 1566 1649 ad

125 1661 301 1701 loinvill.
345 1678 388 1716 p.
413 1662 499 1712 88.,
536 1663 607 1703 ubi
643 1679 666 1703 e
695 1666 863 1704 vetustis
902 1666 1131 1704 rationariis
1162 1666 1281 1715 citat,
1331 1672 1488 1704 tantuin
1527 1673 1568 1704 et

123 1723 283 1756 tantum
315 1717 455 1757 datum
489 1718 609 1758 fuisse
638 1718 697 1758 illi
734 1726 774 1758 et
810 1718 868 1758 illi
887 1749 902 1770 ,
937 1719 1107 1768 heram,
1139 1721 1416 1774 pom-suivans,
1458 1720 1567 1775 [sunt

123 1778 208 1811 aut·
232 1773 487 1812 mandatores
527 1781 598 1812 aut
642 1773 928 1825 διατρέχοντες
971 1776 1096 1814 nostri
1137 1773 1309 1828 codicis]
1347 1777 1567 1814 menestrels

119 1826 419 1881 ffistrionibus,
447 1828 674 1881 thymelicis
688 1859 700 1879 ,
732 1828 985 1883 bufonibus,]
1015 1839 1053 1869 et
1081 1838 1300 1883 trompettes
1319 1844 1425 1883 pour
1451 1832 1571 1869 avoir

122 1896 176 1921 au
187 1884 292 1934 jour·
307 1883 359 1922 de
376 1885 600 1922 Pentecoste
620 1884 711 1923 crie'
726 1899 780 1922 αιι
799 1885 916 1923 diner
938 1885 992 1923 du
1017 1886 1082 1924 roi
1089 1902 1104 1923 .-
1146 1885 1332 1938 Largesse
1348 1884 1496 1923 devant
1522 1900 1568 1925 sa

117 1951 327 1990 personne.
385 1939 571 1989 Modum,
600 1954 681 1992 quo
713 1940 896 1979 Pontifex
923 1940 1127 1979 Romanus
1157 1939 1255 1978 olim
1288 1939 1568 1980 cardinalibus

122 1998 169 2042 ‚et
193 1991 282 2032 aliis
318 1993 424 2032 sedis
466 1995 671 2034 Romanae
711 1995 946 2048 proceribus
982 1995 1276 2048 presbyterium
1313 2009 1383 2039 seu
1422 2009 1571 2034 munus

125 2046 390 2100 apostolieum
415 2048 512 2088 dare
545 2049 698 2088 solebat
714 2080 729 2102 ,
768 2050 956 2089 describit
982 2049 1216 2089 Pontificale
1250 2050 1306 2089 sic
1319 2063 1334 2088 ε
1374 2051 1569 2102 Pontyeoe

124 2102 259 2141 sedens
282 2102 355 2141 dat
373 2104 659 2158 presbyterium
684 2107 755 2144 hoc
780 2106 920 2144 modo.-
952 2105 1231 2144 Cardiaalihus
1252 2104 1348 2143 duos
1375 2119 1511 2143 aureos
1531 2114 1570 2143 et

123 2156 221 2196 duos
242 2171 393 2210 grossos
423 2169 639 2212 argemeos.
699 2159 748 2199 V
740 2162 874 2199 eniunt
905 2160 1139 2200 cardinales
1165 2168 1205 2199 et
1229 2159 1428 2214 pmfimde
1452 2169 1572 2214 caput

124 2211 319 2260 ilwlinant
335 2222 426 2251 atate
441 2214 670 2270 pontificem
686 2244 700 2265 ,
731 2217 1014 2271 porringtque
1034 2217 1075 2254 ei
1097 2216 1256 2253 mitram
1278 2222 1479 2268 apertam,
1526 2216 1570 2254 ιἰι

123 2281 244 2360 auam
265 2267 460 2319 Pontg'seoe
486 2270 659 2309 immittit
678 2272 904 2325 pecuniam.
960 2271 1039 2309 Illi
1058 2279 1184 2309 autem
1214 2277 1372 2322 ιτα-θρῖα
1399 2270 1569 2323 pecunia

162 2321 314 2377 ontzfici
353 2337 512 2362 manum
541 2325 777 2364 osculantur.
839 2326 1034 2364 Peamias
1053 2326 1161 2378 capit
1186 2324 1380 2374 Pontifex
1403 2338 1426 2362 e
1450 2338 1571 2363 manu

129 2375 366 2420 Camerarii.
422 2377 514 2417 Alii
535 2380 712 2433 praelati
736 2395 837 2433 genu
845 2380 1018 2435 fhctunt
1042 2388 1132 2418 ante
1158 2378 1414 2434 Pontificem,
1443 2388 1481 2417 et
1500 2393 1569 2417 ac-

123 2431 166 2468 ci
189 2433 274 2471 iamt
301 2433 343 2471 ἱη
371 2433 490 2471 mitra
513 2448 674 2474 aureum
701 2450 819 2474 mmm
847 2445 885 2474 et
905 2449 1023 2475 unum
1048 2447 1246 2486 grossum,
1289 2441 1327 2471 et
1348 2433 1574 2472 osculantur

153 2495 310 2525 extmm
333 2501 434 2539 genu
465 2488 683 2544 Pontficzk.
742 2489 827 2530 Alii
854 2504 951 2529 vero
975 2488 1145 2542 praelati
1173 2494 1213 2526 et
1241 2486 1431 2526 officiales
1468 2489 1571 2526 acci-

125 2542 243 2592 piunt
268 2542 312 2580 in
337 2556 460 2581 manu
490 2545 750 2594 tantundem,
780 2552 819 2583 et
856 2544 1086 2583 osculantur
1122 2541 1283 2596 pedem.
1350 2543 1577 2594 Imperator

126 2607 293 2636 munera
315 2596 579 2638 distribuebat
620 2601 701 2639 suis
730 2599 939 2648 manibus,
971 2597 1022 2652 τῇ
1043 2595 1161 2649 χειρὶ
1188 2596 1354 2647 κοσμῶν
1382 2595 1428 2636 τὸ
1455 2593 1574 2636 δίδό-

127 2662 279 2701 μενον,
320 2645 590 2703 αὗτουργῶν,
619 2653 675 2692 ου’
701 2649 907 2705 κελεύων,
936 2661 980 2692 ut
1004 2654 1059 2692 ait
1088 2651 1283 2692 Libanius
1314 2653 1355 2691 in
1381 2652 1569 2704 Excerpt.

131 2702 281 2743 rhetor.
314 2720 356 2758 p.
398 2719 488 2744 νη.

239 2760 288 2825 (ἶζ
310 2760 386 2800 ult.
410 2759 501 2815 [=8‚
529 2761 614 2817 tyn]
675 2760 710 2802 οἱ
732 2758 952 2816 ὀστρᾰριοι.
1016 2760 1296 2816 intelliguntur
1324 2761 1390 2801 hic
1425 2762 1575 2801 ostiarie
