1884 3132
159 139 233 182 An
272 138 569 202 cous‘rAN‘r.
595 142 793 184 ponpa.
832 146 904 185 ne
950 118 1132 187 emm.
1169 145 1266 185 Lm.
1306 146 1360 185 n.
1404 122 1517 182 683

71 241 185 282 Nihil
214 243 280 282 hie
318 246 435 297 poeta
481 244 533 284 de
571 245 748 294 clericis,
793 246 896 287 nihil
928 248 980 287 de
1013 248 1160 304 regulis
1186 249 1418 298 canonicis,
1444 248 1514 288 sed

70 296 321 350 dithyrambi
362 299 406 339 hi
444 299 555 339 aliud
586 300 689 340 nihil
723 302 856 341 dicere
889 303 1059 354 volunt,
1088 319 1210 358 quam
1241 304 1443 357 lampades
1470 305 1512 342 in

76 349 156 390 illis
186 354 372 393 crucibus
396 354 462 394 vel
487 356 697 395 arboribus
737 357 924 397 holosotis
969 361 1025 398 sic
1056 373 1139 398 esse
1167 361 1207 398 in
1230 359 1357 398 altum
1386 365 1426 398 et
1452 358 1512 397 la-

73 412 159 444 tum
176 437 188 457 ‚
217 407 282 448 vel
321 409 701 462 perpendiculariter
721 419 762 450 et
797 412 1096 453 horizontaliter
1136 414 1372 467 dispositas,
1403 415 1511 452 utin

72 460 230 502 duabus
260 476 346 502 sese
380 466 637 504 transversim
679 465 730 505 ad
771 474 900 507 rectos
930 468 1096 522 angulos
1137 470 1361 509 secantibus
1385 469 1511 510 rubro

72 515 206 556 colone
228 518 362 557 tinctis
398 518 513 559 lineis
541 522 662 560 rectis
688 521 880 562 ardeant:
1075 541 1079 544 ·

234 582 288 622 In
316 584 396 623 imo
409 584 548 635 fimdo
565 586 679 625 molis
710 587 847 626 videas
880 587 1053 628 robustas

231 637 357 676 trabes
371 667 383 687 ,
417 640 587 680 medium
608 642 772 693 serrum
796 643 925 698 biceps
947 644 1166 683 dividentes
1185 674 1197 691 ‚

236 707 354 747 super
381 695 515 749 quibus
536 697 723 750 phalanx
746 696 879 751 [series
902 700 943 737 in
973 697 1139 753 longum
1166 702 1366 754 porrecta]
1387 700 1481 739 lucis

617 765 695 804 per
719 753 904 806 templum
923 755 1103 806 vagantis
1132 757 1287 807 transit,

231 804 344 842 rectis
380 803 495 843 lineis
524 805 651 844 rubris
685 806 855 859 illigata.

70 867 173 906 Erat
205 881 299 922 ergo
324 868 466 908 talium
511 870 701 910 arborum
734 872 796 911 vel
831 874 1010 913 crucium
1044 873 1333 914 luminosarum
1363 889 1507 929 scapus

68 920 225 972 ligneus
241 952 254 975 ‚
282 923 445 963 brachia
466 939 562 965 vero
600 926 719 967 ambo
751 927 947 968 efficiebat
969 931 1117 982 pertica
1135 930 1262 969 ferrea
1295 944 1368 983 per
1388 930 1505 970 illum

68 974 244 1029 ligneum
291 993 452 1032 scapum
489 980 663 1020 medium
692 984 870 1022 traiecta.
936 984 1058 1034 Quod
1100 987 1222 1024 etiam
1256 993 1421 1038 apparet
1457 1000 1504 1026 ex

68 1029 239 1085 eleganti
269 1032 534 1088 descriptione
553 1037 697 1076 Leonis
718 1038 915 1078 Ostiensis
938 1039 1013 1078 111.
1047 1039 1133 1080 δια
1163 1040 1313 1079 trabem
1331 1041 1506 1093 fias-ilem

66 1100 124 1125 ea:
157 1101 249 1126 aere
266 1102 355 1128 cum
381 1089 627 1131 candelabris
656 1106 815 1131 numero
845 1095 1126 1149 quinquaginta
1143 1124 1154 1142 ‚
1186 1097 1230 1135 in
1260 1096 1399 1150 quibus
1424 1097 1504 1134 uti-

66 1155 142 1195 que
165 1142 326 1182 totidem
351 1146 454 1183 cerei
473 1159 553 1198 per,
569 1147 810 1198 festivitates
835 1151 1071 1204 praecipuas
1095 1159 1366 1203 ponerentur,
1399 1151 1503 1190 Iam-

61 1195 233 1253 padibus
252 1198 381 1238 subter
413 1200 454 1237 in
476 1202 606 1240 aeneis
628 1204 736 1241 uncis
771 1217 826 1241 ex
849 1204 985 1243 eadem
1014 1204 1124 1243 trabe
1154 1205 1220 1245 36.
1250 1205 1503 1260 dependenti-

64 1250 154 1299 ὁτι-ς,
181 1266 281 1306 quae
309 1253 490 1294 videlieet
510 1269 652 1295 aeneae
680 1258 805 1296 trabes
818 1260 947 1298 aeneis
968 1274 1089 1314 aeque
1116 1260 1282 1299 brachiis
1303 1275 1351 1299 ac
1372 1262 1502 1300 mani-

66 1304 135 1343 bus
156 1315 384 1347 sustentatae
412 1309 517 1347 trahi
542 1310 719 1363 ligneae,
755 1327 874 1367 quam
903 1315 1170 1368 pulcherrime
1197 1316 1324 1368 sculpi
1346 1324 1383 1353 et
1400 1330 1501 1353 auro

65 1360 312 1416 colorumque
325 1363 439 1414 suc-125
453 1364 617 1414 fecerat
641 1369 855 1415 exornari,
894 1371 1102 1408 commissa
1126 1378 1192 1408 est.
1248 1371 1402 1408 Locum
1428 1370 1500 1408 de-

66 1412 144 1452 beo
166 1415 358 1455 addendis
387 1425 573 1459 notarum
606 1420 658 1459 ad
678 1420 894 1470 Paullum.
924 1423 966 1463 in
1000 1423 1147 1476 quibus
1174 1438 1351 1463 errorem
1382 1438 1501 1463 suum

66 1468 151 1520 ipse
178 1470 245 1509 Du
277 1471 411 1524 Gange
439 1476 615 1525 agnoscit
645 1482 684 1514 et
720 1484 895 1516 revocat.
953 1478 1065 1517 Idem
1100 1478 1267 1518 Paullus
1288 1480 1413 1532 partis
1437 1493 1515 1519 se-·

67 1523 224 1564 eundae
254 1539 297 1565 v.
315 1525 363 1577 41
378 1540 410 1565 ι.
439 1527 664 1568 holosotum
693 1532 913 1571 cruciatum
935 1533 989 1572 sic
1010 1533 1224 1572 describit:

229 1590 325 1631 Kal
349 1589 533 1643 μεγάλου
562 1598 759 1647 σταυροΐο
786 1594 912 1637 τύπον
937 1593 1136 1638 πολύωπα
1166 1597 1325 1652 νοήσεις

224 1645 388 1698 γείτονα
412 1647 492 1696 μὲν
519 1645 689 1697 δι’σκοιο,
731 1650 1000 1706 [polycandeli
1030 1667 1122 1692 cum
1142 1654 1333 1694 cambam
1350 1669 1496 1710 suppo-

600 1704 696 1759 sito]
732 1705 1022 1760 πολυτρήτοισι
1064 1707 1111 1748 δὲ
1137 1707 1279 1756 νώτοις

221 1746 345 1806 ἄγγος
372 1755 654 1810 ἐλαφρίζοντα
681 1762 960 1815 σελασφορον.

62 1818 123 1859 Ut
146 1819 189 1857 in
210 1828 346 1861 nostro
385 1832 590 1876 praesente
625 1825 714 1866 loco
755 1826 903 1867 dicitur
933 1825 1170 1882 ὄλόφωτον,
1198 1832 1255 1869 ita
1282 1828 1493 1884 κανδήλαν

60 1871 292 1926 πάμφωτον
319 1876 417 1917 dixit
444 1880 599 1919 Auctor
623 1880 819 1920 Actorum
840 1883 885 1921 S.
907 1882 1022 1923 Eliae
1043 1886 1209 1925 iunioris
1236 1900 1278 1939 p.
1307 1885 1426 1940 ¹94*
1453 1883 1494 1926 οῖ

60 1925 140 1976 μὲν
166 1926 374 1982 κανδήλαν
401 1929 632 1987 πάμφωτον
673 1932 812 1987 ἔλεγον
839 1936 1008 1986 βλέπειν
1035 1937 1139 1991 ὑπὲρ
1167 1940 1238 1993 τῆς
1265 1938 1397 1979 αὐτοῦ
1425 1954 1493 1978 κε-

61 1981 199 2033 φαλῆς
225 1979 467 2034 λα’μπουσαν
482 2018 494 2037 ,
530 1990 710 2030 lucernae
746 2006 902 2045 scapum
938 1995 1066 2033 multis
1099 1995 1191 2034 inde
1214 1995 1494 2049 prodeuntibus

59 2035 267 2076 lucernalis
287 2040 525 2091 amuletum,
555 2047 731 2084 omnibus
765 2047 987 2087 ardentibus
1004 2058 1043 2088 et
1062 2050 1183 2088 lucem
1212 2051 1490 2105 spargentibus-

169 2102 215 2140 C.
240 2103 276 2143 3.
303 2104 418 2158 [580,
439 2107 492 2162 7.]
522 2109 861 2163 Πενταπυργίου.
922 2114 1032 2164 Quid
1070 2115 1380 2169 Pentaprrgium
1402 2115 1491 2154 fue-

58 2155 112 2194 rit
129 2184 141 2204 ,
170 2157 283 2197 cuius
310 2174 390 2199 non
417 2162 643 2216 infrequens
668 2166 811 2206 Nostro
836 2175 875 2208 et
892 2169 981 2209 aliis
1008 2171 1156 2209 mentio
1185 2170 1254 2220 fit,
1284 2184 1365 2208 non
1394 2184 1490 2208 con-

57 2217 151 2248 stat.
207 2212 275 2251 Du
303 2214 437 2269 Gange
465 2218 563 2257 CPli
590 2219 686 2259 Chr.
715 2236 756 2274 p.
784 2222 873 2263 128.
905 2231 1034 2276 putat,
1064 2225 1287 2263 aedificium
1314 2225 1490 2279 quinque

57 2265 237 2305 turribus
264 2276 445 2310 constans
470 2278 511 2310 et
538 2281 691 2325 partem
718 2275 855 2330 palatii
883 2279 1127 2332 Magnaurae
1153 2279 1285 2318 fuisse.
1349 2279 1489 2331 Neque

60 2318 230 2359 dubium
252 2331 326 2374 est,
353 2329 656 2379 pentapyrgium
672 2331 714 2368 in
733 2332 953 2385 Magnaura
979 2333 1185 2372 conditum
1214 2348 1238 2372 a
1263 2333 1489 2385 Theophila

56 2373 158 2427 Imp.
199 2376 332 2426 fuisse,
377 2381 611 2422 testantibus
648 2383 690 2424 id
719 2384 899 2425 Cedreno
930 2401 971 2440 p.
995 2387 1090 2427 515.
1124 2388 1169 2427 C.
1201 2387 1241 2428 5.
1281 2395 1319 2427 et
1354 2389 1489 2428 Leone

58 2428 327 2472 Grammatico
356 2448 397 2486 p.
429 2434 523 2485 450.
543 2436 591 2474 Β.
614 2438 684 2488 5.,
712 2453 812 2491 quos
842 2440 910 2480 Du
946 2441 1078 2493 Gange
1113 2441 1167 2480 ibi
1212 2443 1362 2482 citavit.
1404 2444 1490 2482 Ve-

58 2495 149 2523 rum
165 2493 302 2526 nostro
326 2488 401 2528 hoe
429 2489 467 2529 in
495 2489 599 2541 loco,
625 2506 667 2544 p.
682 2491 750 2543 42.
771 2494 826 2532 D.
845 2494 885 2537 6.
924 2502 964 2534 et
991 2496 1095 2534 infra
1122 2495 1385 2551 Cletorologio
1416 2512 1487 2550 ap·-

55 2545 170 2588 paret
184 2567 197 2590 ‚
247 2541 557 2598 Pentapyrgium
597 2560 678 2587 nou
706 2547 952 2600 aedificium,
990 2550 1059 2589 sed
1087 2558 1273 2590 ornatum
1297 2551 1486 2592 mobilem

57 2590 196 2652 fuisse,
224 2598 293 2648 qui
344 2613 425 2637 non
464 2599 593 2639 solum
620 2601 662 2639 in
704 2602 924 2655 Magnaura
942 2634 953 2651 ,
993 2604 1062 2643 sed
1098 2607 1215 2644 etiam
1242 2608 1285 2645 in
1310 2606 1485 2661 Chryso-

53 2645 227 2686 triclinio
254 2650 416 2701 fuisset,
446 2655 516 2707 qui
543 2669 613 2708 per
640 2655 723 2695 dies
763 2657 933 2696 maxime
959 2657 1138 2699 solennes
1172 2668 1390 2713 spectatum
1417 2676 1486 2702 ex·

54 2709 279 2757 poneretur.
336 2707 402 2750 Sic
439 2710 544 2751 enim
573 2709 723 2755 habent
760 2711 1016 2768 Cletorologii
1044 2712 1073 2758 l·
1102 2713 1132 2758 l.
1164 2716 1311 2759 verba:
1339 2713 1413 2758 ἐπὶ
1437 2716 1484 2763 δὲ
