1884 3132
337 158 450 214 826
630 177 702 219 ιο.
737 177 842 220 1Ac.
882 180 1077 221 Rfflsxu
1117 179 1496 225 connmNTARn

334 280 498 320 drianus
527 281 561 320 1.
590 282 631 320 in
661 283 826 335 epistola
853 283 904 322 ad
933 283 1123 324 Carolum
1152 286 1210 328 M.
1240 287 1386 339 scripta
1413 287 1607 340 significat
1635 286 1784 329 Archi-

333 351 437 383 sum,
455 338 783 378 Beneventanum
811 339 971 388 ducem,
1002 339 1054 378 ab
1076 341 1323 393 Imperatore
1336 344 1493 382 Graeco
1521 345 1682 396 petiisse
1707 359 1780 384 αιι-

333 393 479 430 xilium
512 402 550 431 et
576 394 761 432 honorem
778 396 1013 448 patriczatus
1033 410 1112 434 ιιηα
1142 410 1232 435 eum
1260 397 1403 436 ducatu
1426 397 1690 453 Neapolitano
1715 400 1784 438 sub

333 448 568 500 integritate.
626 449 711 488 Pro
731 464 811 504 qua
834 465 876 488 re
902 450 1124 503 pollicitum
1147 450 1262 490 illum
1289 452 1407 491 fuisse
1433 462 1516 492 tam
1546 454 1588 493 in
1610 463 1782 502 tonsam,

333 517 450 557 qnam
473 504 515 542 in
538 505 704 542 vestibus
721 505 962 544 Graecorum
980 521 1049 544 usn
1064 507 1238 560 perfrui,
1259 508 1328 546 sub
1344 508 1513 547 eiusdem
1526 509 1785 564 Imperatoris

334 557 486 597 ditione
525 557 587 612 [id
610 566 669 598 est
696 560 971 599 iurisdictione
988 569 1027 600 et
1056 563 1317 608 auctoritate,
1348 569 1541 616 tanquam
1568 563 1781 619 vasallus}

334 613 452 652 Haec
473 614 635 653 audiens
663 625 790 655 autem
822 616 1072 671 Imperator,
1094 616 1206 656 addit
1222 647 1234 665 ‚
1263 619 1392 656 emisit
1409 619 1476 657 illi
1494 633 1581 658 suos
1608 620 1754 672 legatos
1767 650 1779 667 ‚

333 670 479 708 scilieet
513 671 734 724 spatharios
772 671 869 710 duos
885 701 897 721 ‚
941 673 984 710 in
1032 671 1222 712 ditionem
1255 672 1419 712 Siclliae
1434 703 1446 724 ‚
1494 674 1553 712 ad
1569 675 1782 729 palricizmz

333 739 424 763 eum
462 726 770 765 constitzoenclum
785 756 796 776 ‚
829 727 1010 778 fetentes
1039 742 1163 766 secum
1199 737 1320 766 vestes
1357 743 1455 767 cmm
1497 738 1628 768 teoetas
1665 730 1787 768 simul

333 788 372 818 ec
395 781 574 834 spatham
600 782 667 819 vel
678 783 872 836 pectinem
899 791 947 833 et²
950 783 1146 837 forcipes,
1188 784 1285 822 sicut
1313 784 1377 822 illi
1393 784 1618 838 praedtbtus
1636 784 1783 824 Archi-

333 851 396 874 szcs
421 837 539 874 indui
562 845 599 874 et
621 837 776 875 tonderi
798 839 1051 892 promiserat.
1112 838 1230 877 Patet.
1255 838 1365 889 hinc,
1396 846 1546 878 vestem
1578 840 1629 878 ab
1659 838 1787 879 altero

334 890 470 930 datam
512 898 581 930 aut
613 893 773 930 missam
803 892 969 931 induere
1022 893 1143 932 fuisse
1185 895 1357 947 speciem
1401 895 1563 948 quidem
1592 895 1781 942 honoris,

335 947 403 985 sed
434 961 573 985 revera
599 947 885 1000 professionem
914 947 1179 999 humilitatis,
1211 949 1465 989 subiectionis
1493 957 1533 989 et
1561 948 1783 989 clientelae.

339 1001 525 1040 Vasallus
566 1002 730 1041 domino
767 1003 887 1041 fidem
924 1003 1138 1042 condicens
1175 1004 1347 1043 debebat
1385 1005 1546 1044 missam
1571 1019 1595 1044 a
1620 1005 1785 1044 domino

334 1064 486 1095 vestem
516 1057 706 1105 induere,
753 1065 791 1096 et
820 1065 864 1096 ut
894 1060 977 1111 ipse
1005 1058 1209 1098 induendo
1237 1059 1499 1112 profitebatur
1527 1074 1568 1100 se
1597 1060 1783 1100 clientem

335 1114 421 1151 eius
450 1126 562 1158 esse,
609 1127 632 1151 a
663 1127 744 1166 quo
775 1120 927 1151 vestem
956 1115 1193 1166 accepisset,
1222 1116 1278 1153 ita
1308 1114 1409 1154 dans
1437 1122 1507 1154 aut
1551 1116 1712 1155 mittens
1736 1129 1787 1155 eo

334 1167 421 1220 ipso
461 1167 723 1221 profitebatur
740 1197 752 1218 ,
796 1182 839 1207 se
865 1167 980 1207 illum
995 1197 1008 1217 ,
1054 1170 1119 1207 cui
1158 1176 1309 1208 vestem
1337 1170 1452 1209 daret
1478 1177 1548 1209 aut
1576 1171 1753 1210 mitteret
1770 1200 1783 1221 ‚

334 1223 376 1260 in
415 1222 608 1262 familiam
659 1224 935 1262 ministrorum
984 1223 1333 1278 vasallorumque,
1380 1225 1422 1264 id
1463 1232 1524 1264 est
1562 1227 1782 1273 comitum,

334 1278 511 1330 recipere
528 1308 539 1327 ‚
583 1293 657 1331 pro
701 1279 882 1318 ministro
912 1285 951 1318 et
988 1279 1134 1318 comite
1161 1293 1234 1318 suo
1268 1279 1339 1320 tali
1377 1287 1417 1319 et
1444 1279 1517 1320 tali
1554 1282 1784 1334 provinciae

336 1332 676 1386 sollicitudinique
717 1334 914 1388 praefecto
955 1348 1182 1387 agnoscere.
1230 1334 1330 1374 Inde
1372 1342 1512 1375 natum
1538 1335 1783 1376 vocabulum

336 1389 533 1428 investire.
592 1391 681 1429 Mos
726 1396 874 1428 vestem
905 1390 943 1428 in
974 1391 1133 1442 signum
1161 1397 1244 1428 tam
1272 1390 1460 1441 honoris,
1490 1405 1614 1445 quam
1641 1390 1782 1430 homa-

337 1443 390 1496 gii
419 1443 601 1484 mittendi
631 1444 708 1484 illis
730 1475 741 1495 ‚
770 1446 840 1498 qui
866 1446 906 1483 in
935 1459 1100 1484 munere
1127 1445 1302 1498 quodam
1331 1453 1402 1485 aut
1429 1447 1605 1499 primum
1633 1447 1783 1486 consti-

338 1505 525 1547 tuuntur,
554 1507 625 1539 aut
664 1501 952 1539 confirmantur
980 1508 1019 1539 et
1046 1502 1282 1540 continuare
1312 1501 1526 1554 iubentur,
1549 1501 1681 1540 adhuc
1707 1501 1783 1541 ob·

337 1555 439 1594 tinet
465 1555 572 1608 apud
602 1555 760 1595 Turcas
795 1563 835 1595 et
862 1556 1004 1595 Persas
1022 1586 1032 1602 ‚
1074 1562 1120 1594 ut
1149 1570 1171 1595 e
1199 1555 1303 1595 della
1336 1554 1471 1604 Valle,
1517 1555 1714 1596 Busbekio
1743 1563 1785 1596 et

337 1608 427 1649 aliis
444 1611 748 1650 Itineratoribus
773 1618 940 1651 constat.
969 1611 1022 1649 V.
1053 1611 1159 1650 dicta
1186 1611 1238 1650 ad
1265 1625 1303 1664 p.
1324 1611 1417 1666 367.
1433 1611 1544 1652 A.3.
1575 1613 1638 1651 De
1652 1611 1784 1651 modis

337 1666 458 1704 variis
487 1667 745 1716 investiendi,
778 1674 823 1705 ut
853 1681 923 1720 per
951 1665 1118 1718 pileum,
1149 1665 1362 1719 scyphum,
1400 1675 1626 1720 sceptrum,
1658 1681 1783 1708 evan-

337 1721 512 1773 gelium,
538 1736 665 1772 veru,
696 1722 870 1761 cultrum
890 1751 902 1770 ,
937 1722 1156 1772 festucam,
1186 1735 1413 1774 wasonem,
1444 1722 1633 1761 vexillum
1652 1752 1663 1769 ,
1696 1721 1782 1775 gla-

337 1777 449 1815 dium
470 1806 482 1826 ‚
522 1777 701 1823 hastam,
743 1776 939 1830 lapidem,
986 1777 1134 1815 librum
1164 1777 1364 1816 missalem
1383 1807 1394 1825 ‚
1425 1777 1780 1831 martyrologium,

338 1831 506 1870 linteum
524 1862 536 1881 ‚
566 1833 777 1882 denarios,
821 1832 1174 1886 eleemosynariam
1204 1846 1275 1871 seu
1314 1834 1588 1886 marsupium,
1632 1831 1782 1871 floccil-

339 1886 423 1926 lum
454 1887 710 1941 capillorum,
743 1889 970 1940 corrigiam,
999 1895 1038 1926 et
1068 1901 1331 1941 quaecunque
1359 1887 1523 1927 tandem
1552 1887 1604 1926 ad
1639 1901 1786 1927 manus

339 1950 470 1981 essent
489 1973 501 1993 ,
530 1943 580 1982 de
607 1943 669 1982 his
697 1942 884 1981 omnihus
912 1943 999 1981 fuse
1026 1944 1094 1981 Du
1123 1943 1258 1995 Gange
1286 1942 1414 1984 Gloss.
1442 1944 1532 1982 Lat.
1576 1957 1615 1982 v.
1658 1942 1783 1981 Inve-

337 1999 431 2036 slire
459 1999 553 2051 egit.
614 1998 718 2037 Sunt
746 2012 867 2050 porro
897 2000 1141 2037 ‹uwtoricates
1177 1998 1412 2052 plerumque
1443 1999 1606 2051 quidem
1639 1998 1782 2038 rescri-

338 2060 407 2105 pta
435 2054 658 2107 principum
677 2083 688 2104 ‚
718 2054 905 2092 mandata
945 2053 1085 2092 litteris
1116 2054 1364 2105 consignata,
1394 2067 1436 2092 v.
1465 2054 1531 2093 Du
1555 2054 1690 2107 Gange
1715 2051 1782 2092 Gl.

339 2109 429 2147 Lat.
462 2109 503 2147 h.
524 2123 564 2147 v.
582 2138 593 2158 ,
623 2116 720 2163 puto
748 2116 882 2147 tamen
918 2109 1119 2147 interdum
1151 2122 1311 2161 quoque
1332 2107 1473 2159 effata,
1505 2108 1655 2162 elogia,
1688 2121 1784 2146 ora-

339 2162 392 2202 lia
424 2171 632 2217 praecepta
663 2178 760 2203 esse.
817 2165 880 2202 De
922 2177 1019 2202 voce
1055 2164 1220 2214 elogium
1251 2178 1290 2202 v.
1329 2164 1380 2202 ad
1427 2163 1565 2203 Amm.
1597 2161 1779 2202 Marcell.

339 2232 381 2271 p.
407 2232 470 2273 ¹9·
510 2217 595 2259 Διὰ
617 2214 760 2270 λόγου,
782 2233 858 2273 per
882 2219 1044 2258 verbnm
1064 2248 1076 2268 ‚
1104 2219 1285 2257 redditur
1311 2220 1352 2256 in
1374 2220 1497 2258 veteri
1527 2218 1665 2256 charta
1693 2219 1784 2256 Gu-

340 2274 513 2323 aimarii,
544 2275 737 2327 principis
757 2274 1013 2320 Salernitani,
1055 2274 1162 2326 apud
1176 2274 1328 2312 Murat.
1361 2274 1414 2312 Τ.
1446 2274 1476 2314 1.
1495 2273 1595 2312 Ant.
1627 2271 1716 2310 Ital.
1735 2286 1777 2324 p.

346 2328 460 2379 181„
489 2329 560 2368 ubi
581 2331 798 2382 opponitur
818 2330 1045 2368 mandatam
1075 2343 1151 2383 per
1176 2329 1339 2367 verbum
1372 2336 1411 2367 et
1439 2322 1782 2379 χρυσοβούλλιον.

340 2382 517 2423 Declaro
552 2399 621 2437 ego
635 2414 647 2433 ‚
692 2384 747 2423 ait
767 2413 778 2434 ,
816 2383 1076 2423 lVaimarius
1107 2385 1290 2438 princeps
1329 2392 1366 2422 et
1404 2383 1622 2438 imperialis
1649 2381 1781 2436 paeri-

340 2440 421 2478 cius
435 2469 447 2486 ,
478 2442 571 2494 qula
595 2453 810 2479 concessum
849 2448 903 2477 est
934 2441 1033 2477 milii
1074 2453 1101 2477 a
1131 2439 1379 2477 sanctissimas
1409 2447 1448 2477 et
1475 2438 1662 2492 piissimis·
1691 2435 1780 2473 Im-

336 2495 581 2547 per-acoribus
614 2495 743 2533 Leone
787 2503 823 2532 et
861 2494 1100 2532 Alexandro
1135 2508 1212 2547 per
1244 2494 1407 2532 verbum
1451 2502 1488 2531 et
1501 2491 1778 2548 firmlksimum

335 2559 589 2603 praeceptum
633 2550 743 2588 bulla
783 2564 902 2588 aurea
943 2550 1176 2600 sigillatzmu
1227 2548 1268 2586 id
1303 2555 1361 2587 est
1402 2555 1486 2586 tam
1519 2542 1588 2586 διὰ
1626 2540 1747 2594 λόγου
1763 2574 1774 2591 ‚

342 2605 465 2643 edicto
509 2605 691 2652 verbali,
730 2605 838 2657 quod
879 2604 929 2650 ad
967 2618 1030 2642 me
1060 2603 1196 2642 retulit
1226 2603 1500 2656 apocrisiarius
1535 2599 1774 2652 imperialis,

343 2671 463 2710 quam
502 2661 647 2712 scripto
687 2660 890 2698 mandato.
949 2659 1249 2697 Testamentum
1288 2658 1330 2696 S.
1365 2656 1562 2703 Caesarii,
1605 2655 1778 2708 episcopi

344 2713 615 2753 Arelatensis:
672 2717 706 2752 si
742 2716 806 2752 eui
844 2714 1000 2768 aliquid
1020 2728 1096 2768 per
1131 2713 1334 2766 epistolam
1373 2719 1440 2749 aut
1470 2724 1548 2763 per
1571 2710 1776 2763 pittacium

343 2776 413 2806 auc
446 2769 563 2807 verbo
579 2797 590 2815 ,
634 2771 794 2821 pietatis
822 2770 962 2809 intuitu
980 2799 990 2818 ,
1029 2769 1174 2808 concidi
1186 2798 1196 2816 ‚
1233 2767 1365 2806 valere
1393 2765 1500 2805 volo.
1557 2765 1776 2818 Distinguit
