1884 3132
208 154 282 197 An
321 122 616 198 oONs'rANT.
653 152 850 196 PORPH.
889 154 960 194 m:
992 152 1171 195 cmm.
1209 153 1307 193 Lm.
1349 154 1400 192 ιι.
1446 151 1555 207 779

131 270 175 309 p·-
196 255 263 295 38.
291 270 331 299 n.
350 256 393 296 δ.
421 263 461 296 et
486 255 553 308 44.
586 270 629 295 n.
666 270 729 311 19.
785 256 963 296 Iudicem
989 255 1152 294 navium
1181 252 1444 306 imperialium
1465 253 1557 292 dro-

134 310 406 350 madariarum
425 318 616 350 memorat
632 312 836 351 Constant.
861 310 1014 364 Porph.
1033 310 1082 348 de
1095 308 1406 348 administrando
1435 310 1558 361 impe-

132 366 194 404 rio
235 379 274 418 p.
308 364 395 417 140.
457 368 479 391 ¹⁸
504 363 954 417 Σπαθαροκανδιδάτος
994 361 1065 403 καί
1099 360 1243 416 κριτὴς
1278 364 1423 416 Script.
1470 369 1559 415 post

131 418 318 473 Theoph.
347 434 390 473 p.
422 418 559 474 2944*
614 420 806 470 Dubium,
836 419 965 473 qualis
994 414 1138 472 κριτής
1164 417 1229 457 hic
1259 418 1379 457 fuerit
1396 447 1407 468 ‚
1434 431 1559 471 quum

134 486 360 527 expressum
387 487 469 512 non
497 476 562 513 sit.

239 529 291 568 D.
325 527 364 568 5.
394 527 510 582 [657‚
539 526 620 582 17.]
652 523 845 581 Χρὴπου.
905 527 952 566 Id
988 535 1046 566 est
1081 527 1222 580 Euripi
1261 526 1325 566 vel
1352 526 1555 567 Euboeae.

131 582 280 623 Natum
319 582 361 621 id
397 583 449 622 ab
475 583 688 622 Arabibus.
747 583 798 621 Hi
836 596 962 636 quum
991 583 1232 621 Graecorum
1268 583 1558 634 pronuntiatio-

128 651 222 676 nem
265 637 430 693 Esrl'pos
468 639 508 676 in
557 652 649 676 suos
696 636 818 676 libros
862 639 1108 690 reciperent,
1157 636 1384 676 scribebant
1429 639 1558 690 primo

128 695 343 758 wfflffli.
400 703 556 742 Deinde
584 709 792 756 sequentes
809 733 822 754 ‚
850 704 920 756 qui
964 703 1003 741 in
1030 717 1128 742 voce
1155 705 1386 756 praesertim
1413 702 1558 742 barba-

129 782 176 808 ra
192 769 404 808 discrimen
430 769 535 809 inter
561 768 711 807 litteras
738 783 863 822 paene
890 768 1036 807 similes
1062 767 1091 801 ἑ
1136 775 1175 807 et
1212 767 1236 801 ἑ
1264 782 1345 807 non
1374 782 1559 822 agnosce-

128 833 251 882 bant,
290 832 505 880 efferebant
531 841 571 874 et
597 834 822 873 scribebant
847 825 1063 887 wfflsfidss
1100 835 1294 889 Egmjnzoe,
1323 833 1432 872 unde
1470 841 1559 872 tau-

130 888 223 927 dem
250 890 473 941 corruptius
504 883 691 942 Χρήπος,
711 889 877 944 Clu-ipus
903 895 942 927 et
969 889 1214 944 Negroponte
1240 889 1431 927 fecerunt.
1463 889 1559 928 Pari

128 942 249 982 modo
276 950 542 996 corruperunt
557 943 712 982 Arabes
741 943 784 982 in
812 957 993 982 sermone
1020 959 1092 982 suo
1121 946 1312 983 Graecam
1340 957 1478 982 vocem
1490 959 1559 996 ge-

128 1009 335 1063 ographia.
391 1009 525 1059 Quam
551 1023 676 1063 quum
702 1010 853 1062 priores
879 1017 986 1048 recte
1013 1016 1219 1048 exararent
1257 1000 1420 1062 [ῃὲᾒὼ
1459 1009 1558 1048 Gia-

125 1073 281 1129 ςηῃῖα,
321 1075 558 1127 posteriores
597 1075 691 1114 inde
718 1075 934 1114 effecerunt
972 1066 1151 1128 ῳῇ»,
1192 1074 1408 1129 qufrafia.
1464 1074 1557 1113 ’Vel

128 1130 248 1169 etiam
278 1127 330 1168 ab
357 1129 449 1182 ipsis
476 1129 636 1168 Graecis
668 1129 744 1168 hoc
773 1137 831 1169 est
858 1130 1089 1182 petendum,
1119 1131 1188 1182 qui
1216 1144 1242 1168 v
1271 1136 1311 1168 et
1348 1142 1373 1181 y
1396 1143 1557 1182 permu-

122 1189 229 1223 tant.
281 1183 363 1222 Pro
389 1182 573 1237 Εὕρύιος
600 1184 783 1223 dixerunt
810 1183 958 1236 υρίπος
986 1191 1025 1223 et
1050 1199 1122 1237 pro
1149 1184 1227 1223 hoc
1247 1183 1389 1236 γρίπος
1410 1191 1449 1222 et
1468 1192 1559 1223 tan-

126 1237 220 1277 dem
249 1237 427 1290 Χρίπος.
485 1239 546 1276 Ita
574 1237 808 1278 εὐλύτωσον
837 1239 921 1286 (vel
949 1234 1225 1291 ειῖλύτρωσον)
1259 1253 1332 1291 pro
1358 1234 1558 1290 ἐκλύτρω-

126 1305 213 1341 σον,
233 1287 421 1340 ἕκλυσον,
450 1293 622 1342 exsolve,
651 1299 710 1331 est
737 1293 842 1346 apud
859 1292 998 1332 Malal.
1026 1295 1077 1332 T.
1097 1295 1150 1332 ll.
1180 1309 1221 1346 p.
1243 1293 1312 1347 95.
1334 1293 1439 1331 med.
1457 1294 1556 1332 Per-

128 1359 244 1398 saepe
270 1347 444 1385 occurrit
469 1345 716 1398 διευκρίνειν
742 1362 817 1400 pro
845 1345 1115 1399 titsxxpt'11stv3
1171 1341 1368 1400 εὔπετρος
1394 1362 1466 1399 pro
1494 1345 1557 1386 ἔκ-

128 1413 300 1452 πετρος,
339 1414 362 1438 e
388 1399 522 1455 lapide
537 1402 722 1452 factum,
751 1409 809 1440 est
840 1404 879 1439 in
908 1402 1078 1441 Anthol.
1107 1417 1147 1455 p.
1167 1401 1263 1452 438.
1292 1416 1332 1440 n.
1362 1402 1480 1440 2580.
1511 1402 1554 1442 8.

128 1453 191 1493 lta
219 1453 315 1493 alibi
343 1454 576 1503 observavi,
607 1469 746 1493 vocem
768 1453 932 1506 εὐλογία
959 1457 1065 1508 apud
1078 1458 1274 1495 Graecum
1301 1457 1557 1508 interpretem

126 1508 270 1548 Rbasis
297 1522 378 1548 esse
406 1511 574 1562 positam
600 1524 674 1562 pro
700 1509 924 1562 ἐκφλογάι;
952 1512 1123 1564 positum
1151 1524 1293 1563 nempe
1320 1508 1369 1548 εὖ
1390 1510 1463 1549 fuit
1482 1525 1556 1563 pro

125 1561 198 1613 ἐκ,
226 1571 266 1602 et
291 1563 345 1602 ob
372 1578 608 1604 concursum
635 1565 806 1602 duarum
832 1564 1053 1603 litterarum
1082 1580 1107 1604 v
1135 1573 1173 1604 et
1200 1579 1231 1617 φ
1250 1595 1262 1614 ,
1294 1578 1393 1617 quas
1413 1566 1556 1604 Graeci

125 1631 253 1671 paene
281 1618 419 1657 eodem
445 1619 564 1658 modo
593 1618 788 1670 efferunt,
816 1620 960 1659 omissa
987 1620 1062 1659 fuit
1087 1634 1190 1668 una,
1221 1633 1252 1673 φ
1269 1649 1280 1667 ,
1310 1619 1403 1659 hinc
1420 1627 1556 1659 uatum

127 1670 294 1722 εὐλογία
322 1687 395 1725 pro
426 1671 638 1726 ἐκφλογιά.

210 1725 306 1766 380.
339 1727 393 1765 A.
420 1727 464 1767 6.
495 1727 609 1782 [658,
628 1727 689 1782 4]
734 1725 838 1767 κατὰ
863 1723 1034 1779 πλήρης.
1093 1729 1154 1767 Ita
1190 1729 1332 1782 passim
1370 1728 1557 1768 librarius

125 1792 202 1833 pro
231 1778 474 1834 καταπλήρη
489 1812 502 1832 ,
531 1788 578 1820 ut
605 1778 854 1822 κατάπλεων.
907 1783 1034 1835 Saepe
1061 1779 1165 1821 κατὰ
1206 1785 1246 1823 in
1275 1785 1556 1837 compositione

123 1836 399 1888 persta-tionem
436 1843 476 1874 et
506 1837 792 1890 plenimdinem
828 1844 940 1876 notat
954 1865 966 1888 ‚
1011 1844 1051 1876 et
1078 1845 1124 1876 ut
1150 1839 1205 1876 ita
1229 1838 1359 1879 dicam
1385 1840 1556 1878 totalita-

127 1897 231 1939 tem3
260 1903 302 1928 v.
329 1890 381 1928 ad
409 1904 450 1942 p.
482 1904 576 1944 27⁰·
604 1891 652 1930 C.
674 1892 717 1931 6.

127 1991 178 2035 λ,
236 1943 290 1982 A.
322 1943 362 1984 6.
400 1943 515 1999 [658,
545 1944 604 1999 5.]
641 1942 906 1999 ὠσχολιὶριοι.
966 1945 1026 1985 lta
1063 1947 1122 1986 M.
1162 1946 1240 1986 Sed
1276 1947 1352 2002 leg.
1382 1945 1422 1986 οἷ
1458 1962 1555 2000 σχο-

208 2010 277 2037 ιοι.

153 2010 203 2050 “Q
237 2051 290 2090 A.
313 2051 355 2092 8.
386 2051 502 2107 [658,
519 2052 581 2106 6.]
610 2052 801 2100 ἐλλιπεῖς.
861 2054 1065 2103 Cominio,
1097 2054 1280 2095 dictionis
1317 2056 1436 2095 huius
1463 2072 1554 2096 sen-

127 2118 216 2145 sum
242 2120 326 2145 esse
350 2109 419 2162 qui
445 2117 574 2148 antem
602 2123 738 2161 rogam
770 2123 847 2147 non
878 2110 1096 2163 acceperint
1131 2117 1199 2148 aut
1234 2125 1312 2149 non
1344 2113 1552 2166 accipiant.

236 2160 291 2200 A.
326 2175 386 2200 10.
413 2162 527 2216 [658,
549 2162 607 2217 7.]
637 2163 837 2208 ἐκθέσεως
864 2163 947 2202 τῶν
973 2161 1320 2215 μονοπροσιόπων.
1379 2167 1553 2206 Videtur

129 2226 212 2252 esse
242 2214 358 2254 index
390 2230 552 2268 eorum,
597 2218 666 2270 qui
705 2216 778 2256 soli
805 2231 877 2270 pro
904 2231 968 2266 se,
998 2231 1078 2255 non
1108 2219 1321 2258 combinati
1349 2234 1440 2258 cum
1467 2221 1554 2260 aliis

127 2262 283 2306 σύνδυο
323 2276 393 2308 aut
427 2275 640 2324 συντρεΐς,
682 2272 750 2311 scd
786 2273 947 2310 seorsim
990 2272 1181 2324 militant,
1225 2281 1264 2312 et
1290 2282 1387 2327 quot
1414 2289 1553 2315 eorum

128 2322 294 2375 quisque
322 2338 445 2377 equos
473 2327 512 2363 in
540 2325 721 2364 militiam
749 2333 947 2378 praestare
977 2326 1131 2365 debeat.

236 2377 291 2416 A.
316 2378 391 2418 ult.
430 2378 544 2433 [658‚
566 2378 645 2433 10.]
675 2380 842 2433 κριθοῦ.
895 2380 970 2419 Vel
990 2383 1120 2434 potius
1148 2382 1385 2434 κριθαρίου.
1430 2385 1552 2423 Mem-

528 2438 556 2467 θ·

125 2473 275 2515 branae
302 2477 451 2517 dabant
469 2493 537 2531 κρι
589 2493 661 2530 per
693 2479 984 2532 compendium.

240 2532 283 2571 B.
314 2546 355 2572 2.
387 2533 498 2586 [658,
525 2532 606 2585 11.]
635 2534 911 2583 παξαματιόυ.
970 2535 1023 2573 V.
1053 2535 1320 2591 Lindenbrog.
1351 2546 1390 2577 et
1412 2539 1546 2579 vales.

129 2584 179 2622 ad
211 2584 348 2626 Amm.
380 2587 558 2635 Marcell.
585 2602 626 2640 p.
660 2588 748 2627 185.
783 2587 823 2627 B.

235 2639 281 2678 B.
309 2641 352 2680 6.
382 2641 497 2695 [658‚
537 2640 617 2694 14.]
659 2638 759 2692 ἔχει.
806 2643 875 2689 >ld
916 2650 973 2681 est
1009 2638 1098 2697 ἔχῃ.
1168 2644 1233 2684 Sic
1272 2661 1410 2700 nempe
1450 2649 1548 2687 solet

128 2689 312 2732 librarius
348 2705 496 2736 noster.
565 2696 881 2749 Subintelligitur
927 2705 1078 2747 autem,
1124 2713 1146 2737 e
1181 2699 1433 2753 sequentibus
1466 2703 1547 2743 huc

126 2745 338 2795 trahendus
355 2778 367 2801 ,
411 2752 706 2805 protonotarius
732 2751 1034 2791 Thracesiorum
1061 2753 1254 2793 thematis.
